2288 3600
217 149 318 198 272

284 261 478 310 Ἐρείπω
511 259 621 307 [Curt.
655 261 707 293 Et.
737 271 770 302 p.
801 257 868 292 315
894 260 947 291 ed.
974 255 1012 302 2]
1050 261 1232 299 prosterno.

994 134 1004 154 ⁵
1015 136 1200 208 Ερείπω
1224 169 1289 176 -
1315 132 1501 206 Ἐρινύς

1979 141 2012 192 [ι
2028 157 2063 190 p.
2075 127 2281 181 avr-6791

1274 258 1367 289 vium
1391 256 1530 294 Herm.;
1572 259 1605 286 at
1630 255 1687 286 ille
1711 250 1926 300 αὐτόχθονας
1949 253 2054 295 idque
2078 256 2181 285 recte.
2253 256 2263 280 Ι

214 314 373 345 Activum
391 303 666 342 tralate‘dictum.
711 305 786 341 ἀλλ’
811 305 936 354 ἐρείπει
961 302 1052 338 θεῶν
1077 315 1128 342 τις
1145 302 1237 347 (Λα-
1272 304 1468 336 formatione
1488 313 1518 334 v.
1542 303 1771 342 Angermann.
1793 302 1828 332 in
1848 300 1940 333 Ourt.
1963 300 2020 332 Gr.
2042 299 2140 333 Stud.
2163 296 2195 340 1,
2238 295 2282 332 2:

217 356 381 405 βόακιόᾶν
399 357 512 404 γένος)
531 360 612 389 Ant.
635 352 703 387 596
721 356 772 388 ch.
809 355 984 387 Passivum
1002 353 1169 394 propriam
1187 353 1238 384 di-

217 408 361 439 ctionem
380 406 490 438 habet.
530 403 564 437 ἐν
583 398 611 435 δ’
629 401 789 449 ἐρειπίοις
807 405 937 447 νεκρῶν
956 398 1126 447 ἐρειφθεὶς
1143 397 1237 438 ἕζετο

217 455 272 486 Ai.
295 450 374 485 309.
419 449 593 499 [ἐρεφθείς
620 451 678 482 LA
706 460 757 492 pr.
785 460 837 495 γρ.
860 443 1022 494 ἐρεισθείς
1048 449 1088 479 ab
1107 447 1150 487 S,
1179 447 1239 488 qui

218 503 326 542 primo
359 501 537 541 scripserat
569 507 623 545 γρ.
654 494 799 543 ἐρισθείς
826 498 884 529 sed
917 496 989 536 ipse
1017 491 1120 538 corr.]
1146 492 1238 540 ἐρρι-

218 546 318 595 φθείς
337 549 454 579 vitiose
482 547 567 579 Flor.
589 544 626 581 Γ.
657 546 750 578 Suid.
770 556 800 576 v.
823 541 994 590 ἐρειπίοις.
1023 553 1054 574 ν.
1078 542 1159 573 Lob.
1189 542 1238 572 De

220 599 333 627 ruente
358 596 484 626 tonitru
512 595 640 626 dictum
659 590 712 625 ’ίὸε
731 590 825 637 μάλα
843 589 950 637 μέγας
969 588 1138 635 ἐρείπεται
1154 585 1239 621 κτύ-

220 654 284 679 πος
309 639 441 688 ἄφατός
465 641 520 673 OG
550 639 639 673 1462
657 640 708 671 ch.
752 637 808 684 [οὐ
834 636 898 684 γὰρ
926 635 988 671 ἔσθ
1023 634 1116 669 ὅπως
1141 633 1239 669 πόλιν

219 688 336 734 κείνην
364 687 509 735 ἐρείψεις
525 689 580 721 OG
601 684 690 720 1373
718 696 834 727 magno
860 694 1024 717 consensu
1050 687 1126 725 post
1152 683 1240 714 Tur-

222 736 298 768 neb.
330 742 417 768 recte
450 737 562 768 editur
587 746 645 777 pro
671 733 743 780 ἐρεῖ
764 731 844 778 τις]
873 750 913 755 --
940 733 991 764 De
1018 733 1182 772 scriptura
1207 741 1236 761 v.

222 785 285 816 EM
304 794 336 825 p.
359 781 444 824 372,
469 780 528 815 28.
557 783 644 815 Gud.
667 793 699 823 p.
721 778 803 821 205,
826 777 881 813 32.
924 781 1026 811 Erant
1044 779 1154 818 enim,
1184 778 1243 818 qui

222 832 336 863 aoristi
361 829 486 876 ἤριπον
512 832 673 862 rationem
704 831 896 868 ignorantes
920 832 954 858 et
986 824 1120 872 ἐριπνός
1151 825 1243 856 adie—

223 880 352 910 ctivum
376 879 468 909 verbi
488 879 628 919 stirpem
653 881 817 918 ponentes
843 877 883 907 ab
909 885 958 920 ερι
981 879 1014 906 et
1041 875 1136 906 πνεῖν
1165 872 1242 903 duci

222 927 430 957 affirmarent
452 930 486 957 et
510 925 755 966 diphthongum
782 924 939 954 iuberent
964 921 1132 953 exsulare.
1178 919 1244 951 Sed

226 974 431 1005 Philoxenus
456 977 490 1004 et
509 973 720 1005 Herodianus
747 968 934 1016 παράδοσιν
952 969 1067 1001 testati
1085 968 1243 998 obtinue-

225 1025 324 1061 runt,
346 1029 389 1052 ne
406 1021 474 1052 illis
493 1020 741 1051 concederetur.

291 1072 303 1086 ”
315 1075 344 1113 E
355 1090 372 1125 ρ
380 1090 396 1111 ε
408 1091 417 1112 ι
429 1089 446 1111 σ
457 1091 481 1123 μ
492 1090 512 1111 α
520 1078 789 1119 fundamentum.
802 1073 1004 1123 χαλκόπους
1015 1072 1103 1115 ὁδός,
1119 1069 1244 1118 ἔρεισμ’

224 1122 385 1172 Ἀθηνῶν
404 1126 459 1158 OC
473 1123 530 1158 58.
561 1126 647 1157 Male
666 1126 710 1165 gl.
730 1125 815 1156 vict.
838 1121 992 1168 ἕδρασμα
1008 1120 1068 1155 καὶ
1083 1120 1245 1167 τείχισμα

224 1176 491 1216 interpretantur
519 1174 672 1214 quamvis
696 1173 857 1213 probante
884 1171 1031 1202 Hellero.
1085 1169 1151 1201 Sed
1176 1170 1246 1199 erat

227 1223 372 1254 colonus
404 1222 497 1253 collis
530 1231 589 1262 per
620 1221 828 1260 superiorem
854 1219 1062 1250 Athenarum
1095 1217 1245 1257 ipsarum

226 1274 355 1310 partem
373 1272 564 1310 porrectus,
593 1269 646 1299 cui
673 1277 749 1308 pars
776 1267 868 1297 urbis
894 1267 1124 1306 superstructa
1141 1266 1242 1301 esset,

230 1321 266 1348 ut
292 1321 381 1348 recte
410 1316 670 1356 fundamentum
701 1315 848 1353 dicatur,
887 1324 917 1344 v.
948 1313 1074 1352 Reisig.
1104 1311 1126 1342 l.
1156 1320 1184 1341 c.
1214 1314 1248 1340 et

231 1364 400 1403 Wyttenb.
430 1363 470 1395 ad
489 1363 552 1395 Iul.
574 1363 630 1395 Or.
652 1363 686 1393 in
707 1361 880 1393 Constant.
901 1370 934 1401 p.
960 1356 1025 1391 145
1044 1358 1173 1391 Schaes.

298 1429 345 1468 ’E
385 1432 515 1479 εμνός
540 1435 644 1473 m‘yer.
691 1430 832 1479 ἐρεμνὸν
859 1425 928 1476 αἷμ’
957 1428 1079 1463 ἐδευσα
1104 1429 1158 1460 Ai.
1181 1423 1249 1459 376

229 1492 274 1514 m.
311 1445 419 1526 μέλαν
445 1483 689 1522 interpretatus
714 1483 876 1511 memorat
902 1478 1000 1509 Eust.
1022 1487 1055 1518 p.
1078 1472 1166 1515 643,
1188 1471 1246 1506 45.

229 1530 282 1561 Ad
300 1529 453 1561 tralatam
470 1529 598 1560 obscuri
615 1532 650 1559 et
667 1526 865 1558 clandestini
882 1525 1161 1565 significationem
1181 1522 1250 1553 He-

230 1577 336 1617 sychii
362 1577 462 1607 verba
487 1576 681 1607 referuntur
707 1571 892 1620 ἐρεμνὴ,
923 1569 1101 1616 σκοτεινὴ,
1128 1570 1251 1610 quibus

230 1624 315 1657 illud
353 1625 540 1663 Antigones
582 1623 673 1662 tangi
715 1622 848 1652 videtur
886 1615 992 1653 τοιοίδ’
1024 1617 1151 1664 ἐρεμνὴ
1188 1609 1253 1662 σῖγ’

229 1717 325 1765 τεινή
337 1745 346 1760 ,
372 1715 521 1764 λαθραία
539 1727 612 1750 σου.

295 1769 349 1811 Ἐ
387 1774 516 1810 εσθαι
558 1778 771 1816 ἰηιιτννορανε.
831 1772 881 1819 μή
916 1770 949 1819 μ’
967 1772 1028 1820 ἔρη
1046 1770 1088 1805 τοὶ
1113 1767 1254 1803 πλείονα

234 1787 387 1857 Pam&
419 1823 499 1869 ἐροῦ
516 1822 553 1856 δὲ
569 1822 633 1869 τὴν
650 1821 797 1867 κυναγὸν
810 1815 973 1867 ’Ἄρτεμιν
992 1805 1043 1851 13¹1.
1064 1815 1145 1850 563.
1175 1816 1254 1864 ἐρου

235 1874 386 1914 legitima
402 1873 567 1913 scriptura
585 1872 682 1902 foret.
727 1866 864 1906 ὄλωλας
875 1895 884 1911 ,
913 1866 945 1901 εἴ
963 1877 999 1900 σε
1016 1859 1110 1900 ταῦτ’
1128 1863 1255 1910 ἐρήσο-

237 1931 298 1965 μαι
314 1917 416 1954 πάλιν
434 1919 492 1951 OR
511 1914 612 1950 1166.
636 1935 676 1941 —-
697 1918 769 1950 Non
795 1926 869 1948 esse
896 1915 1075 1947 dicendum
1102 1910 1252 1959 ἐρέσθαι,

236 1973 275 2000 ut
300 1968 398 2008 vulgo
423 1967 570 2006 faciunt,
600 1965 658 1997 sed
682 1961 839 2011 ἔρεσθαι,
868 1964 991 1995 diserto
1016 1962 1123 1993 scitur
1148 1961 1254 1992 Hero-

238 2015 328 2047 diani
347 2018 524 2056 praecepto
549 2013 638 2054 apud
655 2013 756 2044 schol.
779 2012 819 2043 Il.
839 2021 864 2043 π
881 2007 927 2042 47
946 2010 1035 2042 unde
1053 2018 1114 2040 sua
1130 2009 1254 2040 hause-

238 2066 319 2094 runt
335 2061 395 2094 EG
412 2071 446 2102 p.
467 2056 556 2101 486,
578 2057 626 2091 48
651 2064 685 2091 et
710 2060 807 2091 Eust.
837 2068 870 2100 p.
894 2054 996 2098 1045,
1016 2054 1050 2088 4.
1096 2056 1149 2088 Sic
1167 2059 1257 2087 recte

238 2110 382 2150 legimus
399 2118 452 2149 ap.
474 2108 620 2147 Hesych.
997 2102 1029 2147 (Ι
1046 2113 1079 2144 p.
1101 2100 1183 2143 678,
1203 2098 1258 2144 2.)

310 2162 508 2214 Ἔρέσσω
542 2164 653 2211 [Curt.
683 2166 736 2197 Et.
765 2175 800 2198 n.
828 2160 909 2196 492.
941 2164 1021 2195 Lob.
1049 2162 1135 2194 Prol.
1158 2156 1254 2203 365].

241 2216 376 2257 Proprie
393 2216 529 2255 remiyo.
566 2210 759 2258 πομπίμοις
776 2211 916 2248 κώπαις
930 2208 1077 2257 ἐρέσσων
1097 2209 1151 2240 Tr.
1174 2203 1253 2239 561.

242 2261 355 2308 [ἅλιον
373 2260 410 2299 ὃς
429 2259 555 2306 ἐπέβας
574 2258 722 2307 ἐρέσσων
741 2257 873 2293 πλάταν
891 2259 946 2290 Ai.
969 2254 1038 2289 358
1058 2266 1100 2288 m.
1123 2256 1206 2287 ch.
1227 2264 1254 2286 c.

243 2311 358 2350 Blayd.
379 2319 438 2352 pro
457 2305 632 2352 ἑλίσσων.]
658 2308 789 2340 Tralata
806 2311 886 2339 sunt
903 2306 982 2338 inde
1000 2305 1100 2336 haec:
1130 2295 1205 2335 ἀλλ’
1223 2300 1258 2335 ἐν

244 2355 443 2403 μεταλλαγᾷ
459 2353 712 2403 πολυμηχοίνου
730 2352 852 2400 ἀνδρὸς
872 2351 1000 2399 ἐρέσσει
1018 2351 1078 2383 Ph.
1104 2347 1192 2381 1135
1211 2359 1254 2380 m.

241 2406 413 2446 remiymis
430 2405 452 2436 i.
474 2413 505 2435 e.
526 2405 662 2444 regeris,
684 2403 822 2434 teneris.
861 2400 965 2432 Aliud
981 2402 1033 2431 est
1049 2395 1143 2434 τοίας
1162 2394 1260 2443 ἐρέσ-

244 2463 359 2486 σουσιν
384 2448 528 2488 ἀπειλὰς
561 2448 615 2483 ὃικ
639 2451 731 2487 ατεῖς
760 2445 940 2494 Ἀτρεῖδαι
967 2439 1046 2480 καθ’
1075 2443 1176 2490 ἡμῶν
1201 2445 1257 2475 Ai.

243 2497 311 2532 251
332 2500 384 2531 ch.
413 2499 537 2538 schol.;
567 2494 616 2530 εὐ»
632 2495 699 2534 έως
723 2498 894 2535 κινοῦσιν,
922 2492 990 2528 ἀπὸ
1014 2497 1082 2526 τῶν
1102 2489 1262 2537 ἐρεσσόν-

244 2558 325 2588 των,
347 2544 421 2579 ἀντὶ
437 2547 497 2579 τοῦ
515 2542 645 2578 ἐλαύν
657 2553 733 2578 ουσ
746 2554 780 2576 ιν
793 2569 801 2585 ,
830 2551 915 2584 quae
933 2541 1026 2574 Suid.
1049 2550 1110 2572 sua
1129 2540 1209 2570 fecit
1226 2548 1258 2570 v.

246 2593 451 2638 ἐρέσσουσιν.
493 2592 544 2624 Cf.
567 2593 645 2623 Lob.
669 2593 689 2623 l.
711 2601 738 2623 c.
761 2596 795 2622 et
813 2589 973 2622 Abresch.
994 2588 1035 2620 ad
1052 2587 1173 2619 Aesch.
1195 2586 1257 2624 Ag.

246 2640 302 2674 52.
326 2659 367 2665 -
385 2638 461 2674 τίνα
477 2638 521 2684 δὴ
540 2642 642 2685 μῆτιν
662 2636 809 2684 ἐρέσσων
826 2637 908 2668 Ant.
929 2631 994 2667 159
1012 2635 1063 2666 ch.
1085 2633 1263 2665 advolvens

245 2691 268 2721 i.
291 2699 320 2721 e.
342 2689 582 2730 patefacturus.
627 2683 696 2730 [De
720 2686 753 2717 h.
775 2686 798 2717 l.
819 2690 853 2716 et
870 2684 926 2716 Ai.
945 2679 1012 2715 251
1031 2693 1063 2713 v.
1085 2681 1259 2712 Wieseler.

247 2738 283 2769 in
302 2736 420 2768 Philol.
445 2732 499 2775 17,
519 2731 619 2778 561.]

312 2787 327 2801 ”
335 2791 365 2828 E
375 2806 393 2840 ρ
403 2805 419 2827 ε
429 2805 447 2827 υ
456 2806 474 2827 ν
484 2805 505 2827 α
530 2794 685 2835 quaestio.
741 2788 805 2824 οὐκ
836 2788 975 2835 ἔρευναν
999 2789 1060 2821 τοῦ
1083 2784 1266 2821 κτανόντος

251 2842 386 2889 ἐσχετε;
409 2841 467 2873 OR
484 2837 552 2872 566
577 2841 621 2880 gl.
642 2837 784 2885 ζήτησιν
801 2835 997 2883 ἐποιήσατε.

320 2907 541 2989 Ἔρευνοίω
571 2919 702 2951 quaero,
721 2907 732 2920 '
755 2908 801 2941 ὧν
827 2905 867 2941 ἂν
899 2905 978 2944 θεὸς
1003 2903 1122 2952 χρείαν
1147 2902 1268 2951 ἐρευνᾷ

252 2961 310 2993 OR
325 2957 384 2992 72.
400 2985 406 2991 .
452 2956 474 2992 ἃ
499 2955 538 2991 ἂν
563 2955 643 2991 θεὸς
660 2955 748 3003 ζητῇ
765 2954 938 3000 πρέποντα
954 2965 977 2987 κ
1000 2953 1071 2990 ίνας
1090 2949 1268 2998 ζητεῖσθαι

253 3008 355 3039 schol.
375 3016 476 3038 unus.
519 2999 566 3038 ὅτ’
583 3002 682 3038 οὐδὲν
699 3001 742 3049 ἦν
760 3001 776 3036 ἐ
800 3005 940 3036 ευνῶσιν
958 3011 983 3034 π
1008 3000 1063 3035 έον
1082 3001 1162 3032 Ant.
1183 2996 1264 3031 268.

255 3053 304 3099 μὴ
322 3047 418 3087 πάντ’
436 3050 555 3099 ἐρεύνα
571 3052 688 3084 Alead.
709 3052 749 3082 fr.
774 3058 777 3063 ’
795 3047 851 3082 04.

323 3118 491 3170 Ἔρέφω
516 3131 647 3154 corono.
690 3123 879 3166 κρατῆρες,
913 3118 960 3152 ὧν
984 3111 1080 3165 κρᾶτ’
1099 3114 1220 3163 ἔρεψαν
1240 3113 1290 3165 [εγ

1306 3184 1380 3206 πων
1399 3169 1507 3217 ἐρινὸς
1532 3167 1672 3215 ἀχρεῖος
1695 3167 1741 3201 ὢν
1762 3166 1795 3204 ἐς
1814 3164 1936 3211 βρῶσιν
1955 3166 2029 3197 Hel.
2052 3165 2091 3196 fr.
2116 3160 2194 3202 190,
2216 3156 2268 3206 '2²0

254 3181 355 3212 super
379 3181 397 3202 o
422 3171 546 3211 scripto
565 3167 639 3213 LA]
656 3166 714 3201 καὶ
730 3166 839 3213 λαβάς
857 3166 912 3199 OC
929 3163 1008 3198 473.
1054 3164 1157 3206 Apud
1174 3163 1266 3196 Suid.

254 3230 287 3250 v.
306 3216 394 3264 χοάς
412 3221 446 3249 et
461 3214 586 3262 λαβαῖς
604 3216 721 3247 vitiose
739 3215 901 3256 scriptum
918 3212 965 3246 ὧν
982 3209 1184 3258 κατέρεψον.

327 3284 458 3334 Ἐρεχ
469 3284 620 3331 θείῦης
656 3284 862 3317 Erechthida.
913 3281 1038 3329 ἀρχαιο
1061 3280 1149 3315 όνων
1173 3276 1212 3314 'E
1235 3290 1272 3312 ε-

255 3347 262 3352 ·
282 3333 399 3368 θειὸἇν
418 3336 498 3366 Ant.
516 3329 585 3364 982
595 3333 646 3364 ch.
675 3334 792 3379 γενεᾶς
809 3327 960 3378 χθονίων
979 3325 1036 3362 ἀπ’
1062 3325 1129 3374 Ερε
1157 3323 1210 3360 θει
1232 3328 1272 3359 ἄν

257 3346 280 3429 f
1151 3371 1196 3406 02
1213 3383 1267 3406 an.
1289 3372 1291 3395 l
1309 3373 1472 3412 scriptura
1505 3370 1636 3410 copiose
1668 3367 1823 3399 tractavit

1289 3401 1413 3460 {praefi
1435 3427 1469 3458 p.
1491 3413 1534 3448 19
1553 3413 1602 3460 [et
1620 3414 1773 3446 noina.
1794 3413 1829 3443 in
1848 3412 1909 3443 Th.
1928 3411 1982 3442 ω
2001 3408 2032 3441 3
2055 3405 2194 3451 p.2o22
2222 3409 2260 3462 ιζ

276 3383 322 3414 sic
348 3382 428 3413 LA:
455 3375 684 3426 Ἐρεχθειδῶν
704 3379 806 3411 Dind.
827 3388 870 3410 ex
895 3373 1029 3454 apogr}
1052 3377 1105 3407 Ai.

257 3426 445 3477 ἐγχωρίους
463 3427 631 3468 explicare
650 3426 680 3457 h.
703 3427 724 3457 l.
754 3429 787 3457 et
805 3426 844 3457 ad
862 3424 917 3456 OC
939 3420 1006 3456 100

1054 3423 1101 3454 ait
1118 3422 1272 3461 Musgra-

1345 358 1388 396 'E
1400 372 1449 407 ρη
1461 359 1537 406 μία
1570 360 1726 394 solitudo.

1274 411 1329 443 OC
1348 407 1429 442 957.

1344 463 1390 502 Ἐ
1402 470 1451 514 ρῆ
1465 480 1489 512 μ
1501 478 1555 504 ος.
1578 466 1591 507 ΙΙ
1609 466 1763 505 desertus,
1787 466 1828 497 de
1845 466 1936 497 locis.
1976 462 2020 498 τὰ
2039 461 2065 497 δ’
2083 457 2161 498 ἄλλ’
2179 461 2195 496 ἐ

1420 514 1425 525 )
1460 513 1467 525 Ι
1584 516 1599 523 Ψ
1822 511 1835 522 ’l
2005 513 2011 520 1
2113 513 2129 520 ο
2217 474 2242 519 Ἶ
2270 511 2273 519 v

1275 513 1397 569 Pl1.{34.
1413 525 1547 561 ερημης
1557 524 1621 559 γης
1630 515 1710 546 Ant.
1722 510 1802 567 7139.
1818 509 2200 570 ερημοςῌὶιοοέρτγμος
2226 521 2261 543 εν

1276 560 1316 597 ἂν
1335 576 1356 610 η
1370 561 1500 608 βροτῶν
1513 559 1625 606 στίβος
1635 558 1715 593 773.
1738 558 1821 594 ἔνθα
1831 558 1870 593 οὐ
1882 556 2109 606 ὀιατρίβουσιν
2118 554 2274 604 ανθρωπ

1276 611 1377 643 schol.
1402 628 1442 633 —-
1462 610 1476 652 ΙΙ
1499 609 1539 640 ‹le
1566 609 1724 640 animatis
1749 608 1893 639 desertas
1918 607 1958 638 ab
1982 607 2078 646 aliis,
2113 606 2241 638 solitari
2275 610 2285 639 ἱ

1278 657 1408 704 ἐρῆμον
1427 655 1494 690 ὦδε
1512 653 1661 702 κᾶφιλον
1681 656 1739 687 Ph.
1762 652 1843 687 228.
1889 651 2030 700 ἔρριψαν
2055 652 2208 700 αἰσχρῶς
2237 650 2277 696 ὧι

1278 704 1408 751 ἐρῆμον
1422 701 1504 736 265.
1525 700 1711 748 προθέντες
1730 699 1852 735 ἐνθάδε
1871 701 2002 748 ἐρῆμον
2015 695 2098 732 269.
2127 699 2181 759 μὴ
2195 697 2229 733 λί
2245 723 2255 731 .
2270 707 2281 719 ·’

1280 747 1314 797 μ’
1332 749 1422 785 οὕτω
1443 749 1564 796 μόνον,
1586 747 1716 795 ἐρῆμον
1736 748 1770 782 ἐν
1787 752 1926 783 κακοῖσι
1943 745 2024 780 471.
2070 747 2119 793 μή
2147 759 2172 792 μ
2205 745 2254 793 ἀφ
2267 754 2280 781 ι’·

1280 798 1409 846 ἐρῆμον
1429 796 1519 831 οὕτω
1536 795 1645 843 χωρὶς
1663 792 1855 842 ἀνθρώπων
1874 793 1990 840 στίβου
2009 792 2089 827 487.
2129 805 2171 839 με
2189 795 2276 840 rupo?

1280 845 1387 892 βοίλου
1405 843 1529 890 ἄφιλον
1548 844 1679 890 ἐρῆμον
1697 841 1820 877 ἄπολιν
1841 840 1942 875 1018.
1984 835 2043 876 ὧδ’
2071 841 2201 889 ἐρῆμος
2225 838 2247 874 λ

1280 890 1433 941 φθήσομ’
1448 890 1517 938 ἤδη
1531 890 1630 924 1070.
1648 893 1730 928 ναῦς
1746 890 1876 937 ἐρῆμος
1890 888 2022 935 ἀνδρῶν
2038 888 2087 935 μὴ
2102 886 2258 929 ξυνοικού

1279 953 1347 974 των
1367 939 1434 973 ἔσω
1453 941 1510 971 OR
1528 938 1590 979 57,
1618 948 1703 980 quae
1729 944 1898 980 postrema
1920 937 2090 970 adduntur
2106 937 2254 978 explica
2271 943 2285 960 ·'

1281 989 1399 1045 grati&
1433 981 1610 1032 τηλικοίσδ
1628 984 1874 1044 ὁρῶνιπάντων
1901 983 2053 1042 ἐρημους
2073 980 2174 1016 1509.
2218 991 2274 1016 το

1283 1048 1347 1128 ζὲζ
1365 1027 2248 1125 333ἐὲἓὲἲοῖῑὲῙΞἮηῖἓὲἕζέίῖρῖῗ«ἓὲἓρῖ
2266 1055 2269 1102 .’

1286 1127 1373 1181 1719
1394 1128 1456 1173 nn]
1482 1131 1545 1162 ποῖ
1563 1122 1635 1174 δῆτ’
1655 1126 1785 1173 ἐρῆμος
1803 1125 1933 1172 ἄπορος
1951 1125 2060 1159 αἰῶνα
2076 1122 2219 1169 τλάμον’
2242 1124 2278 1159 ὰῑῖ

1285 1175 1373 1210 1735
1392 1187 1445 1208 an.
1491 1174 1594 1222 ἄφετε
1614 1173 1723 1220 μόνην
1741 1174 1871 1221 ἐρῆμον
1889 1175 1971 1206 Ant.
1993 1170 2073 1205 887.
2115 1169 2166 1205 ὅτι
2183 1170 2272 1218 γέν

1284 1223 1399 1271 ἐρήμη
1434 1217 1588 1270 [γένοιντ’
1615 1222 1740 1290 ἔρημοι
1768 1223 1871 1254 Dind.
1900 1231 1927 1253 c.
1959 1217 2106 1263 Nauck]
2134 1219 2189 1251 Tr.
2226 1218 2233 1232 ¹
2249 1219 2276 1245 Γ·

1286 1290 1326 1296 -
1355 1271 1442 1304 ὥστε
1475 1269 1604 1325 πόρτις.
1630 1269 1744 1316 ερήμα
1769 1270 1824 1301 Tr.
1966 1316 1972 1323 ·
2031 1315 2038 1323 .
2125 1315 2132 1322 .
2270 1318 2273 1319 7

1287 1330 1391 1351 unum
1409 1320 1451 1350 de
1469 1319 1607 1363 animali
1625 1318 1832 1358 exemplum.
1870 1316 2083 1357 Explicatlus
2100 1314 2227 1346 dmtum

1286 1365 1416 1413 ἐρῆμος
1434 1364 1518 1411 πρὸς
1536 1363 1644 1411 φίλων
1662 1366 1743 1396 Ant.
1761 1360 1841 1395 919.
1861 1381 1901 1387 -
1921 1365 1937 1402 ΙΙ
1954 1362 2037 1394 Inde
2054 1361 2183 1401 morali,
2205 1370 2250 1402 qu

1287 1418 1426 1452 vocant,
1459 1414 1703 1453 significatione
1730 1412 1769 1443 ad
1795 1413 1900 1443 vitam
1926 1415 1961 1442 et
1985 1412 2103 1440 sortem
2127 1408 2219 1439 hum
2254 1412 2255 1417 ’

1286 1462 1446 1492 desertum
1456 1461 1546 1492 illam
1556 1464 1591 1491 et
1601 1462 1730 1500 inopem
1741 1459 1954 1490 transfertur.
1966 1458 2028 1490 τοῦ
2041 1449 2163 1500 πρόσθ’
2173 1453 2235 1501 ἐρπή

1286 1506 1386 1542 τοῦδε
1405 1506 1572 1553 δυστήνου
1593 1505 1724 1540 πλάνου
1742 1506 1797 1538 OC
1819 1501 1919 1537 1114.
1964 1501 2015 1537 τίς
2031 1501 2098 1549 ἄρα
2116 1513 2158 1548 με
2176 1499 2220 1535 πό

1289 1553 1387 1592 αὖθις
1406 1548 1464 1588 ὧδ’
1480 1554 1610 1600 ἐρῆμος
1630 1551 1821 1598 ἐπαμμένει
1837 1548 1926 1584 1719
1938 1562 1981 1583 m.
1997 1569 2037 1574 —
2050 1550 2161 1584 Semel
2174 1550 2215 1581 de
2229 1550 2266 1581 l·.'

1288 1613 1431 1634 vacuum
1444 1604 1620 1642 significat,
1645 1611 1711 1633 non
1729 1601 1901 1632 desertum.
1923 1597 2038 1645 στέγαι
2055 1595 2163 1644 φίλων

1786 357 1913 405 ἐρημία
1939 370 1982 404 με
2014 357 2158 406 σμικρὸν
2180 353 2282 404 τίθη-

1852 1265 1921 1301 530
1939 1268 1989 1300 ch.
2019 1269 2042 1299 i.
2071 1276 2102 1298 e.
2143 1264 2268 1312 ἀμήτ.’,

2183 1595 2197 1620 3
2226 1599 2242 1606 ,
2255 1596 2266 1620 X.

232 1670 415 1718 ἐπέρχεται
432 1669 532 1717 φάτις
558 1681 588 1701 v.
610 1666 690 1701 700.
727 1669 810 1700 Nam
828 1669 877 1699 sic
894 1669 997 1699 etiam
1015 1666 1116 1697 schol.
1131 1677 1138 1696 ι
1169 1674 1253 1696 σκο-
1271 1680 1273 1701 ;
1289 1647 1564 1697 [ἕρημθῑῦῗῃᾶ·]
1580 1653 1649 1682 τῶν
1668 1642 1696 1680 ’δ’
1714 1645 1938 1682 &annovam
1955 1643 2058 1679 πλέα(
2075 1645 2128 1677 El·
2144 1606 2260 1676 14&AE

1272 1699 1379 1738 Ἠοο,
1409 1702 1446 1729 ut
1466 1695 1604 1741 ἑτοῖμος
1622 1701 1656 1727 et
1682 1695 1804 1741 ὁμοῖος
1818 1722 1825 1735 ,
1852 1694 1904 1726 his
1927 1694 1986 1735 qui
2011 1702 2126 1725 norma
2150 1691 2266 1732 ΙΟΨΓ»Δ

1292 1746 1398 1777 habiti
1416 1749 1515 1783 sunt,
1546 1745 1625 1775 inde
1650 1745 1691 1774 ab
1709 1742 1936 1783 Aristophane
1953 1741 2101 1772 maxime
2119 1743 2154 1770 et
2172 1739 2230 1770 Pla
2252 1752 2254 1754 ·

1291 1796 1539 1833 propenacute,
1569 1791 1739 1822 veteribus
1766 1794 1879 1821 autem
1910 1788 2045 1828 tragicis
2071 1790 2106 1818 et
2124 1786 2250 1824 Thucy·

1292 1840 1487 1882 peninflexe
1521 1839 1648 1869 dictum
1672 1839 1796 1876 fuisse,
1831 1845 1941 1876 neque
1965 1835 1998 1866 id
2022 1833 2253 1873 grammatico

1292 1888 1491 1925 inventum,
1522 1886 1581 1917 sed
1606 1894 1650 1916 ex
1677 1885 1906 1916 observatione
1930 1891 2011 1914 usus
2032 1881 2221 1913 derivatum
2244 1889 2255 1904 -·

1293 1935 1446 1966 dubitare
1466 1943 1532 1964 non
1552 1933 1634 1964 sinit
1665 1935 1854 1963 accuratum
1886 1929 2068 1962 Herodiani
2095 1936 2253 1969 praecep*

1294 1992 1346 2023 ap.
1372 1982 1467 2012 Eust.
1491 1990 1523 2021 p.
1546 1977 1633 2018 531,
1658 1976 1702 2010 32
1728 1979 1801 2010 coll.
1824 1977 1888 2008 EM
1905 1986 1939 2017 p.
1961 1972 2040 2015 373,
2065 1973 2119 2006 15.
2166 1974 2258 2015 Nec!
2287 2012 2288 2015 Ἴ

1289 2039 1369 2060 rum
1387 2038 1459 2060 eam
1477 2029 1675 2068 scripturam
1695 2026 1793 2066 vulgo
1810 2024 1980 2056 obliterari
1998 2023 2160 2064 potuisse.
2258 2019 2260 2024 '
2286 2017 2288 2020 ’

1364 2078 1567 2132 Ἐρητῦω
1593 2085 1751 2116 dimoveo.
1783 2079 1977 2128 μετάσταθ’,
1998 2077 2163 2125 ἀπόβαθι.
2199 2071 2252 2112 π4
2285 2074 2288 2114 ἐ

1294 2131 1460 2170 κέλευθος
1489 2130 1633 2179 ἐρατύει.
1670 2129 1786 2167 κλύεις
1811 2130 1839 2163 ὦ
1870 2125 2057 2175 πολύμοχθ
2092 2125 2219 2168 ἀλᾶτα;
2244 2143 2247 2147 >
2285 2122 2288 2162 l

1297 2178 1363 2213 163
1381 2181 1431 2212 ch.
1469 2181 1567 2212 Tricl.
1597 2177 1744 2224 ἐρητύει.
1791 2178 1917 2218 Musgr.
1948 2187 1966 2208 a
1991 2174 2207 2207 coniectando

1294 2226 1369 2261 τύοι
1387 2238 1431 2260 sc.
1453 2226 1521 2261 ἀπὸ
1537 2229 1598 2260 τοῦ
1613 2224 1750 2266 ἄλσους,
1771 2227 1915 2265 spatium
1929 2222 2120 2260 intercedat,
2138 2231 2181 2254 ne
2197 2222 2208 2253 i
2242 2223 2247 2241 ·¹
2280 2203 2286 2233 ί

1295 2276 1529 2315 abstinuisset,
1551 2276 1579 2306 si
1593 2274 1792 2314 elegantiam
1807 2272 1969 2304 sermonis
1983 2271 2085 2311 probe
2098 2265 2270 2302 adven*

1295 2325 1406 2356 Prima
1424 2327 1458 2354 et
1474 2327 1641 2363 postrema
1658 2322 1749 2352 enim
1768 2320 1886 2351 chorus
1904 2318 2030 2359 Oedipo
2052 2317 2221 2356 acclamat,
2245 2357 2248 2360 ἢ

1296 2372 1350 2402 dia
1367 2370 1566 2411 interposita
1583 2370 1718 2400 sibimet
1736 2368 1858 2398 accinit
1874 2367 1947 2407 ipse
1959 2391 1966 2405 ,
1999 2365 2126 2396 veritus
2152 2366 2192 2394 ut
2207 2371 2226 2394 e
2242 2374 2249 2384 ε
2269 2360 2272 2362 ’
2286 2395 2287 2399 ,

1296 2419 1408 2450 diatur
1425 2420 1560 2458 propter
1578 2417 1722 2447 locorum
1737 2414 2028 2455 longinquitatem.
2239 2451 2242 2454 η

1367 2472 1568 2522 Ἐρίβοια
1585 2485 1618 2506 n.
1640 2484 1690 2515 pr.
1713 2471 1816 2519 μητρί
1832 2469 1871 2512 τ’,
1890 2466 2044 2518 Ἐριβοίᾳ
2060 2466 2152 2514 λέγω
2162 2469 2215 2500 Αἰ.
2232 2463 2247 2492 ’·””

1297 2518 1470 2569 Ἐρίβοιαν
1482 2549 1489 2563 ‚
1520 2523 1717 2563 scripturam
1743 2532 1761 2552 a
1778 2521 1873 2552 bouis
1898 2520 1992 2550 libris
2009 2518 2224 2555 destitutam,
2241 2533 2250 2553 -4

1299 2571 1408 2603 sendit
1426 2571 1556 2603 Schaes.
1578 2570 1613 2600 in
1632 2570 1701 2600 ind.
1720 2569 1797 2600 mel.
1819 2577 1863 2598 cr.
1886 2578 1916 2598 v.
1937 2565 2106 2604 seiunctio,
2127 2566 2162 2594 et
2179 2570 2248 2605 ειη
2281 2584 2283 2587 ,

1300 2619 1372 2650 Erf.
1395 2614 1473 2661 [nec
1489 2626 1556 2648 non
1570 2614 1711 2660 Dind.];
1741 2619 1853 2647 contra
1870 2625 1900 2645 v.
1915 2614 1994 2645 Lob.
2017 2612 2064 2644 Ea
2076 2610 2199 2642 mulier
2221 2615 2251 2646 ν]
2267 2639 2269 2642 ⁴

1300 2663 1464 2712 Περίβοια
1480 2665 1587 2696 dicta:
1617 2675 1649 2695 v.
1671 2663 1787 2695 Lehrs.
1808 2662 1848 2694 de
1866 2661 1968 2692 Arist.
1989 2670 2022 2701 p.
2043 2654 2124 2690 249.
2245 2647 2251 2659 ‘

1370 2718 1531 2768 Ἐρίζω
1563 2723 1666 2762 litiyo.
1717 2719 1756 2755 τὸ
1778 2718 1842 2767 γὰρ
1867 2717 1997 2753 δίκαιον
2031 2714 2095 2751 οὐκ
2117 2713 2135 2749 ἔ
2162 2727 2191 2750 ει

1303 2769 1398 2805 δυοῖν
1418 2768 1536 2816 ἐρίζειν
1555 2770 1608 2801 El.
1629 2766 1710 2801 467.
2018 2762 2050 2808 (1
2067 2774 2101 2805 p.
2169 2760 2191 2795 9
2216 2767 2248 2805 ιι]

1367 2822 1552 2874 ’Έρῖθος
1569 2826 1679 2872 [Curt.
1704 2827 1756 2859 Et.
1777 2836 1810 2867 p.
1832 2822 1900 2857 306
1917 2821 2031 2868 ed.2].
2062 2820 2243 2869 ἔριθοι·

1302 2879 1543 2924 ταχρηστικῶς
1560 2874 1619 2908 καὶ
1636 2873 1671 2907 αἱ
1689 2870 1857 2919 ἐριουργοί
1875 2872 2019 2911 Hesych.
2050 2867 2247 2916 ἕριθοςιξ

1305 2922 1515 2970 ἐργαζομένη
1534 2923 1626 2955 Suid.
1664 2922 1727 2954 Sed
1745 2921 1877 2962 proprie
1895 2919 1936 2951 de
1954 2918 2138 2950 aratoribus
2155 2915 2239 2949 dici.

1303 2973 1433 3004 hibent.
1470 2971 1509 3002 V.
1533 2971 1648 3002 Valck.
1678 2969 1717 3000 ad
1745 2968 1881 2999 Theocr.
1912 2967 2020 2998 Adon.
2050 2975 2082 3006 p.
2104 2960 2183 2996 373.
2243 3001 2245 3004 Α

1305 3021 1417 3051 tricem
1434 3027 1586 3050 araneam
1605 3018 1651 3048 sic
1665 3016 1752 3047 dixit
1770 3015 1870 3055 Soph.
1892 3011 2001 3046 πάντα
2020 3006 2047 3044 δ’
2065 3007 2189 3057 ἐρίθων
2210 3026 2240 3055 ¹'.

1305 3069 1365 3100 νᾶν
1382 3062 1493 3111 βρίθει
1509 3064 1622 3095 Inach.
1642 3065 1682 3095 fr.
1705 3059 1786 3094 269.
2239 3029 2274 3128 ἶ

1377 3121 1421 3158 'E
1433 3121 1528 3169 ρι’νό
1541 3129 1556 3154 ς
1580 3123 1660 3164 ficus
1677 3123 1830 3152 silvester.
1876 3119 2042 3150 Inusitate
2067 3117 2108 3148 de
2126 3118 2214 3148 fruct
2234 3101 2270 3178 ,ἕξ-γ

1307 3220 1432 3252 Athen.
1455 3214 1487 3249 3.
1517 3227 1550 3258 p.
1572 3213 1617 3248 76
1635 3217 1667 3247 d.
1697 3233 1737 3238 —
1766 3215 1816 3245 De
1841 3218 1917 3245 tono
1945 3223 1974 3243 v.
2005 3213 2080 3243 Arc.
2110 3221 2143 3252 p.
2174 3206 2217 3241 65
2236 3213 2257 3242 ⁴5·

1308 3268 1359 3298 De
1376 3274 1499 3307 genere
1517 3265 1613 3295 Eust.
1633 3274 1666 3304 p.
1691 3258 1792 3301 1536,
1816 3258 1870 3291 15.
2224 3254 2263 3294 54ιῆ

1376 3317 1557 3370 ,Ερΐνύς
1590 3319 1699 3366 [Curt.
1729 3320 1783 3351 Et.
1814 3314 1971 3396 n.}i195].
2017 3307 2259 3394 ρηέεςιίῡῃθιῑν

1888 3374 1969 3395 erm.
2004 3365 2039 3394 in
2099 3363 2180 3402 ntig.
2223 3361 2256 3385 2³>
