2288 3600
264 113 359 160 148

258 226 394 274 θαρτος.
436 225 523 274 Σοφ.
546 226 602 261 ἐπὶ
621 226 753 272 ὀρνέου.
798 229 889 260 Haec
913 238 958 261 ex
982 229 1038 261 illo
1067 229 1190 260 scholio
1213 239 1275 260 ex-

259 277 381 317 scripta
398 273 453 320 [ut
470 286 522 317 ap.
546 277 665 307 Zonar.
688 286 720 316 p.
742 272 846 319 438],
877 277 935 308 sed
962 286 1027 308 non
1051 276 1092 307 de
1118 276 1209 316 lippo
1226 277 1275 308 lo-
1315 272 1430 321 φαλὴν
1448 274 1507 308 καὶ
1524 272 1682 320 γλῶσσαν
1699 272 1807 320 ἄκραν
1827 273 1936 320 ῥίπτει
1953 271 2090 320 θερίσας
2109 276 2164 307 Ai.

1056 110 1222 179 Γλαρίς
1251 141 1313 148 -
1342 111 1537 160 Γλῶσσα

2022 121 2052 165 [1
2062 132 2098 164 p.
2115 111 2288 157 368-371

2218 226 2288 261 ὲνκ

2233 272 2288 307 83

1385 223 1479 261 Γλῶ
1491 237 1579 260 σσα.
1616 227 1630 269 ΙΙ
1662 229 1796 269 proprie
1819 228 1935 268 linyua
1959 229 1995 260 in
2011 237 2085 259 ore:
2110 229 2171 261 τοῦ

260 327 394 363 cutum,
431 323 487 354 sed
522 321 696 369 γλαμυρός
729 332 787 364 pro
813 320 967 368 λαμυρός
993 325 1145 364 posuisse
1173 323 1272 365 Soph.
1317 340 1357 344 —
1377 322 1390 364 Η
1409 322 1624 354 Transfertur
1641 322 1681 353 ad
1699 323 1831 362 linquae
1855 323 2096 362 ministerium,
2121 323 2208 363 quod
2226 322 2288 354 inl

260 371 476 401 manifestum
495 375 556 401 est.
588 369 644 415 [cf.
668 371 747 402 Lob.
770 370 865 401 Path.
890 368 921 410 1,
942 367 1018 414 93]

331 433 495 486 Γλᾶρίς
513 441 690 480 scamem.
721 440 803 471 Poll.
828 437 882 480 10,
906 437 991 471 147:
1023 436 1220 484 Οἰκοῧόμου
1239 438 1276 472 δε

260 485 378 533 σκεύη,
399 485 540 528 λεῖαι,
561 485 790 533 γλαρίόες,
820 486 866 524 ὡς
888 484 974 533 Σοφ.
996 486 1031 520 ἐν
1051 484 1197 533 Πριάμῳ
1216 486 1273 530 (fr.

261 532 358 578 477).
388 535 482 566 Idem
499 531 642 575 7,118;
671 533 730 567 καὶ
746 531 980 571 λατύπους
1000 532 1036 566 δὲ
1058 531 1160 580 Σοφ.,
1191 532 1277 590 ὅπου

258 580 318 614 καὶ
350 579 512 640 ἐργαλεῖα
551 585 619 614 τῶν
658 579 820 615 λατύπων
856 580 1016 625 ὀνομάζει
1048 580 1176 619 λείας
1218 592 1278 615 και

259 627 488 675 γλαριοας.
1089 626 1279 673 (111369)

331 695 531 747 Γλαυκός
575 696 671 743 [Lob.
704 699 821 731 Rheni.
852 709 885 740 p.
918 696 999 731 285.
1046 699 1141 731 Curt.
1164 699 1218 730 Et.
1241 709 1274 740 p.

263 743 328 779 133
346 745 381 791 b]
416 748 593 778 caeruleus.
647 744 799 792 γλαυκᾶς
826 744 930 783 ἐλάας
954 746 1009 779 Oc
1029 743 1094 777 701
1116 746 1166 777 ch.
1197 748 1219 777 i.

259 792 411 853 χλιρρᾶς.
449 796 490 826 ef.
518 795 633 835 Intpp.
654 795 714 853 ,RQ
744 794 826 826 Eur.
859 789 1077 864 'swerd-3953.
1124 792 1279 864 γλαυκῆς

261 840 476 933 ᾗῗῒέῗαῇῗ
486 838 623 920 ,393453
641 852 794 934 ζίὲἶὶἒ.
813 839 1275 932 ἐπ’γέῖέἴὲῑιῇξῖῗδὲἕοῖὲζ.

260 932 340 1014 11123,
358 932 402 1015 {9
425 953 466 959 —-
494 937 682 968 Accentum
708 938 857 967 enotavit
874 937 952 967 Arc.
975 945 1008 976 p.
1033 932 1097 975 50,
1127 932 1148 966 6
1175 936 1274 967 schol.

293 1007 299 1013 .
322 992 340 1014 σ
408 1007 414 1014 .

331 1049 595 1090 Γλαυκῶπις
626 1054 739 1084 caesiis
764 1054 865 1084 oculis
887 1053 1070 1093 praeditus,
1120 1051 1154 1099 Μὰ
1171 1051 1279 1100 γλαυ-

260 1104 372 1138 κῶπις
389 1094 523 1135 Ἀθάνα
550 1100 605 1132 OC
630 1096 699 1132 706
718 1101 769 1132 ch.
821 1101 873 1132 De
900 1107 976 1132 tono
1003 1112 1033 1132 v,
1065 1099 1106 1134 αὐ
1133 1105 1218 1138 ῶπις
1245 1106 1278 1133 et

261 1148 358 1179 Eust.
387 1158 420 1189 p.
450 1145 538 1188 768,
559 1144 616 1179 72.
663 1144 719 1190 [cf.
750 1147 787 1179 G.
810 1148 861 1179 W.
883 1148 1010 1188 Lucas,
1040 1149 1080 1179 de
1105 1149 1278 1180 Minervae

261 1200 479 1235 cognomento
503 1193 623 1241 γλαυκ.
654 1195 762 1226 Bonn.
787 1191 873 1226 1831
903 1200 937 1226 et
958 1206 988 1236 q=
1006 1200 1104 1227 aestt.
1125 1196 1219 1227 lexil.
1241 1207 1273 1237 p.

263 1238 330 1274 113
348 1252 420 1284 sqq.
450 1242 543 1274 Curt.
566 1242 622 1273 Et.
644 1251 678 1273 n.
703 1239 768 1274 133
786 1241 838 1286 b.]

330 1308 472 1352 Γλαῦξ
495 1314 586 1344 strix.
615 1310 772 1358 γέρανοι,
803 1311 972 1359 χελῶναι,
993 1311 1140 1359 γλαῦκες
1158 1315 1273 1353 Amyc.

261 1361 302 1392 fr.
327 1357 405 1392 113.
437 1377 477 1383 -
506 1361 716 1392 Vocabulum
743 1361 929 1392 solitarium
948 1362 1076 1392 notavit
1095 1362 1216 1393 Herod.
1239 1372 1274 1393 π.

262 1418 338 1451 μον.
358 1404 428 1446 λέξ.
449 1417 482 1448 p.
504 1404 562 1448 41,
583 1403 639 1438 21.
684 1408 810 1439 Atticis
833 1409 983 1448 insseoti,
1006 1408 1126 1440 Dorice
1145 1414 1178 1440 et
1195 1409 1279 1440 Hel-

260 1455 369 1486 lenioe
387 1456 462 1486 acui
480 1455 605 1486 dicitur
622 1464 676 1495 ap.
697 1454 797 1487 Eust.
818 1466 852 1496 p.
873 1452 930 1496 88,
953 1452 986 1487 4.
1012 1452 1113 1496 1451,
1136 1452 1191 1487 62.

331 1532 478 1582 Γλήνη
500 1538 643 1577 pupilla.
697 1535 823 1583 φοίνιαι
858 1532 886 1569 δ’
918 1536 1007 1581 ὁμοῦ
1032 1535 1156 1583 γλῆναι
1181 1531 1280 1584 γένει’

261 1581 398 1664 {tex-&ov
416 1584 474 1616 OR
494 1580 596 1615 1277.
617 1602 658 1607 -
686 1585 737 1616 De
756 1589 834 1616 tono
853 1595 883 1616 v.
905 1585 1028 1616 Herod.
1051 1595 1086 1617 π.
1110 1596 1186 1629 μον.
1208 1582 1276 1632 λε’-ξ’.

263 1640 297 1672 p.
321 1630 338 1663 1
369 1656 376 1671 ‚
397 1627 453 1663 32.
483 1632 559 1663 Arc.
581 1641 614 1672 p.
640 1628 787 1672 111‚13.
817 1629 913 1676 [Lob.
935 1632 1029 1663 Path.
1054 1629 1156 1673 El.2,
1179 1629 1279 1676 289]

331 1697 519 1746 [Γλίδου
542 1700 668 1748 χοάναι
686 1713 717 1733 ν.
740 1712 766 1734 s.
788 1700 932 1749 λίγὸος.]

262 1817 326 1864 [sie
343 1820 412 1852 cod.
428 1837 468 1843 —
486 1817 573 1853 πολὺ
594 1817 794 1854 δεικνύουσα
809 1819 848 1853 τὸ
866 1818 994 1865 θάρσος
1012 1822 1098 1852 coni.
1112 1818 1280 1865 Meinek.]

262 1865 356 1912 παρὰ
375 1863 462 1913 Σοφ.
483 1865 541 1910 (fr.
562 1868 629 1899 ino.
646 1864 732 1911 863)
749 1867 806 1900 καὶ
824 1865 944 1914 γλοίης
960 1866 999 1901 τὸ
1017 1865 1111 1900 αὐτό.
1133 1868 1277 1907 Hesych.

262 1913 442 1956 „Corrupta
468 1914 550 1946 haee
575 1919 667 1946 sunt.
702 1913 846 1961 γλοιάὸα
871 1912 976 1948 ἵππον
1003 1916 1031 1947 si
1055 1915 1143 1946 dixit
1161 1915 1278 1956 Soph.,

265 1962 544 2001 significationem
562 1971 729 1994 arcessere
747 1963 860 1994 malim
879 1973 898 1993 a
915 1964 1052 1994 nomine
1069 1960 1194 2008 γλοιός,
1216 1971 1282 2003 quo

264 2010 372 2040 utitur
405 2007 559 2041 Comicus
593 2010 680 2042 Nub.
705 2006 795 2050 448,
840 2010 1095 2051 intelligamque
1129 2010 1169 2041 de
1202 2019 1282 2050 equo

264 2056 371 2096 lapsui
396 2056 565 2088 obnoxio.“
589 2057 735 2088 Brunck.
765 2057 802 2088 in
827 2057 894 2089 lex.
939 2057 989 2088 Ea
1013 2058 1213 2097 significatio
1239 2066 1283 2088 ex

263 2103 510 2144 Aristophaneo
529 2104 684 2145 exemplo
701 2105 779 2135 elici
796 2113 862 2136 non
879 2109 1001 2145 potest.
1031 2105 1092 2136 Pro
1109 2101 1281 2149 πολυδίκη

264 2151 403 2183 fortasse
429 2151 678 2183 emendandum
711 2149 978 2197 φιλοδακής,
1010 2151 1043 2183 id
1079 2152 1166 2192 quod
1193 2158 1281 2183 certe

265 2207 342 2230 cum
365 2194 550 2243 κακοήθης
582 2199 682 2239 paulo
717 2199 838 2231 melius
865 2200 1022 2231 convenit
1051 2209 1151 2240 quam
1176 2200 1282 2238 lapsui

264 2244 433 2277 obnoxius.
463 2245 521 2277 Gr.
542 2245 648 2277 Bekk.
669 2255 703 2287 p.
725 2242 807 2286 233,
828 2243 868 2277 7:
898 2243 975 2292 γλο
989 2244 1129 2284 ιάζειν
1151 2245 1190 2279 τὸ
1208 2248 1283 2279 τοῖς

264 2288 414 2337 ὄμμασιν
440 2289 629 2337 ἐπιμύοντα
663 2291 880 2339 μυκτηρίζειν
903 2291 961 2326 καὶ
987 2290 1277 2339 κακοηθεύεσθαι.

265 2337 298 2372 οἱ
315 2338 352 2372 δὲ
371 2336 539 2385 διαγελᾶν.

337 2405 533 2446 Γλουτός
558 2411 675 2442 clunis.
710 2408 727 2457 ρ
776 2412 830 2456 ’ρι
846 2408 982 2455 κρούων
995 2408 1138 2458 γλουτόν
1157 2412 1197 2443 fr.
1211 2412 1278 2444 ino.

265 2452 335 2489 938
359 2466 411 2498 ap.
440 2457 536 2489 Phot.
573 2468 607 2499 p.
636 2454 706 2490 493
719 2421 799 2499 ,Ἤ
834 2462 868 2489 et
900 2458 1046 2498 Hesyeh.
1091 2469 1124 2491 v.
1162 2456 1284 2505 ῥυτῆρι

265 2501 413 2549 κρούων.
435 2522 478 2527 --
497 2504 629 2537 Tonum
646 2505 836 2537 observavit
853 2506 932 2537 Arc.
954 2516 987 2547 p.
1008 2503 1067 2546 78,
1090 2502 1145 2538 11.

336 2585 374 2605 *¹⁸⁸
385 2582 461 2630 [Γλ
473 2585 636 2620 υκαίνω
670 2586 764 2619 dulce
780 2587 893 2619 reddo.
951 2585 1147 2622 λυκαίνεταί
1163 2598 1200 2621 τε
1216 2586 1283 2621 κά-

268 2631 645 2714 ποπερκοῠταιὸβότρυς
671 2634 809 2674 Thyest.
837 2635 877 2689 fr.
907 2632 930 2666 2
955 2631 996 2675 9,
1018 2631 1039 2667 6
1064 2635 1284 2689 Μ6111ε11..ε,(1

268 2680 406 2713 Theocr.
430 2678 469 2722 1,
490 2678 512 2713 4
557 2682 645 2714 bene
669 2681 873 2714 emendawt.
910 2681 968 2716 καὶ
985 2679 1137 2715 κλίνεταί
1153 2693 1190 2728 γε
1206 2683 1283 2714 11br1

267 2728 358 2760 schol
375 2728 458 2760 Eur.
479 2728 606 2761 Phoen.
627 2725 708 2760 227.
739 2727 936 2762 πεπαίνεταί
954 2740 991 2762 τε
1008 2727 1154 2774 Nauck]

338 2794 554 2832 *Γλύκιος
579 2810 609 2830 v.
631 2795 772 2837 Λύκιος.

338 2863 511 2906 Γλῦκύς
537 2866 647 2913 [Ourt.
677 2870 732 2902 Et.
754 2879 788 2901 n.
810 2866 893 2914 526]
919 2869 1035 2902 dulcis.
1072 2871 1209 2911 Proprie
1233 2871 1284 2902 di-

269 2918 359 2947 ctum
377 2924 444 2948 non
463 2917 596 2956 legitur.
635 2916 664 2949 ὦ
688 2914 815 2963 γλυκὺς
837 2909 959 2954 “Artem
983 2918 1038 2949 Tr.
1063 2914 1165 2950 1040.
1200 2915 1285 2950 οἰω-

266 2963 341 2999 νοῖς
378 2960 484 2996 λυκὺν
503 2961 677 3009 θησαυρόν
695 2965 778 2995 Ant.
798 2959 854 2996 29.
904 2962 1012 2998 λυκὺν
1029 2961 1144 2997 αὐλῶν
1162 2961 1283 3009 ὄτοβον

267 3006 353 3041 Ai.1
381 3006 488 3042 02011.
517 3009 612 3056 πόνῳ
629 3008 751 3057 γλυκεῖ
768 3010 822 3042 El.
839 3009 879 3042 11
908 3008 940 3044 5.
969 3009 1076 3044 πόνου
1111 3013 1134 3043 f.
1155 3009 1284 3055 κόπου)

271 3054 570 3103 μεταλλαχθέντος
588 3056 620 3090 οἱ
638 3056 737 3091 πόνοι
773 3055 894 3096 λυκεῖς
912 3059 1008 3091 Laoc.
1029 3059 1071 3090 fr.
1118 3055 1163 3090 43
1181 3069 1209 3090 a.
1255 3058 1283 3091 ὦ

267 3100 424 3149 γλυκεῖαι
441 3102 561 3141 παῖδες
579 3102 724 3150 ἀρχαίου
746 3069 879 3139 {xo-:ou
898 3106 1018 3138 Furiae
1035 3102 1180 3138 00106.
1210 3106 1283 3137 Non

271 3151 487 3182 coniunctum
505 3161 581 3183 eum
599 3153 828 3184 substantivo:
858 3151 965 3197 *ἐμοὶ
982 3151 1103 3198 πικρὸς
1118 3149 1283 3198 τέθνηκεν

266 3193 291 3241 ἢ
309 3195 433 3234 κείνοις
451 3195 579 3243 γλυκύς
589 3200 643 3230 Α1.
658 3195 738 3239 966,
759 3200 847 3240 quod
864 3200 1003 3231 laudant
1021 3200 1114 3232 Suid.
1136 3210 1167 3231 v.
1181 3197 1284 3245 γλεῦ-

267 3254 329 3281 κος
346 3250 381 3276 et
397 3244 496 3276 Eust.
517 3255 551 3286 p.
568 3242 670 3286 1521,
690 3243 736 3278 40
755 3243 847 3289 [secl.
860 3245 994 3291 Dind.].
1025 3243 1093 3292 ὅτῳ
1111 3240 1141 3292 γ’
1159 3245 1284 3291 ὁρῶντι

268 3288 376 3336 μηδὲν
400 3289 444 3335 ἠν
471 3289 554 3324 ἰδεῖν
579 3290 706 3338 γλυκύ,
748 3293 805 3324 OR
832 3290 933 3325 1335.
968 3292 1032 3339 τὴν
1051 3287 1200 3340 φροντίδ’
1218 3291 1283 3333 ἔξω

265 3341 335 3370 τῶν
352 3341 470 3371 κακῶν
489 3338 595 3372 οἰκεῖν
630 3337 717 3372 λυκύ
734 3336 835 3371 1390.
863 3338 943 3373 τούν
962 3339 1113 3384 δόμοισιν
1130 3337 1174 3384 ἦν
1193 3338 1283 3374 διαι-

266 3381 390 3419 τᾶσθαι
407 3383 514 3431 γλυκύ
533 3385 588 3418 00
606 3351 674 3418 769
913 3386 945 3430 (1
962 3398 996 3428 p.
1019 3383 1086 3419 369
1103 3388 1125 3418 l.
1148 3383 1169 3418 6
1186 3398 1216 3419 a.
1238 3385 1282 3430 f.)

1299 1877 1478 1927 ’ἀσφαλὴς
1507 1877 1534 1912 δ’
1568 1879 1585 1914 ὁ
1610 1882 1690 1913 νοῦς
1722 1881 1839 1913 Oreus.
1875 1882 1915 1912 fr.
1943 1877 2023 1913 322.

1299 1973 1407 2008 »οἷσιν
1426 1974 1586 2019 ανὸράσιν
1604 1974 1708 2020 τιμὴν
1735 1974 1807 2021 ἔχει
1832 1972 1869 2019 [ἡ
1895 1976 2007 2016 suppl.
2037 1975 2134 2008 Brck.
2165 1975 2193 2009 ὦ
2217 1971 2280 2020 γλῑ.ζΔ

1315 369 1441 410 quendo
1460 370 1620 401 cernitur.
1668 369 1733 401 Sed
1759 370 1991 410 exemplorum
2015 370 2079 401 alia
2099 369 2175 400 aliis
2191 371 2288 410 propi

1315 427 1333 447 a
1350 418 1521 457 primitiva
1538 417 1782 456 significatione
1805 417 1946 448 absunt:
1975 413 2134 462 γλώσσης
2161 418 2288 462 κρυφαί

1316 461 1414 496 οὐδὲν
1433 461 1472 496 ού
1491 461 1660 509 διέρχεται
1683 465 1749 495 inc.
1771 460 1858 504 673,
1889 460 1921 495 3.
1965 463 2041 500 νέος
2065 462 2150 496 ποτὲ
2173 460 2288 509 γλῶσσ

1316 510 1377 555 μὲν
1397 508 1517 556 ἀργόν,
1545 512 1648 556 χεῖρα
1674 504 1701 542 δ’
1726 508 1819 556 εἶχον
1847 509 1980 556 ἐργάτιν
2000 511 2058 543 Ρ11.
2081 507 2146 551 97,
2165 511 2288 551 quoda

1315 561 1379 589 fert
1399 559 1493 589 Eust.
1515 568 1548 598 p.
1562 551 1656 597 486,
1678 554 1735 590 26.
1757 554 1845 598 779,
1872 555 1912 589 17
1931 563 1965 589 et
1982 558 2076 591 Suid.
2098 568 2130 589 ν.
2150 555 2266 603 ἀργόν.

1314 604 1377 650 τὴν
1404 603 1559 651 γλῶσσαν
1586 602 1664 651 οὐχὶ
1694 602 1802 650 τᾶργα
1833 602 1934 639 πάνθ’
1957 603 2109 651 ηγουμέν
2136 617 2153 637 ν
2184 605 2243 637 Ρ11.
2271 601 2288 636 9

1316 651 1439 689 παντὸς
1458 649 1497 685 ἂν
1522 650 1625 698 λόγου
1643 654 1754 685 κακοῦ
1781 649 1918 700 γλώσσῃ
1943 650 2083 697 θιγόντα
2099 649 2123 684 4
2147 649 2180 684 8.
2218 661 2288 698 <pun

1315 697 1453 746 γλώσση
1482 697 1592 732 δεινοῦ
1617 696 1698 731 440.
1741 701 1783 731 ef.
1805 698 1942 747 γλώσση
1968 699 2006 733 σὺ
2034 697 2140 736 δεινός
2168 699 2222 731 OC
2248 695 2288 731 80

1243 757 1275 787 q.
1314 732 1446 792 χρυσὲά
1463 741 1551 800 κλῄς
1576 745 1633 779 ἐπὶ
1656 744 1794 792 γλώσσᾳ
1813 733 1937 791 βέβακε
1964 744 2054 779 1052
2070 747 2121 778 eh.
2160 757 2190 778 v,
2212 746 2288 778 Hem

1316 795 1357 825 ad
1375 795 1407 825 h.
1430 795 1452 824 l.
1481 791 1571 830 ὅστις
1599 791 1638 826 ἐκ
1661 791 1770 839 φόβου
1799 805 1859 827 του
1879 791 2035 839 γλῶσσαν
2061 786 2231 839 ἐγκλήσας
2260 790 2288 839 ἕ]

1316 843 1397 872 Ant.
1416 838 1493 872 180.
1524 839 1553 873 εἰ
1571 839 1619 885 μὴ
1638 838 1796 887 γλῶσσαν
1814 834 1978 887 ἐγκλ,’γσαι
1997 838 2103 887 φόβος
2114 825 2202 872 565.
2233 841 2288 872 Eu:

1316 898 1348 929 p.
1374 884 1475 928 1391,
1497 885 1552 919 64.
1597 885 1653 920 ’ίνα
1677 888 1749 933 γνῷ
1772 887 1906 934 τρέφειν
1930 888 1996 934 τὴν
2013 885 2169 934 γλῶσσαν
2188 886 2288 933 ήσυχι

1315 934 1416 980 τέραν
1437 932 1538 966 1089.
1568 932 1607 968 ού
1625 933 1714 980 τᾶρα
1732 935 1842 981 ὃιήσει
1858 933 2015 982 γλῶσσαν
2034 936 2088 967 Tr.
2110 932 2188 967 323.
2217 944 2288 981 καχ

1317 981 1443 1021 ζόντων
1491 979 1640 1015 λώσσαις
1664 981 1913 1028 βαρυαλγήτως
1946 984 1999 1015 Ai.
2032 978 2098 1014 199
2117 982 2168 1014 ch.
2225 979 2288 1016 ἄνό.

1316 1027 1454 1076 γλώσσῃ
1499 1027 1600 1074 ρασύν
1615 1027 1716 1063 1142.
1746 1029 1778 1064 οἱ
1796 1029 1833 1062 δὲ
1850 1029 1894 1078 τῇ
1907 1028 2046 1077 γλώσσῃ
2060 1026 2288 1076 θρασεῖςΡὴη

1316 1080 1357 1108 fr.
1380 1073 1460 1116 649,
1481 1074 1513 1108 2.
1551 1075 1709 1123 γλώσσης
1733 1075 1876 1125 μελίσσῃ
1903 1077 1953 1123 τῷ
1975 1075 2223 1123 κατερρυηκότι
2245 1078 2288 1109 Ac

1315 1126 1393 1156 Am.
1416 1121 1502 1165 167,
1533 1126 1579 1156 sio
1598 1130 1686 1156 certe
1704 1125 1917 1156 scribendum
1937 1125 2081 1164 videtur,
2103 1125 2201 1164 vulgo
2218 1127 2288 1156 auu

1317 1169 1483 1216 μελίσσης
1500 1177 1533 1203 et
1550 1171 1599 1217 τῷ
1617 1174 1779 1212 scribunt,
1801 1173 2011 1213 ineptissime
2026 1173 2165 1212 insuper
2176 1171 2288 1204 incide

1315 1224 1365 1250 tes
1384 1224 1458 1260 post
1475 1217 1632 1265 γλώσσης
1650 1224 1684 1251 et
1703 1218 1878 1265 μελίσσης.
1901 1237 1942 1242 -
1962 1219 2067 1258 Magis
2092 1219 2216 1250 absunt
2228 1228 2246 1250 a
2261 1226 2288 1260 p]

1316 1267 1433 1297 mitiva
1450 1267 1603 1298 vocabuli
1615 1271 1781 1308 potestate
1795 1267 1892 1298 haec:
1921 1265 1953 1299 τί
1968 1265 2032 1311 τὴν
2049 1263 2197 1310 ἄβουλον
2217 1262 2288 1299 ord(

1315 1311 1473 1358 γλώσσης
1493 1311 1688 1359 ἐπήρασθε,
1721 1315 1778 1346 OR
1796 1310 1875 1350 635.
1897 1314 1938 1345 de
1957 1314 2172 1345 altercatione
2189 1313 2288 1350 dictu!

1316 1359 1405 1397 ὅστις
1429 1358 1493 1405 γὰρ
1519 1359 1698 1406 γλῶσσαν,
1734 1359 1777 1406 ἢν
1810 1359 1873 1394 οὐκ
1898 1358 2024 1402 ἄλλος,
2059 1357 2082 1403 ἢ
2107 1358 2223 1406 ψυχὴν
2241 1357 2288 1443 ἐξ

1316 1406 1444 1451 (δοκεῖ)
1462 1410 1543 1439 Ant.
1566 1405 1645 1440 708.
1674 1410 1811 1454 κρατεῖν
1829 1406 1892 1454 γὰρ
1911 1405 2027 1441 οὐκέτι
2042 1405 2201 1453 γλώσσης
2219 1403 2262 1442 σθ
2285 1446 2288 1450 Α

1316 1456 1370 1486 El.
1388 1453 1476 1487 1175
1496 1455 1551 1497 [111.
1570 1466 1621 1497 pr.
1638 1457 1673 1487 in
1690 1454 1777 1488 LA}
1790 1457 1934 1487 mutavit
1945 1456 1981 1487 in
1997 1468 2026 1496 ν,
2048 1464 2149 1495 super
2165 1464 2205 1486 σσ
2221 1462 2288 1497 posg

1318 1515 1342 1546 μ
1354 1515 1360 1534 ;
1377 1502 1467 1544 inde]
1481 1503 1623 1548 γνώμης
1632 1504 1691 1534 v.l.
1706 1513 1758 1544 ap.
1773 1503 1874 1535 schol.
1886 1500 1925 1536 οὐ
1934 1501 1998 1549 γάρ
2008 1499 2041 1547 μ’
2052 1498 2288 1547 ἀρέσκειγλῶς

1317 1560 1376 1583 σου
1395 1547 1594 1596 τεθηγμένη
1612 1551 1666 1582 Ai.
1682 1548 1762 1591 584,
1783 1550 1871 1591 quod
1884 1551 1982 1581 affert
1999 1549 2101 1581 schol.
2123 1549 2226 1581 Arist.
2239 1549 2265 1580 P
2282 1543 2288 1548 “

1317 1593 1360 1629 69
1375 1602 1410 1628 et
1424 1597 1522 1637 Greg.
1539 1597 1610 1629 Oor.
1634 1595 1666 1640 S.
1680 1594 1736 1629 23.
1758 1608 1789 1638 p.
1805 1594 1861 1629 67.
1891 1590 1962 1630 οὐδ’
1980 1594 2022 1630 αὖ
2039 1594 2200 1642 τοιαύτην

1317 1654 1377 1677 σαν
1396 1643 1431 1677 ἐν
1449 1646 1573 1681 κακοῖς
1600 1642 1689 1689 φιλῶ
1717 1642 1819 1676 1118.
1863 1642 1887 1688 ἡ
1904 1642 2044 1690 γλῶσσά
2069 1654 2129 1676 σου
2146 1643 2203 1677 τὸν
2217 1594 2264 1678 θὶθ

1317 1691 1364 1728 ὡς
1382 1689 1488 1724 δεινὸν
1505 1690 1621 1737 τρέφει
1642 1688 1743 1723 1124.
1773 1692 1862 1725 Stob.
1882 1689 2056 1724 Serm.11.
2085 1689 2149 1736 τὴν
2164 1649 2288 1874 §cippi

332 1768 507 1809 Γλοιάς.
534 1769 612 1818 ’γλ.;
639 1771 662 1817 ἡ
681 1770 865 1818 κακοήθης
883 1770 988 1810 ἵππος
1006 1771 1063 1806 καὶ
1081 1770 1277 1806 πολυῧίκ...
1298 1736 1380 1791 ἒγάρ
1407 1737 1566 1784 γλῶσσαν
1599 1736 1663 1772 οὐχ
1688 1737 1797 1772 ἐπαΐω
1824 1734 1926 1771 1263’
1971 1736 2087 1772 δικαία
2110 1736 2227 1783 γλῶσσ

1317 1785 1442 1831 κράτος
1461 1785 1547 1832 μέγα
1565 1786 1680 1818 Alead.
1702 1788 1743 1817 fr.
1771 1783 1848 1818 101.
1884 1783 2022 1833 γλώσσῃ
2041 1786 2146 1831 σοφόν
2174 1782 2278 1826 109„v

1317 1835 1340 1864 i.
1363 1843 1391 1865 e.
1421 1835 1585 1874 sapienter
1609 1835 1801 1874 toquentem.
1848 1831 1937 1878 ὀρθὴ
1964 1832 2026 1878 μὲν
2043 1831 2067 1877 ἡ
2077 1829 2250 1927 ἐχλιξῖἔσέσ
2273 1835 2288 1883 2]

1320 1938 1362 1972 με
1379 1930 1570 1986 παρηγορεῖ
1592 1926 1807 1974 (χαρακτήρ)
1824 1929 1900 1959 Hel.
1924 1925 2009 1968 186,
2032 1924 2065 1959 2.
2111 1926 2135 1973 ἡ
2157 1925 2277 1974 γλῶσ

1319 2019 1405 2055 οἵοις
1486 2021 1576 2068 ἔχεις
1593 2021 1715 2067 Dind.]
1735 2022 1855 2064 Eriph.
1876 2019 1958 2063 209,
1981 2019 2012 2054 1.
2042 2024 2094 2055 Ab
2111 2023 2164 2055 his
2180 2022 2262 2063 aliq

1318 2075 1391 2102 tum
1410 2071 1491 2101 haec
1507 2071 1653 2102 distant:
1674 2068 1697 2114 ἣ
1713 2071 1823 2102 πᾶσαν
1837 2067 1851 2102 ἵ
1879 2081 1894 2107 ς
1906 2067 2063 2116 γλῶσσαν
2077 2071 2129 2102 El.
2145 2065 2212 2102 596
2225 2077 2243 2100 ο

1318 2118 1443 2148 moliris
1460 2117 1609 2148 dicendo.
1647 2115 1766 2162 ψαύων
1783 2115 1840 2150 τὸν
1851 2080 1938 2151 θεὸν
1957 2115 1992 2150 ἐν
2009 2115 2203 2163 κερτομίοις
2219 2126 2239 2162 γ
2253 2118 2270 2153 ,“

1320 2171 1393 2196 σαις
1421 2166 1501 2196 Ant.
1531 2160 1600 2196 962
1618 2165 1690 2204 ch.,
1730 2165 1819 2205 quod
1854 2166 1894 2197 de
1921 2165 2008 2196 dicto
2032 2166 2145 2196 malim
2170 2173 2225 2205 qu
2244 2178 2277 2208 w.

1319 2212 1435 2252 lingua
1452 2213 1608 2251 intelligi.
1648 2212 1801 2243 Fortasse
1827 2213 1928 2244 etiam
1946 2212 2001 2243 Ai.
2025 2207 2091 2243 199
2109 2221 2152 2244 ex
2168 2211 2240 2252 prio
2267 2217 2282 2255 ξ,

1319 2259 1384 2290 huo
1403 2259 1616 2291 trahendum.
1631 2277 1671 2281 —
1692 2259 1890 2299 Loquacitas
1908 2268 1934 2290 s.
1957 2260 2066 2290 inanis
2083 2260 2212 2299 loquela
2227 2267 2243 2290 s
2263 2289 2265 2291 ,

1319 2307 1438 2338 fleatur
1464 2307 1522 2338 sed
1540 2307 1677 2338 nonnisi
1691 2307 1803 2338 addito
1819 2306 1987 2347 epitheto:
2027 2303 2161 2351 πολλὴν
2178 2303 2259 2352 γλῶζ
2283 2337 2286 2340 ,

1320 2351 1444 2399 ἐκχέας
1463 2352 1576 2398 μάτην
1595 2354 1635 2384 fr.
1657 2355 1722 2384 inc.
1746 2349 1824 2394 668,
1848 2350 1869 2385 3
1900 2351 2065 2400 [γλῶτταν
2082 2358 2136 2385 est
2152 2363 2204 2394 ap.
2236 2356 2253 2366 ·“

1321 2400 1441 2441 clem„
1472 2400 1685 2442 Gregoram];
1716 2401 1815 2442 plane
1841 2405 1881 2432 ut
1905 2402 2090 2432 convicium
2115 2401 2217 2432 simili

1319 2447 1568 2487 adsignificatur
1593 2449 1628 2479 in
1656 2445 1896 2493 ὑπερχλίοντες
1914 2446 1954 2481 ἐκ
1971 2445 2129 2493 γλώσσης
2145 2449 2266 2492 κακῆ

1318 2491 1404 2536 281,
1441 2496 1574 2526 iactatio
1595 2496 1629 2526 in
1650 2493 1802 2541 μεγάλης
1818 2492 1978 2541 γλώσσης
1991 2493 2147 2539 κόμπους
2163 2495 2244 2526 Ant.

1320 2551 1388 2582 an„
1411 2551 1475 2582 quo
1492 2551 1593 2574 versu
1618 2551 1700 2573 usus
1726 2543 1889 2574 Libanius
1915 2543 2063 2583 epitaph.
2091 2542 2217 2574 Iuliani
2247 2573 2283 2582 „,

1320 2585 1385 2621 561
1411 2589 1525 2620 Reisk.
1556 2606 1596 2612 —
1624 2589 1848 2621 Adverbiascit
1872 2591 1908 2621 in
1934 2590 1987 2620 his
2014 2590 2182 2621 formulis:

1322 2645 1422 2680 μασιν
1441 2633 1613 2680 δεδορκὼς
1638 2634 1702 2669 κού
1727 2635 1817 2669 κατὰ
1849 2634 2007 2682 γλῶσσαν
2039 2633 2156 2669 κλύων
2174 2636 2229 2668 Tr.

1318 2682 1370 2728 τῷ
1387 2683 1438 2726 νῷ
1454 2678 1486 2716 θ’
1511 2682 1641 2727 ὁμοίως
1666 2681 1758 2716 κάπὸ
1782 2686 1846 2729 τῆς
1870 2681 2028 2730 γλώσσης
2052 2681 2144 2729 λέγω
2169 2681 2225 2715 OC
2248 2681 2277 2729 ’'-

1320 2730 1362 2762 de
1380 2740 1445 2771 qua
1469 2731 1636 2762 locutione
1664 2741 1693 2761 v.
1724 2731 1844 2762 Blomf.
1871 2732 1916 2771 gl.
1947 2731 2067 2762 Aesoh.
2095 2732 2158 2771 Ag.

1321 2777 1538 2819 Relinquitur
1569 2787 1636 2809 una
1672 2778 1841 2810 difficilior
1870 2779 2038 2810 sententia
2062 2777 2123 2809 Ph.
2155 2771 2272 2811 1143>

1321 2822 1442 2869 ἀνδρός
1459 2835 1512 2857 τοι
1528 2823 1567 2858 τὸ
1586 2823 1648 2868 μὲν
1666 2823 1703 2858 εὖ
1722 2822 1772 2868 [ἓν
1787 2823 1908 2870 Dind.]
1928 2822 2059 2858 δίκαιον
2077 2823 2197 2864 εἰπεῖν,

1319 2881 1377 2908 τος
1396 2869 1433 2903 δὲ
1453 2871 1501 2917 μὴ
1521 2868 1689 2917 φθονερὰν
1708 2870 1832 2911 ἐξῶσαι
1847 2870 2004 2917 γλώσσας
2022 2869 2156 2904 ὀὸύνανι.
2198 2869 2281 2919 ΒΚ.

1320 2919 1546 2960 explicantem
1563 2920 1627 2951 viri
1644 2918 1741 2958 fortis
1758 2922 1821 2959 est,
1849 2918 1935 2959 quod
1960 2922 2084 2950 rectum
2109 2919 2182 2950 esti
2211 2930 2214 2943 1

1321 2967 1387 3007 qui,
1407 2965 1462 2996 sed
1480 2967 1534 3006 qui
1553 2965 1637 2996 illud
1654 2965 1755 3006 dimit,
1783 2967 1898 2998 acerba
1923 2965 2100 2998 maledicta
2122 2959 2268 2998 addere*

1320 3012 1430 3052 debet,
1458 3014 1545 3044 bene
1572 3014 1758 3045 confutavit
1782 3013 2015 3053 Hermannus,
2044 3014 2140 3044 cuius
2163 3013 2200 3043 in
2234 3021 2277 3059 »ῳ

1319 3060 1506 3101 pretatione
1525 3061 1631 3100 priora
1648 3061 1769 3100 probo:
1798 3061 1862 3091 viri
1874 3063 1932 3099 est,
1949 3059 2034 3101 quod
2046 3061 2126 3091 utile
2137 3062 2195 3098 est,
2215 3056 2249 3066 “’
2267 3089 2270 3096 ,

1320 3106 1435 3137 dicere.
1474 3106 1537 3139 Sed
1562 3107 1660 3138 aliter
1685 3107 1818 3138 videtur
1841 3107 1881 3138 de
1898 3107 2156 3148 insequentibus
2181 3101 2288 3144 sta?-

1320 3154 1401 3185 dum
1427 3163 1512 3185 esse.
1568 3154 1809 3194 Coniungenda
1839 3155 1918 3185 dicit
1947 3152 2101 3190 εἰπόντος
2127 3149 2274 3191 ὀδύνα>

1321 3210 1421 3232 sensu
1436 3213 1442 3232 :
1473 3200 1510 3231 ob
1529 3210 1603 3232 eum
1620 3204 1748 3240 autem,
1776 3203 1830 3241 qui
1848 3200 1931 3232 dixit
1948 3225 1955 3240 ,
1983 3210 2052 3232 non
2068 3210 2143 3232 cum
2160 3201 2214 3231 inv
2237 3212 2238 3215 ¹
2255 3239 2257 3242 Α
2280 3228 2282 3230 .

1319 3246 1503 3279 maledictis
1530 3257 1678 3287 promere
1711 3247 1854 3279 dolorem
1878 3257 1985 3280 suum.
2039 3249 2090 3279 Ita
2113 3245 2255 3292 γλώσσ
2279 3262 2282 3267 >

1321 3291 1443 3332 ἐξῶσαι
1459 3295 1632 3335 pendebit.
1671 3293 1737 3326 Sed
1752 3292 1907 3331 εἰπόντος
1926 3292 2046 3327 ὀδύναν
2066 3297 2212 3326 contorta
2234 3294 2278 3329 »ζ

1320 3345 1382 3372 est.
1428 3341 1512 3372 Mihi
1537 3339 1690 3377 εἰπόντος
1718 3342 1868 3373 absolute
1886 3342 2012 3372 dictum
2033 3342 2180 3381 videtur,
2208 3339 2273 3384 εἰς,

1320 3387 1450 3427 dixerit,
1471 3392 1505 3419 et
1522 3388 1693 3428 iungenda
1704 3387 1829 3428 ἐξῶσαι
1840 3385 2010 3433 φθονερὰν
2021 3386 2175 3433 γλώσσας
2199 3400 2256 3421 0¹21
