2288 3600
254 102 353 150 644

254 215 388 254 ὀδύναις
414 217 469 248 Tr.
491 213 559 248 985
578 225 633 247 an.
662 214 844 254 confectus.
874 213 985 245 Medio
1003 213 1064 244 hoc
1090 213 1190 251 vulgo
1207 212 1265 243 ad-

254 266 417 297 scribunt.
1038 257 1088 303 (11
1105 269 1139 300 p.
1162 255 1263 301 607.)

324 320 443 367 Πονη
455 333 472 367 ρ
484 319 525 355 ία
538 322 702 362 pravitas.
730 318 754 364 ἡ
781 316 819 352 δὲ
845 316 960 364 μωρία
977 315 1110 362 μάλιστ’
1128 314 1263 361 ἀδελφὴ

253 373 316 416 τῆς
333 367 499 415 πονηρίας
517 367 582 413 ἔφυ
601 369 667 400 1118.
687 368 728 400 fr.
751 363 831 406 663,
853 364 887 398 5.

325 437 526 484 Πονηρός
553 441 705 479 iynavus.
743 434 896 481 πόλεμος
921 430 1026 469 οὐδέν’
1055 429 1149 479 ἄνδρ’
1175 431 1263 467 ἑκὼν

254 486 344 533 αἱρεῖ
367 484 516 532 πονηρόν
543 486 603 518 Ph.
620 482 701 517 437.
724 502 764 508 —
785 483 986 516 Acuendum
1014 492 1094 515 sane
1118 482 1198 513 hoc:
1228 491 1259 513 V.

255 532 434 582 μοχθηρός
457 543 483 566 ⁸·
507 530 700 579 μόχθηρος-

325 589 477 630 Πόνος.
506 591 520 634 ll
544 592 634 624 labor
666 591 837 623 universe.
874 587 980 622 πόνου
1007 586 1174 634 λήξαντος
1199 587 1259 619 Ph.

255 637 334 674 638.
370 641 430 673 τοῦ
457 637 562 672 πόνου
589 637 653 685 γὰρ
679 635 743 671 οὐκ
773 634 874 674 ὄκνος
898 633 979 669 887.
1017 634 1096 669 οδπὶ
1121 645 1138 667 ν
1165 631 1264 680 ἴγὰρ

256 685 331 725 ἅλις
357 685 460 724 πόνος
484 683 564 718 892.
609 683 714 719 πόνου
741 682 882 729 μνήμην
908 681 999 731 ἔχειν
1033 683 1088 716 OC
1107 679 1152 714 50
1181 706 1187 713 .
1218 674 1265 714 ὅτ’

257 733 291 768 ἐν
309 732 404 780 πόνῳ
421 732 533 779 ταύτῷ
553 731 711 778 βεβηκὼς
728 730 907 778 τυγχάνεις
925 734 1043 764 κακῶν
1063 727 1141 774 ἐμοί
1158 725 1261 761 1358.

255 781 313 815 τὸν
328 778 435 815 πολὺν
450 778 573 814 ἄλλοτε
592 779 654 825 μὲν
672 777 775 812 πόνον
791 776 939 823 ἔμπεδον
956 775 1100 824 εἴχομεν
1118 773 1261 808 1674111.

257 826 288 862 εἴ
303 839 353 866 τις
370 826 460 861 τοῦδ’
478 825 650 873 ἀκηδήσοι
666 825 773 860 πόνου
790 827 871 858 Ant.
885 822 965 857 414.
986 823 1090 861 πόνος
1108 821 1266 868 περισσός

257 875 326 910 ἐστι
349 873 409 908 τάν
427 868 552 909 (Ἀιδου
580 873 687 919 σέβειν
713 871 791 906 780.
822 871 860 906 οὐ
879 870 942 919 γὰρ
959 865 1051 905 τόνδ’
1068 869 1108 905 ἂν
1125 869 1264 917 ἠρόμην

255 921 358 956 πόνον
377 919 456 954 907.
486 920 592 955 πόνου
616 932 668 954 τοι
693 919 801 968 χωρὶς
827 917 926 954 οὐδὲν
945 917 1084 966 εὐτυχεῖ
1108 919 1160 950 El.
1182 915 1262 950 945.

255 968 351 1016 πόνῳ
375 966 497 1015 γλυκεῖ
521 980 569 1002 πα
593 966 694 1015 έσχον
719 965 887 1014 (τροφήν)
905 964 1006 999 1145.
1035 961 1110 1011 τῷδ’
1139 963 1267 1004 δπεζύ-

256 1028 319 1063 γην
343 1016 437 1061 πόνῳ
463 1017 518 1048 Ai.
538 1013 561 1048 2
590 1041 596 1047 .
624 1015 728 1053 πόνος
752 1013 846 1060 πόνῳ
872 1013 977 1047 πόνον
1004 1011 1100 1059 φέρει
1124 1010 1192 1045 866
1211 1014 1263 1045 ch.

257 1065 405 1097 laborem
421 1064 512 1095 labor
536 1061 694 1106 (insuper
711 1062 879 1094 afferendo
905 1059 985 1105 alio]
1002 1064 1111 1101 auyet.
1132 1071 1164 1092 ν.
1181 1062 1263 1092 Lob.

256 1110 361 1145 πόνου
377 1121 415 1157 γε
441 1108 576 1156 πλῆθος
600 1111 657 1142 Α1.
677 1106 756 1142 876.
785 1107 892 1143 πόνου
911 1105 1210 1154 μεταλλαχθέντος
1236 1106 1268 1141 οἱ

256 1157 356 1192 πόνοι
372 1155 509 1204 γλυκεῖς
522 1159 617 1190 Laoc.
634 1159 676 1189 fr.
689 1154 756 1189 343
766 1168 794 1188 a.
824 1158 847 1188 f.
868 1155 1008 1189 κόπου
1028 1156 1243 1188 scribendum
1257 1167 1263 1186 :

257 1217 289 1238 v.
309 1207 344 1237 in
361 1202 599 1250 μεταλλάσσω.
618 1202 712 1249 πόνῳ
729 1203 833 1237 πόνον
852 1202 893 1237 ἐκ
908 1201 1030 1240 νυκτὸς
1048 1200 1268 1236 ἀλλάσσουσα

257 1251 314 1287 τὸν
340 1250 419 1287 καθ’
444 1250 579 1299 ἡμέραν
604 1253 645 1284 1”1·.
668 1252 763 1283 Niob.
784 1249 865 1292 400,
886 1248 920 1283 2.
962 1248 1055 1284 ούτοι
1080 1247 1159 1284 πόθ’
1189 1247 1268 1296 ἅψει

255 1304 323 1334 τῶν
342 1298 458 1346 ἄκρων
474 1297 554 1333 ἄνευ
571 1298 678 1333 πόνου
695 1299 823 1338 Polyid.
843 1295 924 1330 463.
952 1295 1167 1343 *μανθάνων
1186 1294 1267 1330 ἄνευ

258 1345 362 1381 πόνου
379 1349 446 1379 1118.
475 1343 554 1388 779,
577 1344 610 1378 7.
644 1346 805 1388 [inferiori
830 1350 949 1387 poetae
975 1346 1101 1377 tribuit
1119 1344 1263 1386 Nauck]

260 1412 301 1418 -
322 1395 468 1426 Phua-alis
493 1404 532 1426 ea
549 1395 794 1434 significatione
811 1394 952 1425 minimo
977 1394 1136 1434 frequens
1158 1392 1264 1424 adest.

256 1440 363 1488 ἄνδρα
380 1438 407 1474 δ’
425 1439 572 1487 ὠφελεῖν
650 1438 833 1477 κάλλιστος
850 1439 964 1473 πόνων
981 1440 1039 1472 ΟΒ
1048 1436 1128 1472 315.
1158 1440 1266 1471 Pleri—

258 1499 324 1531 que
341 1490 433 1521 codd.
454 1492 494 1521 ut
518 1489 577 1520 LA
589 1499 632 1520 m.
654 1498 705 1530 pr.
734 1486 837 1525 πόνος
866 1487 967 1529 [quod
985 1488 1112 1528 recepit
1129 1486 1264 1529 Dind.].

261 1536 328 1569 Sed
358 1534 473 1570 πόνων
507 1537 566 1567 LA
599 1547 618 1568 a
651 1536 817 1568 diorthota
849 1539 885 1567 et
915 1535 1002 1567 Flor.
1032 1531 1069 1568 Γ.
1108 1534 1136 1567 ὦ
1171 1532 1268 1567 πόνοι

259 1582 278 1629 β
302 1588 391 1617 οτῶν
415 1580 576 1617 δύσπονοι
600 1584 682 1615 Ant.
706 1578 794 1614 1276
811 1587 854 1614 111.
892 1580 954 1627 ἐμέ
977 1593 1015 1628 γε
1039 1580 1098 1615 τὸν
1126 1586 1268 1626 μακρῶν

258 1594 387 1664 &exducem
405 1628 519 1664 πόνων
537 1631 593 1662 Α1.
612 1627 682 1663 888
694 1631 745 1662 ch.
766 1630 789 1662 i.
811 1639 841 1661 e.
864 1628 981 1675 μακρὰ
997 1626 1175 1673 ἀλώμενον
1195 1628 1271 1662 ἐπι-

197 1706 199 1709 .
259 1677 385 1715 πόνως.
415 1678 469 1709 Fr.
491 1679 588 1710 Laoc.
611 1674 678 1710 343
697 1687 726 1709 a.
747 1678 814 1709 iam
832 1678 971 1708 allatum
988 1680 1053 1708 est.
1077 1695 1118 1701 —-
1137 1680 1152 1715 ΙΙ
1170 1687 1268 1709 aeru-

257 1736 338 1758 mna
353 1729 413 1757 aut
429 1735 472 1757 ex
487 1725 615 1765 morbo,
652 1729 711 1757 aut
727 1726 822 1764 yravz'
845 1725 953 1765 malo,
989 1725 1085 1756 velut
1105 1726 1264 1764 periculo,

260 1773 351 1814 bello,
374 1772 515 1812 insidiis,
541 1773 706 1804 servitute.
751 1770 788 1808 ὃς
819 1769 917 1804 τόνδε
948 1767 1029 1816 κάμ’
1068 1769 1199 1808 ἔσωσας
1230 1769 1270 1804 ἐκ

261 1817 400 1853 πολλῶν
419 1818 531 1853 πόνων
558 1820 612 1851 El.
636 1815 737 1851 1356.
771 1817 896 1864 τρόπον
924 1817 986 1863 μὲν
1014 1815 1054 1851 ἂν
1073 1817 1186 1852 πόνων
1206 1817 1270 1852 οὐκ

260 1864 300 1900 ἂν
327 1864 489 1911 διείποιμι
516 1867 571 1898 Tr.
593 1863 649 1898 21.
688 1867 730 1898 de
745 1876 870 1908 ,puyna
886 1867 1044 1898 Herculis
1063 1870 1098 1897 et
1116 1867 1266 1898 Acheloi.

259 1912 352 1947 1’“τ(ῑ1ν
366 1909 582 1959 εΗρακλείων
600 1911 714 1947 πόνων
736 1910 812 1944 170.
846 1913 937 1955 [secl.
960 1911 1103 1957 Wund.]
1123 1909 1190 1947 οὐδ’
1219 1910 1271 1946 ἐπ’

256 1956 439 2039 Ὀμφάλγὲ
452 1959 565 1994 πόνων
590 1958 809 2006 λατρεύματα
837 1957 916 1992 356.
963 1959 1135 2007 ἀναδοχάν
1161 1958 1273 1994 τελεῖν

259 2007 373 2042 πόνων
393 2005 416 2040 8
441 2006 462 2040 5
480 2009 532 2041 ch.
553 2005 696 2053 ἔμελλες
716 2005 887 2048 ἐξανύσειν
905 2006 1016 2041 κακὰν
1034 2011 1159 2053 μοῖραν
1178 2006 1276 2041 ἀπει-

266 2053 385 2100 ρεσίων
411 2054 526 2089 πόνων
552 2056 606 2087 Α1.
628 2052 695 2087 929
713 2056 765 2087 811.
795 2055 836 2087 (18
855 2054 1005 2095 infausto
1022 2056 1135 2088 Aiacis
1161 2057 1270 2087 exitio.

264 2105 340 2140 τοῖς
357 2104 430 2139 σοῖς
447 2098 600 2148 ἀρήξαντ’
623 2101 657 2135 ἐν
683 2101 813 2136 πόνοισι
838 2101 1000 2147 μηδαμοῦ
1022 2100 1122 2135 1007.
1153 2101 1195 2136 ἰὼ
1213 2101 1277 2136 πό-

265 2161 318 2183 νοι
335 2148 400 2196 πρό
424 2161 495 2183 ονοι
512 2148 625 2183 πόνων
646 2146 735 2181 1197
745 2150 796 2182 811.
826 2150 867 2181 de
885 2150 994 2181 Troici
1012 2151 1092 2181 belli
1110 2151 1221 2182 causis
1241 2154 1275 2182 et

266 2197 387 2237 initiis.
402 2160 489 2242 {quo
506 2198 575 2229 loco
588 2197 691 2229 Dind.
714 2195 755 2230 ἰὼ
773 2195 870 2230 πόνοι
895 2195 1062 2242 πρόπονοι
1079 2198 1185 2238 dedit,
1215 2199 1275 2230 de-

266 2245 335 2276 leto
351 2241 497 2288 πόνων.]
527 2237 667 2277 τοιοῖσδ’
693 2241 728 2276 ἐν
746 2242 876 2277 πόνοισι
904 2243 1085 2288 κειμένους
1106 2242 1206 2277 1306.
1236 2245 1276 2276 (18

267 2291 370 2323 Aiace
382 2295 512 2323 mortuo
523 2292 564 2323 de
578 2292 755 2332 sepultura
772 2293 998 2332 periclitante.
1028 2289 1168 2324 πολλῶν
1198 2289 1277 2325 ἕλε-

267 2335 320 2376 ξεν
340 2336 524 2372 δυσοίστων
547 2337 662 2372 πόνων
681 2336 774 2372 ἆθλα
792 2339 852 2370 Ρ11.
876 2336 955 2370 508.
984 2340 1026 2370 (18
1043 2340 1179 2371 miseria
1196 2340 1277 2370 Phi-

267 2385 420 2418 loctetae.
451 2384 492 2418 ἰὼ
518 2383 660 2431 δύστηνε
687 2384 772 2431 δῆτα
797 2383 852 2418 διὰ
877 2384 989 2419 πόνων
1007 2384 1142 2420 πάντων
1162 2384 1278 2432 φανείς

269 2428 349 2465 760.
395 2431 495 2470 ὅσους
520 2431 672 2478 πονήσας
704 2431 762 2466 καὶ
794 2431 976 2472 διεξελθὼν
1011 2432 1137 2471 πόνους
1173 2431 1275 2465 1419.

269 2479 434 2513 Hercules
452 2480 493 2511 de
512 2490 548 2512 se
566 2481 724 2521 loquitur.
762 2478 802 2513 ἐκ
817 2484 885 2513 τῶν
904 2479 1018 2514 πόνων
1037 2476 1132 2513 τῶνδ’
1153 2479 1279 2514 εὐκλεᾶ

269 2523 392 2560 θέσθαι
419 2524 489 2571 βίον
519 2524 619 2559 1422.
657 2525 791 2573 λυγρῶν
818 2526 930 2560 πόνων
951 2526 1085 2572 ἱκτῆρες
1103 2526 1279 2561 ἐπιστενά-

268 2583 388 2620 χουσιν
415 2574 473 2606 OR
491 2571 556 2606 185
575 2575 627 2606 ch.
655 2575 697 2606 de
723 2575 935 2616 supplicibus
959 2579 1098 2616 propter
1122 2577 1278 2616 pestilen-

269 2623 362 2652 tz'am.
398 2622 450 2652 De
477 2622 593 2653 eadem
617 2631 651 2652 re
679 2617 742 2654 ὅστ’
772 2620 858 2667 ἐμὰν
883 2623 945 2667 γᾶν
973 2619 1074 2668 φίλοιν
1100 2620 1134 2655 ἐν
1162 2621 1279 2659 πόνοις
1315 2610 1337 2656 (ξ

271 2664 443 2701 ἀλύουσαν
460 2663 530 2701 κατ’
553 2666 655 2714 ὀρθὸν
674 2665 809 2715 ούρισας
828 2665 896 2700 694
914 2670 965 2700 811.
1003 2667 1052 2706 τίς
1070 2667 1166 2707 ἄταις
1184 2668 1280 2717 ἀγρί-

270 2725 335 2756 αις,
363 2713 412 2752 τίς
428 2713 472 2748 ’ἐν
499 2713 612 2752 πόνοις
640 2714 794 2756 ξύνοικος
822 2713 911 2748 1205
929 2717 980 2748 811.
1004 2714 1067 2760 [sic
1084 2718 1186 2749 Dind.
1209 2727 1275 2748 sec.

270 2762 407 2794 Herm.:
436 2760 486 2799 τίς
504 2761 539 2795 ἐν
558 2761 683 2804 πόνοις,
715 2762 764 2800 τίς
793 2761 890 2801 ἄταις
920 2761 1050 2809 ἀγρίαις
1076 2762 1166 2808 LA.]
1200 2763 1279 2801 τοὺς

271 2806 309 2841 δὲ
343 2806 420 2846 σοὺς
457 2807 533 2842 ὅποι
562 2807 636 2843 θεοὶ
668 2808 794 2847 πόνους
827 2813 1074 2844 κατοικτιοῖισιν
1115 2811 1170 2844 OC
1197 2808 1277 2844 385.

270 2854 353 2901 τῇδε
377 2855 421 2903 τῇ
446 2854 543 2889 πόλει
570 2855 614 2900 μέ
637 2869 676 2890 αν
704 2855 828 2903 σωτ”ρ’
846 2855 1003 2903 ἀρεῖσθε,
1030 2860 1103 2895 τοῖς
1129 2852 1152 2891 δ’
1181 2857 1281 2903 ἐμοῖς

272 2899 412 2949 ἐχθροῖς
437 2902 562 2941 πόνους
587 2901 609 2935 4
637 2902 667 2936 1.
703 2902 734 2936 τί
762 2916 780 2937 τ
801 2900 846 2938 νδ’
876 2902 916 2938 ἂν
939 2903 1051 2942 ε’ίποις
1077 2903 1163 2939 ἄλλο
1189 2903 1280 2950 πλὴν

273 2947 369 2994 αὐτῷ
393 2949 518 2987 πόνους
543 2953 645 2997 φῦσαι
671 2953 752 2983 Ant.
770 2949 851 2985 646.
886 2954 922 2984 in
941 2953 1002 2984 LA
1025 2964 1077 2998 γρ.
1106 2951 1213 2990 πέδας
1241 2954 1281 2984 ab

273 2997 450 3037 diorthota‚
480 2998 569 3038 quod
593 2999 782 3039 explicatur
808 3000 844 3030 in
863 3000 986 3032 scholio
1011 3004 1047 3031 et
1064 3002 1191 3041 recepit
1207 3001 1278 3032 Erf.

274 3043 328 3076 Sic
353 3044 394 3075 de
414 3045 553 3077 Troiano
579 3047 667 3078 bello
684 3047 902 3087 quaesiturus
920 3050 1013 3087 rogat
1030 3047 1233 3079 Philoctetes
1258 3045 1281 3092 ἠ

272 3087 336 3136 γὰρ
361 3090 521 3137 μετέσχες
547 3091 606 3125 καὶ
623 3091 660 3125 σὺ
686 3091 785 3126 τοῦδε
803 3095 862 3126 τοῦ
880 3092 1007 3135 πόνους
1035 3094 1097 3125 Ph.
1118 3091 1199 3126 248.
1228 3095 1283 3126 Ex

274 3137 391 3170 eodem
409 3148 531 3178 genere
549 3143 632 3171 sunt
649 3138 681 3173 οἱ
698 3138 804 3173 πόνου
823 3138 954 3174 πολλοῦ
983 3138 1078 3186 πλέῳ
1096 3142 1152 3172 Ai.
1177 3138 1277 3180 1112,

273 3193 356 3225 quos
376 3185 460 3217 duce
485 3195 551 3218 uno
570 3187 821 3219 scholiastarum
846 3189 987 3220 ridicule
1006 3188 1152 3220 Brunck.
1174 3189 1282 3220 inter-

272 3235 426 3271 pretatur
443 3234 500 3272 que*
525 3233 628 3265 labori
645 3235 732 3265 nulli
754 3238 927 3274 parcentes
951 3238 1076 3268 merent
1102 3235 1279 3275 stipendia.

274 3278 361 3310 Sunt
379 3288 473 3319 vero,
509 3281 598 3321 quod
615 3281 701 3312 alius
727 3282 828 3313 schol.
851 3282 947 3322 vidit,
978 3280 1010 3315 οἱ
1036 3279 1278 3327 φιλοκίνδυνοι,

275 3324 481 3366 Αόεηιειιτεν,
512 3328 569 3367 qui
587 3328 711 3367 gloriae
725 3332 761 3360 et
786 3330 928 3369 praedae
949 3330 1163 3369 quaerendae
1182 3339 1282 3361 causa

273 3374 464 3404 conscensis
482 3375 626 3406 navibus
644 3376 749 3407 maria
773 3381 915 3407 currunt
935 3385 1077 3417 orasque
1095 3377 1282 3408 maritimas

1072 93 1278 161 Πονηρία
1309 122 1367 129 -—
1400 91 1549 141 Πόποι

1994 103 2043 151 [11
2051 111 2086 143 p.
2099 96 2287 134 coo—609

1300 210 1476 242 latrocinio
1501 214 1535 240 et
1561 209 1682 249 plagiis
1708 211 1856 248 vexant,
1891 207 1979 249 quod
2002 216 2112 247 genus
2138 205 2287 238 Homeri(

1301 260 1413 289 aetate
1431 257 1614 288 honestum
1641 265 1660 286 a
1677 254 1778 295 soph.
1809 264 1890 287 suae
1913 254 2036 287 aetatis
2058 262 2186 286 morem
2203 253 2287 286 obse·

1300 308 1402 336 vante
1420 303 1640 344 contemptim
1658 305 1873 334 memoratur.
1901 298 1955 346 [F.
1977 301 2015 335 G.
2036 301 2136 335 Wex.
2154 301 2193 333 in
2210 298 2288 342 Sopl

1300 352 1441 383 analect.
1474 346 1575 382 1863.
1614 349 1895 382 Lacedaemonios
1912 349 2007 389 tangi
2031 345 2287 392 putat.]„—.-

1300 408 1393 439 cura,
1414 396 1601 430 sollicitudo
1619 398 1735 429 animi.
1764 394 1822 436 νὺξ
1838 393 1902 442 γὰρ
1921 393 2047 443 εἰσάγει
2062 393 2122 429 καὶ
2137 392 2198 435 νὺξ
2214 392 2288 428 ἀπο(

1300 443 1357 480 θεῖ
1374 442 1618 490 διαδεδεγμένη
1637 441 1740 477 πόνον
1756 444 1813 476 Tr.
1826 441 1881 476 30.
1901 461 2004 475 --.—
2023 442 2038 485 ss
2055 451 2166 484 opera,
2185 445 2288 482 myot:

1300 496 1497 533 susceptum.
1526 490 1631 529 πόνος
1649 489 1667 525 ὁ
1694 489 1743 536 μὴ
1771 488 1888 536 φοβῶν
1904 488 2083 536 κράτιστος
2106 489 2167 522 Ρ11.
2181 485 2251 522 864
2260 488 2288 522 cl

1303 540 1436 582 -.-ΙΙ
1454 541 1624 579 z'nyratum
1650 538 1796 579 quodvis.
1826 536 1941 572 ἀπάτα
1963 535 1992 571 δ’
2016 535 2162 574 ἀπάταις
2186 534 2286 581 ἑτέρα

1301 585 1401 632 ἑτέρα
1418 583 1712 631 παραβαλλομένα
1734 583 1862 627 πόνον,
1890 583 1931 619 οὐ
1954 583 2074 631 χάριν,
2102 581 2288 617 ἀντιδίδωσ-

1301 633 1392 681 ἔχειν
1417 634 1473 667 OC
1490 630 1561 666 232
1578 633 1629 665 ch.
1660 634 1734 674 „qui
1758 633 1911 674 deceptus
1925 633 2072 664 vicissim
2088 631 2228 672 decipit,
2247 639 2288 663 nc

1300 681 1385 723 quod
1402 684 1545 722 gyratam,
1567 680 1623 712 sed
1641 679 1727 722 quod
1744 682 1913 720 inyratum
1929 683 1986 720 est,
2014 678 2153 711 redda'tst
2183 678 2288 710 Vitio}

1300 730 1478 771 scriptura,
1499 737 1693 770 quanquam
1709 728 1873 759 librorum
1886 728 2039 759 omnium
2053 730 2106 759 est
2123 723 2227 763 πόνος
2259 725 2288 758 O

1303 773 1404 817 1259,
1433 776 1492 817 qui
1510 785 1587 808 cum
1604 776 1641 806 in
1658 778 1744 807 veste
1769 784 1845 807 esse
1863 784 1930 807 non
1947 775 2067 816 possit,
2090 771 2186 810 πίνος
2203 773 2279 813 iure

1302 824 1470 864 Scaligero
1489 826 1687 855 correctum.
1708 820 1812 859 πόνος
1830 832 1890 864 pro
1907 820 2033 859 πόντος
2049 821 2140 862 apud
2157 820 2261 852 schol.
2280 830 2287 850 ι

1300 872 1337 903 111
1356 871 1428 903 cod.
1450 872 1526 902 Vat.
1550 873 1662 902 exstat
1679 869 1734 902 OC
1751 867 1843 902 1680
1855 879 1916 910 111.,
1938 868 2030 910 quod
2046 869 2113 900 iam
2130 867 2287 900 Dorvillit

1301 919 1431 951 viderat
1447 918 1489 950 ad
1508 917 1606 950 Char.
1627 927 1661 958 p.
1681 913 1750 949 497
1769 917 1863 959 Lips.
1877 942 1885 957 ‚
1914 921 1956 948 ut
1971 916 2098 948 mirum
2123 916 2170 947 sit
2194 915 2230 946 in
2254 914 2288 946 hz

1302 975 1337 998 re
1355 975 1484 998 errasse
1503 965 1693 1004 Reisigium
1714 966 1838 1001 νοῦσος
1856 964 2100 1004 corrigentem,
2131 961 2287 995 secundu-

1302 1014 1500 1046 scholiastae
1518 1013 1647 1044 scilicet
1663 1015 1828 1044 mentem.
1851 1029 1892 1035 —
1909 1011 1965 1043 Ai.
1983 1007 2039 1043 61.
2061 1011 2160 1050 longe
2177 1010 2287 1049 elegat

1302 1063 1372 1093 tius
1388 1061 1545 1092 scribitur
1564 1057 1683 1104 ἐπειδὴ
1701 1052 1795 1092 τοῦδ’
1813 1056 1994 1104 ἐλώφησεν
2012 1056 2119 1091 πόνου
2137 1066 2182 1089 ex
2198 1065 2283 1098 apog

1303 1109 1451 1150 aliquot:
1487 1111 1600 1139 cetera
1616 1116 1695 1139 cum
1709 1107 1768 1138 LA
1785 1104 1892 1152 φόνου
1910 1114 2104 1147 quenquam
2120 1105 2156 1137 id
2173 1105 2233 1136 vix
2252 1103 2287 1135 di

1302 1160 1395 1188 recte
1413 1155 1538 1197 potuit,
1560 1165 1592 1186 v,
1614 1151 1760 1198 λωφάω.

1304 1263 1345 1293 Fl
1372 1211 1403 1293 151
1403 1211 1575 1293 ὅδντέζω
1599 1215 1825 1253 marz’meryo.
1867 1211 1886 1247 ὁ
1919 1207 2112 1248 ποντισθεὶς
2144 1205 2286 1257 Μυρτίλι

1319 1281 1331 1293 ,Α
1350 1287 1357 1294 .
1467 1272 1484 1293 C
1512 1287 1519 1293 .

1374 1317 1405 1354 Π
1416 1319 1488 1354 όντ
1499 1331 1534 1354 ιο
1547 1331 1562 1357 ς
1579 1321 1743 1352 marinus.
1763 1316 1922 1356 ποντίους
1939 1315 2097 1355 αὐλῶνας
2115 1317 2171 1349 Tr.
2187 1311 2254 1349 100
2262 1315 2285 1348 cl

1304 1378 1336 1401 v.
1357 1365 1485 1401 αὐλών.
1524 1367 1750 1400 Scribendum
1774 1367 1916 1399 fortasse
1942 1362 2146 1405 ποντίας,
2174 1362 2284 1405 quod·

1304 1416 1364 1447 LA
1382 1418 1495 1448 exstat
1512 1426 1530 1447 a
1546 1425 1598 1457 pr.
1619 1425 1664 1447 m.
1685 1412 1821 1448 πόντιον
1838 1411 2001 1447 κλύδωνα
2024 1411 2080 1445 OC
2100 1407 2190 1444 1686
2207 1420 2253 1443 111.
2275 1429 2285 1435 -

1303 1460 1424 1496 ποντία
1450 1459 1583 1496 θύελλα
1607 1461 1662 1494 OG
1683 1458 1783 1495 1659.
1819 1458 1972 1498 ποντίαις
1998 1457 2188 1496 δυσπνόοις,
2203 1455 2231 1493 Θ
2254 1449 2284 1506 ᾗ·

1305 1517 1412 1543 σαισιν
1431 1512 1554 1547 πνοαῖς
1572 1510 1654 1542 Ant.
1677 1506 1745 1542 587
1764 1510 1815 1542 ch.
1846 1509 2037 1550 Legebatur
2062 1504 2202 1544 ποντίας
2219 1468 2285 1539 (ῑλό

1305 1558 1363 1590 sed
1381 1555 1463 1595 ἁλός
1483 1558 1683 1589 scholiastae
1703 1566 1769 1589 non
1788 1557 1917 1589 lectum
1929 1555 2060 1589 delevit
2075 1554 2218 1586 ElmsL:
2239 1563 2288 1586 πο

1303 1603 1390 1642 τίαις
1408 1609 1522 1637 autem
1539 1606 1599 1636 LA
1614 1604 1850 1646 suppeditavit
1868 1614 1878 1636 ι
1894 1606 1973 1636 ante
1992 1613 2011 1635 σ
2027 1612 2047 1634 a
2063 1612 2109 1635 m.
2126 1604 2197 1634 ant.
2214 1600 2284 1632 illat

1307 1672 1347 1677 —
1369 1650 1410 1685 ἐκ
1425 1655 1488 1697 τῆς
1506 1649 1643 1689 ποντίας
1662 1648 1802 1698 Χρύσης
1819 1651 1879 1683 Ρ11.
1899 1647 1980 1684 269.
2017 1650 2058 1682 de
2076 1649 2198 1690 imula,
2219 1657 2284 1690 qua

1305 1710 1381 1732 cum
1401 1710 1462 1732 nec
1491 1701 1658 1732 marinam
1675 1709 1738 1731 nec
1753 1700 1960 1732 maritimam
1972 1698 2094 1730 Latine
2107 1697 2210 1737 dicas,
2230 1699 2284 1738 opt

1305 1758 1397 1779 mum
1423 1748 1557 1779 videtur
1584 1747 1687 1789 priori
1713 1746 1955 1786 significationi
1982 1745 2178 1786 exemplum
2203 1751 2288 1776 acce]

1307 1805 1393 1835 sere,
1411 1796 1539 1836 quippe
1557 1804 1635 1826 cum
1652 1795 1766 1826 insula
1779 1794 1863 1825 mari
1876 1793 2082 1825 circumfusa
2094 1791 2196 1823 maris
2212 1790 2280 1832 ipsi

1305 1852 1382 1874 esse
1400 1843 1565 1874 videatur.
1587 1860 1634 1865 —
1653 1841 1799 1882 Neptuni
1823 1849 2007 1881 cognomen
2026 1842 2078 1872 est
2101 1837 2160 1872 τὸν
2184 1835 2288 1871 πόντι

1306 1888 1471 1936 γαιάοχον
1485 1885 1591 1927 Ῥέας
1610 1886 1708 1936 φίλον
1728 1886 1802 1921 υἱόν
1826 1888 1882 1921 OG
1902 1884 1993 1919 1072
2011 1887 2062 1920 811.

1380 1945 1410 1982 Π
1422 1959 1439 1981 0
1449 1959 1466 1981 ν
1475 1959 1494 1981 τ
1504 1959 1521 1981 ο
1532 1959 1549 1981 ν
1561 1945 1636 1981 αύτ
1646 1958 1670 1992 η
1682 1959 1697 1984 ς
1715 1949 1770 1989 qui
1782 1949 1891 1979 maria
1906 1948 2058 1987 naviyat.
2085 1943 2119 1979 οἱ
2134 1953 2288 1978 ποντοναε

1307 2007 1360 2029 ται
1387 1996 1479 2035 Scyr.
1501 1996 1541 2028 fr.
1562 1992 1644 2036 499,
1667 1993 1697 2027 1.
1735 1998 1930 2027 mercatores
1955 1997 2050 2034 sunt,
2085 1993 2250 2025 mercium
2273 2000 2283 2022 (

1309 2043 1562 2075 vendendarum
1579 2052 1680 2075 causa
1696 2043 1801 2074 maria
1818 2045 2007 2075 currentes.

1380 2111 1410 2148 Π
1421 2125 1438 2147 ο
1449 2125 1466 2146 ν
1474 2125 1494 2146 τ
1503 2125 1520 2147 ο
1532 2125 1556 2147 π
1568 2112 1586 2146 ό
1598 2124 1615 2159 ρ
1627 2125 1644 2147 ο
1656 2125 1672 2151 ς
1688 2123 1779 2146 marc
1804 2114 1983 2145 traiiciem.
2020 2108 2224 2156 ποντοπόρῳ
2242 2100 2288 2156 δοῖ]

1332 2171 1385 2194 ατι
1402 2162 1462 2192 Ρ11.
1484 2159 1548 2193 721
1571 2162 1623 2193 811.
1652 2162 1693 2193 de
1718 2171 1823 2202 nave,
1852 2161 1940 2192 sicut
1963 2156 2168 2206 ποντοπόρῳ
2185 2153 2243 2190 ναῖ
2267 2157 2288 2192 A

1336 2206 1380 2240 50
1399 2210 1451 2240 ch.
2045 2203 2096 2249 (11
2112 2214 2146 2246 p.
2169 2200 2250 2244 609,
2269 2199 2282 2235 ε

1383 2264 1412 2301 Π
1423 2266 1523 2300 όντο
1538 2279 1553 2304 ς
1570 2277 1674 2299 mare.
1697 2264 1819 2304 πολιᾶς
1837 2265 1963 2300 πόντου
1979 2262 2076 2306 ,θινός
2093 2264 2156 2296 Ρ11.
2171 2259 2281 2295 1123(

1312 2327 1344 2347 v.
1366 2313 1496 2351 πολιός.
1533 2312 1663 2351 κτύπος
1681 2312 1788 2360 ἄρσην
1803 2314 1929 2347 πόντου
1948 2309 2126 2358 προβολῆς
2136 2307 2282 2355 (προβλΰ

1315 2360 1404 2394 1455
1423 2372 1478 2394 an.
1514 2360 1582 2406 ὅτῳ
1610 2357 1685 2407 μήτ’
1713 2353 1825 2407 ’Ἄρης
1858 2359 1946 2405 μήτε
1972 2358 2096 2396 πόντος
2123 2356 2283 2403 ἀντέκυρ(

1313 2409 1368 2442 OG
1390 2406 1479 2441 1680
1497 2410 1549 2440 811.
1587 2409 1689 2441 schol.
1711 2410 1957 2450 interpretatur
1980 2405 2068 2453 μήτε
2091 2403 2191 2443 νόσος
2218 2402 2282 2450 ἐπῆ

1313 2454 1385 2496 θεν,
1414 2457 1510 2498 quasi
1532 2454 1648 2497 πόνος,
1677 2457 1764 2497 quod
1783 2460 1834 2487 est
1858 2457 1894 2487 in
1920 2455 1990 2487 cod.
2011 2454 2110 2495 Vat.‚
2138 2452 2282 2492 legerit*

1314 2509 1420 2536 metro
1440 2505 1620 2535 consulens
1638 2506 1771 2543 νοῦσος,
1793 2503 1882 2544 quod
1900 2503 2029 2541 Reisig.
2049 2500 2234 2542 proposuit.
2262 2508 2282 2531 τι

1313 2549 1388 2584 λιοῡ
1415 2549 1521 2595 πέραν
1546 2549 1673 2584 πόντου
1700 2552 1780 2582 Ant.
1803 2547 1871 2582 335
1889 2550 1941 2582 811.
1970 2547 2097 2582 πόντου
2122 2543 2147 2581 τ’
2176 2542 2282 2580 εἰναλί

1343 2597 1414 2631 ύσιν
1443 2595 1510 2629 345
1536 2599 1587 2630 811.
1622 2600 1737 2638 pisces.
1779 2595 1873 2643 εὐρέϊ
1902 2595 1987 2630 πόντ
2046 2596 2102 2628 Tr.
2127 2591 2205 2626 114.
2243 2602 2282 2638 rt}

1313 2643 1552 2692 αμφίκλυστον
1579 2643 1619 2677 ἐκ
1644 2644 1770 2678 πόντου
1796 2643 1923 2690 πέτραν
1949 2608 2029 2676 7810.
2066 2638 2182 2675 πολλὰ
2205 2638 2268 2686 μὲν

1314 2692 1440 2738 πόντῳ,
1461 2690 1552 2725 κατά
1573 2703 1609 2724 τε
1637 2690 1711 2737 δριὰ
1729 2690 1838 2725 πάντα
1854 2688 2031 2736 καθαίρων
2052 2686 2138 2722 1011
2159 2698 2204 2720 m.
2232 2684 2280 2732 ἄη

1315 2739 1519 2785 πνευμάτων
1539 2738 1695 2783 ἐκοίμισε
1713 2738 1874 2772 στένοντα
1899 2737 2022 2772 πόντον
2039 2738 2095 2769 Ai.
2116 2732 2197 2768 674.
2226 2731 2282 2768 bk·

1316 2786 1439 2820 πόντου
1465 2781 1640 2832 πρόβλημ’
1665 2784 1871 2820 ἁλίκλυστον
1900 2782 1990 2817 1218
2007 2785 2059 2817 811.
2080 2784 2122 2816 (18
2135 2791 2282 2823 promum

1314 2837 1374 2866 rio.
1403 2833 1488 2868 κάπὶ
1521 2832 1643 2867 πόντον
1671 2832 1809 2880 ἔρχεται
1838 2835 1880 2865 fr.
1907 2832 2051 2864 Phaedr.
2081 2827 2161 2871 607,
2183 2827 2216 2861 3.
2243 2825 2281 2862 ὖτ

1314 2893 1351 2915 τε
1367 2880 1490 2915 πόντον
1508 2879 1618 2914 πάντα
1635 2882 1743 2914 Orith.
1773 2877 1854 2921 655,
1878 2877 1909 2912 1.

1387 2948 1538 2986 Πόποι.
1567 2952 1777 2984 Exclamatio
1811 2950 1955 2982 dolentis
1990 2952 2043 2981 est
2074 2947 2103 2982 ὦ
2135 2944 2242 2981 πόποι

1320 2996 1384 3031 167
1403 3000 1455 3031 ch.
1484 3000 1584 3030 initio
1603 2999 1794 3030 sententiae
1812 2999 1933 3039 posita,
1957 2997 2011 3029 Tr.
2032 2992 2100 3028 853
2119 2995 2170 3027 811.
2199 2993 2277 3026 med

1318 3047 1510 3078 sententiae
1536 3047 1675 3078 inserta.
1714 3046 1759 3077 Et
1776 3049 1931 3077 veterum
1957 3048 1992 3076 et
2015 3042 2212 3075 recentioris
2238 3049 2277 3072 ae

1317 3095 1361 3125 tis
1389 3094 1563 3126 doctorum
1597 3093 1638 3125 de
1668 3093 1729 3124 hoc
1759 3093 1919 3124 vocabulo
1955 3090 2202 3132 disputationes
2232 3095 2279 3119 no

1318 3144 1409 3173 sunt.
1456 3138 1513 3184 [cf.
1535 3141 1576 3171 de
1602 3140 1777 3171 Homerico
1812 3149 1877 3171 usu
1903 3138 2020 3170 ZAW
2047 3133 2137 3169 1837
2161 3146 2195 3178 p.
2216 3131 2279 3167 62.

1318 3185 1398 3220 631.
1430 3188 1471 3219 de
1497 3188 1713 3219 inferioribus
1738 3187 1847 3228 poetis
1873 3186 2021 3217 Meinek.
2050 3184 2093 3216 ad.
2117 3181 2272 3224 Euphori

1317 3231 1374 3267 99.
1395 3245 1429 3276 p.
1446 3232 1544 3278 157.]
1565 3234 1678 3266 Unum
1698 3234 1779 3272 dico⁷
1803 3234 1870 3265 etsi
1887 3238 1964 3264 ante
1982 3233 2101 3273 inepte
2118 3232 2254 3262 ostenta

1318 3282 1547 3314 eruditionem
1563 3281 1810 3313 Alexandrinos
1837 3290 1902 3312 non
1932 3281 1976 3311 sit
1999 3279 2164 3310 indicium
2181 3285 2260 3308 voca

1318 3329 1416 3361 aliter
1433 3338 1533 3370 quam
1552 3329 1585 3360 in
1606 3328 1851 3360 exclamatione
1869 3327 1963 3367 dicti,
1991 3330 2104 3357 tamen
2121 3324 2264 3356 interiec

1318 3385 1396 3407 nem
1423 3379 1544 3417 suapte
1570 3376 1604 3406 vi
1628 3379 1663 3407 et
1688 3378 1828 3415 natura,
1858 3375 1955 3406 velut
1978 3369 2027 3414 ὦ,
2055 3371 2102 3412 ὤ,
2132 3370 2192 3413 ἰώ,
2220 3380 2268 3403 πα
