2288 3600
289 149 387 196 630

292 265 439 303 videtur,
462 265 541 296 alios
562 267 672 295 autem
690 266 802 304 poetas
820 273 886 294 non
903 263 1007 302 magis
1025 263 1057 294 id
1078 264 1217 294 verbum
1231 271 1312 294 con·
1328 265 1331 313 ξ

292 313 476 344 suetudine
502 313 655 350 trivisse,
686 321 786 351 quam
811 311 975 351 prosarios
1002 314 1143 342 constat.
1190 309 1312 341 Contra

292 361 411 391 Elmsl.
440 362 578 390 exortus
611 362 683 397 est,
720 358 778 398 qui
806 368 882 389 cum
908 357 949 388 ad
976 357 1057 389 Eur.
1088 357 1219 390 lleracl.
1251 354 1306 388 77.

292 407 381 438 Med.
404 404 459 438 53.
498 407 598 437 unice
618 415 695 436 vera
712 402 832 444 πίτνω,
869 402 1006 445 πίτνων,
1043 402 1169 437 πίτνειν
1197 404 1311 435 decre-

291 455 408 493 visset,
431 453 636 493 explicatius
654 463 723 484 rem
738 455 937 493 persecutus
954 452 992 483 ad
1013 451 1114 492 Soph.
1135 451 1192 484 OG
1206 447 1306 483 1732.

291 503 418 532 ratione
435 501 548 540 etiam,
579 509 677 540 quam
697 500 842 531 maxime
869 499 1081 531 desiderabat
1100 500 1215 530 Herm.
1245 508 1310 539 pu-

290 549 426 587 gnavit:
454 558 471 579 ν
495 548 586 579 enim
602 547 771 578 insertum
788 547 883 578 brevi
910 546 1016 578 radici
1034 546 1215 577 firmandae
1233 556 1306 584 πετ,

291 595 380 626 unde
409 593 531 627 ἔπεσον
559 598 595 625 et
611 603 654 625 ex
673 594 938 634 reduplicatione
957 597 992 625 et
1009 603 1155 634 syncopa
1180 590 1304 632 πίπτω,

290 643 378 683 quod
398 643 487 673 idem
506 642 665 673 accidisse
682 642 718 672 in
735 639 864 686 τέμνω,
885 639 1013 681 δάκνω,
1035 639 1171 685 κάμνω,
1196 638 1310 672 ἱκνοῦ-

290 700 362 733 μαι,
395 686 647 735 ὑπισχνοῦμαι,
678 689 817 720 formam
838 689 945 728 igitur
962 689 998 719 in
1017 699 1053 720 ον
1073 691 1257 719 exeuntem
1275 690 1309 718 et

288 748 305 769 ν
325 737 442 768 literae
469 737 602 768 servilis
621 736 827 767 retinentem
851 745 918 766 non
936 745 1034 775 posse
1062 736 1129 766 nisi
1146 735 1307 775 imperfe-

289 788 381 815 ctum
400 784 526 815 haberi.
556 784 650 814 Idem
674 783 747 814 iure
773 786 888 814 contra
915 783 1149 814 Hermannum
1177 782 1309 821 signill-

290 832 396 871 cavit,
435 832 500 862 etsi
528 840 595 862 non
623 831 773 862 ostendit
790 830 901 861 fusius
927 830 1157 870 exsequendo,
1194 827 1307 862 ἔπιτνε

290 888 356 910 non
375 879 561 909 necessario
580 878 739 909 aoristum
755 877 871 908 haberi
889 874 1063 917 001732;
1088 878 1214 918 quippe
1232 886 1308 917 per-

289 930 392 967 petua
421 929 473 957 est
503 925 617 957 aoristi
647 928 682 956 et
711 925 920 965 imperfecti,
958 925 1041 956 item
1069 924 1244 965 praeteriti
1275 927 1307 955 et

290 974 405 1004 aoristi
422 973 513 1014 apud
529 976 645 1013 poetas
661 972 824 1004 confusio.
862 972 932 1003 Nec
950 981 1032 1003 sane
1050 981 1093 1002 ex
1111 972 1179 1003 illis
1197 981 1307 1011 gram-

291 1021 432 1054 maticis.
454 1029 537 1060 quos
556 1021 671 1051 Herm.
691 1023 853 1050 memorat
869 1019 893 1050 l.
911 1029 938 1051 c.
959 1019 995 1049 in
1014 1019 1212 1050 alterutram
1231 1028 1306 1058 par-

291 1072 359 1099 tein
386 1068 466 1098 satis
493 1071 582 1098 certo
606 1067 785 1106 colligitur,
819 1066 1037 1106 Moschopulo
1061 1077 1095 1098 π.
1119 1064 1251 1113 σχεόὧν
1270 1075 1303 1106 p.

289 1111 347 1154 86,
387 1114 556 1153 Hesychio
580 1125 612 1145 v.
641 1115 761 1153 πιτνεῖ,
792 1114 979 1144 Phavorino
996 1124 1026 1145 v.
1049 1110 1174 1153 πίπτω,
1204 1113 1303 1144 Eust.

291 1172 323 1203 p.
352 1158 447 1201 1173,
477 1158 535 1202 52,
573 1161 675 1193 schol.
703 1161 768 1193 Ms.
791 1161 913 1192 Aesch.
946 1160 1039 1201 Sept.
1062 1158 1150 1201 765,
1182 1161 1307 1200 quibus

289 1209 373 1240 adde
393 1209 458 1240 EM
475 1219 508 1250 p.
531 1205 609 1248 673,
633 1205 689 1249 36,
719 1217 762 1241 ex
788 1209 885 1239 cuius
910 1208 1061 1239 breviata
1079 1207 1307 1249 disputatione

290 1256 519 1288 Herodianum
537 1257 639 1287 etiam
657 1265 772 1287 eorum
798 1256 927 1287 fontem
945 1255 1053 1286 fuisse
1078 1255 1305 1295 agnoscimus,

291 1313 378 1345 quae
411 1313 532 1344 parum
565 1303 725 1335 distincte
754 1302 958 1334 Eustathius
991 1303 1128 1344 profert.
1174 1302 1219 1333 At
1249 1311 1308 1341 ego

291 1354 414 1382 testem
447 1351 530 1382 dabo
557 1351 646 1382 omni
673 1351 873 1391 exceptione
899 1350 1069 1390 maiorem,
1106 1359 1207 1390 quein
1234 1359 1308 1381 esse

290 1399 518 1430 Herodianum
545 1398 657 1439 ipsum
685 1407 751 1429 non
777 1397 989 1438 dubitamus,
1014 1407 1067 1438 ap.
1090 1397 1193 1429 schol.
1222 1397 1262 1428 11.
1285 1407 1308 1428 π

290 1442 370 1477 827.
400 1447 433 1476 Is
452 1446 543 1477 enim
561 1445 721 1484 modeste,
745 1448 783 1476 ut
801 1445 897 1484 solet,
927 1445 1101 1476 oblocutus
1120 1443 1309 1475 Aristarcho

290 1491 431 1538 πέφνων
449 1497 616 1534 pellacute
634 1492 813 1531 scribenti,
841 1492 916 1523 sine
942 1492 1010 1523 ulla
1028 1492 1249 1532 ambiguitate
1267 1491 1308 1522 de

289 1541 412 1572 ceteris
439 1540 626 1580 participiis
658 1550 675 1571 ν
710 1541 877 1570 insertum
902 1539 1107 1570 habentibus
1141 1539 1303 1579 concedit,

290 1597 359 1619 una
376 1588 583 1627 coniungens
600 1584 735 1630 τέμνων
752 1584 895 1629 κάμνων
914 1583 1052 1619 πίτνων.
1077 1586 1242 1617 Praesens
1259 1586 1309 1616 illi

289 1635 400 1666 visum
419 1631 526 1667 πίτνω
551 1634 679 1666 clarum
697 1634 762 1665 erit
787 1637 891 1665 totam
908 1634 1131 1674 percogitanti
1156 1634 1309 1674 disputa-

290 1683 437 1722 tionem,
466 1682 622 1722 inprimis
639 1681 747 1721 illud,
776 1680 866 1721 quod
891 1681 1029 1726 πεφνών
1055 1690 1093 1713 eo
1111 1683 1309 1721 argumento

290 1730 365 1761 acui
382 1730 489 1768 iubet,
510 1729 600 1769 quod
617 1726 724 1775 πέφνε
743 1728 884 1769 quidem
901 1731 935 1759 et
952 1726 1073 1774 πέφνω
1091 1725 1225 1773 πέφνῃς
1243 1725 1308 1760 πέ-

291 1787 358 1822 φνη
379 1777 522 1816 dicatur,
551 1775 611 1807 sed
629 1785 797 1816 nusquam
815 1779 1002 1817 compareat
1026 1774 1145 1821 πέφνω
1169 1773 1309 1820 πέφνεις

291 1821 423 1868 πέφνει.
458 1822 510 1855 Cf.
533 1820 699 1867 ἐμπίτνω.

361 1885 418 1927 ss?
429 1903 485 1926 ων
500 1894 648 1933 pinquis.
677 1890 796 1930 πίονος
814 1894 921 1926 ποτοῦ
939 1893 994 1925 Tr.
1016 1890 1096 1925 703.
1118 1895 1176 1924 aut
1192 1894 1304 1933 musti,

292 1943 332 1972 ut
349 1940 452 1972 schol.
473 1941 610 1972 videtur
627 1941 809 1982 explicare,
831 1945 891 1972 aut
906 1941 999 1981 meri,
1021 1949 1109 1981 quae
1123 1941 1309 1971 Hermanni

292 1988 465 2020 sententia
479 1991 540 2019 est.
1083 1985 1135 2030 (ΙΙ
1153 1997 1186 2028 p.
1208 1984 1309 2030 572.)

361 2042 528 2085 Πλάζω.
558 2045 736 2078 Passivum
754 2047 862 2078 solum
880 2046 1057 2086 reperitur,
1092 2046 1224 2087 proprie
1250 2046 1311 2077 ob-

291 2103 399 2125 errare
417 2094 624 2134 significans.
644 2092 701 2126 τὸν
721 2090 923 2138 ὠμόθυμον,
946 2090 977 2125 εἴ
995 2090 1078 2126 ποθι
1096 2090 1310 2137 πλαζόμενον

292 2138 465 2181 λεύσσων,
502 2137 605 2173 ἀπύοι
646 2141 701 2173 Ai.
730 2137 798 2173 886
825 2140 877 2172 ch.
938 2140 1070 2172 Tralate
1103 2141 1228 2172 dicitur
1260 2138 1311 2177 τίς

291 2184 457 2234 πλάγχθη
476 2184 565 2220 πολὺ
585 2185 719 2235 μόχθος
737 2185 826 2229 ἔξως
855 2187 910 2219 OG
931 2184 1018 2218 1231
1040 2189 1091 2219 ch.
1126 2189 1196 2228 quis
1214 2188 1310 2227 lonye

291 2235 430 2267 discedit
446 2236 539 2267 labor
556 2244 601 2266 sc.
623 2246 642 2267 a
659 2236 728 2267 vita
746 2235 904 2274 hominis,
925 2245 1001 2266 cum
1018 2236 1233 2266 iuventutem
1252 2235 1306 2265 in-

290 2291 426 2322 gressus
444 2285 507 2314 est.
536 2283 588 2314 De
606 2282 707 2314 dubia
724 2283 889 2323 scriptura
906 2292 938 2314 v.
959 2279 1199 2329 πολύμοχθος.

361 2349 391 2386 Π
402 2345 528 2386 λάθω
547 2352 676 2392 accedo,
696 2354 938 2392 appropinquo.
977 2352 1109 2384 Tralate
1127 2353 1249 2384 dicitur
1267 2353 1308 2384 de

290 2400 438 2432 Hercule
455 2399 499 2431 ad
516 2400 594 2431 deos
614 2400 743 2431 sublato
767 2397 811 2432 ἵν’
837 2397 854 2431 ὁ
878 2396 1074 2444 χάλκασπις
1098 2397 1186 2445 ἀνὴρ
1213 2397 1307 2436 θεοῖς

289 2444 417 2480 πλάθει
445 2447 546 2479 πᾶσιν
574 2447 634 2480 Ph.
664 2444 734 2479 728
751 2446 802 2478 ch.
843 2444 925 2480 τάδε
952 2448 1027 2484 τοῖς
1058 2445 1215 2484 δυνατοῖς
1245 2444 1307 2480 οὐκ

291 2491 407 2540 ἐριστὰ
424 2490 569 2527 πλάθειν
587 2494 641 2526 El.
662 2490 732 2525 220
750 2494 801 2525 ch.
833 2493 999 2526 Scribitur
1017 2495 1115 2534 vulgo
1131 2492 1174 2526 τὰ
1192 2491 1241 2534 δέ,
1271 2495 1305 2525 in

290 2551 356 2582 quo
373 2541 574 2581 explicando
593 2551 629 2572 se
655 2544 826 2573 torserunt
843 2542 1058 2582 interpretes.
1086 2541 1202 2573 Herm.
1223 2538 1305 2573 τάδε

289 2589 457 2628 corrigens
474 2588 684 2620 infinitivum
701 2599 720 2619 a
736 2597 931 2628 praegresso
951 2585 1114 2621 τίκτουσα
1131 2586 1305 2632 πολέμους

290 2635 453 2676 suspendi
468 2635 554 2675 vult,
584 2634 671 2668 ὥστε
697 2632 842 2668 πλάθειν
865 2637 938 2672 τοῖς
963 2632 1122 2672 δυνατοῖς
1147 2633 1210 2668 οὐκ
1236 2633 1305 2680 ἐρι-

291 2680 364 2724 στά,
398 2682 572 2724 explicans
590 2679 735 2716 πλάθειν
753 2691 812 2723 pro
839 2679 961 2727 ἐρίζειν
980 2682 1120 2722 dictum,
1149 2685 1187 2713 ut
1204 2692 1306 2722 expo-

289 2730 389 2761 stules
404 2739 473 2761 non
488 2729 694 2761 altem-cabum
711 2738 788 2760 cum
801 2729 1051 2769 potentioribus.
1088 2730 1143 2762 Sic
1159 2730 1305 2761 infiniti-

290 2786 352 2808 vus
371 2776 553 2808 durissime
570 2776 681 2808 dictus
699 2779 762 2808 est.
791 2776 861 2816 Ego
879 2777 1080 2808 correxerim
1096 2774 1147 2809 τά
1171 2787 1235 2822 γε,
1263 2774 1306 2809 τά

290 2827 328 2855 ut
345 2833 404 2864 pro
422 2819 444 2856 ἅ
462 2823 591 2854 dictum
610 2823 673 2855 sit:
704 2822 819 2864 quibu-3
845 2824 880 2854 in
904 2822 1000 2854 rebus
1024 2833 1213 2855 concurrere
1230 2833 1306 2854 cum

285 2869 475 2910 potentibus
492 2871 730 2901 controversias
746 2873 905 2901 serentem
921 2872 1006 2901 ratio
1023 2879 1092 2901 non
1108 2873 1168 2903 est.

360 2923 454 2962 HM
462 2939 480 2961 ν
492 2925 563 2960 άω.
596 2928 718 2960 Activa
741 2929 845 2960 forma
870 2929 910 2960 de
933 2930 1087 2968 opinione
1118 2930 1153 2960 in
1183 2930 1305 2960 incerto

291 2977 386 3016 quasi
402 2977 547 3015 vayante
565 2975 653 3007 dicta
669 2969 723 3019 ἄρ’
741 2973 850 3016 ἕστιν;
878 2969 928 3020 ἄρ’
949 2973 1013 3008 οὐκ
1031 2973 1140 3016 ἔστιν;
1170 2972 1193 3019 ἢ
1213 2975 1304 3020 γνώ-

289 3033 338 3069 μῃ
356 3019 487 3065 πλανᾷς
516 3021 572 3053 OC
591 3017 670 3053 316.
692 3022 752 3053 LA
769 3019 901 3062 πλανῶ,
923 3032 1025 3063 supra
1043 3023 1166 3063 scripto
1184 3033 1227 3054 m.
1250 3032 1300 3063 pr.

289 3079 341 3109 αι,
372 3069 458 3110 quod
477 3069 595 3100 merito
611 3068 729 3101 Elmsl.
761 3073 795 3100 et
813 3069 929 3102 Herm.
950 3070 1198 3110 praetulerunt.
1234 3069 1299 3110 Ap.

289 3115 382 3149 Suid.
403 3127 435 3147 v.
457 3113 508 3161 ἄρ’
527 3113 614 3149 ἔστιν
631 3116 756 3156 legitur
771 3114 795 3160 ἡ
813 3115 935 3162 γνώμη
961 3113 1091 3161 πλανᾷ,
1121 3121 1223 3157 recte,
1246 3116 1304 3148 sed

289 3164 402 3194 minus
429 3166 584 3195 venuste.
613 3180 654 3186 -
684 3163 878 3203 Passivum,
911 3164 1000 3204 quod
1026 3164 1174 3196 medium
1204 3164 1304 3202 vulgo

291 3209 409 3241 dicunt
418 3209 568 3241 oberrare
580 3210 745 3250 significat
759 3211 910 3252 proprie:
933 3207 986 3243 ἀεὶ
1005 3206 1081 3254 μεθ’
1103 3208 1204 3255 ἡμῶν
1224 3208 1306 3243 ὃύσ-

290 3267 396 3301 μορος
415 3254 627 3302 πλανωμένη
645 3256 700 3289 OC
719 3253 806 3297 3473
836 3258 954 3289 tralate
973 3257 1096 3289 dicitur
1114 3258 1155 3289 de
1174 3258 1306 3288 incertis

288 3304 472 3336 rumoribas
488 3305 712 3335 circumlatis:
739 3301 879 3337 *πολλὰ
897 3301 924 3336 δ’
944 3300 1107 3350 ἐμπόρων
1126 3301 1193 3350 ἔπη
1213 3301 1307 3350 φιλεῖ

290 3347 484 3384 πλανᾶσθαι
501 3349 556 3382 OC
575 3347 655 3383 304.
677 3347 773 3394 [secl.
794 3351 838 3382 H.
860 3350 1004 3394 HirzeL]

360 3416 538 3467 *Πλάνη
564 3431 596 3452 v.
625 3417 765 3458 πλάνος.

1115 145 1243 193 Πίων
1273 172 1332 181 ——-

2145 78 2151 91 ‚¹
2164 75 2205 109 '‘ss

1359 145 1510 199 Πλέος
2033 152 2127 199 [1112-

1419 258 1448 295 Π
1458 259 1478 294 λ
1489 259 1536 294 άν
1546 273 1570 306 η
1581 273 1647 306 μα.
1675 258 1750 294 οἷόν
1765 257 1800 304 μ’
1816 254 1998 294 ἀκούσαντ’
2013 257 2139 305 ἀρτίως
2162 279 2171 281 „

1347 307 1514 354 πλάνημα
1536 306 1764 365 κάνακίνησις
1785 311 1919 365 φρενῷν
1948 308 2007 340 OR
2025 305 2106 341 727.
2141 305 2202 350 οἷς,
2217 344 2224 351 „

1346 355 1406 390 καὶ
1424 355 1554 407 στροφὴ
1573 354 1691 402 ψυχης
1708 366 1768 388 και
1784 365 1983 400 ανακινησις
2001 359 2146 402 φρενῶν,

1348 402 1438 450 ραχὴ
1465 407 1638 449 λογισμῶν
1666 403 1769 434 schol.
1798 412 1883 444 quae
1900 403 2012 435 omnia
2029 412 2100 435 rem
2117 412 2185 436 non
2210 443 2215 450 ,

1347 452 1500 492 Repente
1518 456 1624 483 ortam
1644 453 1678 482 et
1703 450 1879 482 sollicitam
1897 450 2034 490 quidem
2051 460 2128 482 cum
2145 459 2207 493 spe.
2231 489 2233 492 ¹

1348 502 1419 530 tum
1441 503 1532 529 metu
1551 498 1744 538 depressam
1762 498 1999 537 cogitationem
2015 497 2206 538 significat(
2218 497 2224 506 '

1417 553 1444 589 ll
1457 554 1567 601 λάνη
1578 567 1593 593 ς
1611 557 1667 597 qui
1679 559 1842 596 vayatur,·
1861 565 2009 588 erronem
2025 556 2117 588 enim
2134 565 2200 590 non
2225 546 2230 556 ³

1346 604 1510 635 famulum
1528 613 1606 635 cum
1624 613 1722 644 grege
1748 613 1873 644 pascua
1889 604 2107 636 invisentem.
2144 613 2188 638 πο
2204 606 2213 609 ’

1345 649 1439 696 ἦσθα
1455 648 1540 684 κάπὶ
1559 648 1682 696 θητείᾳ
1699 648 1852 697 πλάνηςς
1881 651 1940 683 OR
1959 647 2060 683 1029.
2210 655 2227 687 ζ,

1416 707 1476 743 1le
1487 707 1567 755 ανή
1578 720 1629 754 τη
1640 720 1655 746 ς
1673 719 1755 741 erro.
1791 708 1848 743 τὸν
1866 707 2045 756 πλανήτην
2063 705 2184 745 Οἰδίπο
2206 708 2235 758 ji.

1345 754 1530 797 πλανάτας,
1560 754 1735 794 πλανάτας
1761 767 1810 794 τις
1829 754 1847 789 ὁ
1865 754 2014 802 πρέσβυς
2032 750 2103 790 οὐδ’

1346 805 1396 836 ch.
1420 822 1464 827 —-
1490 805 1540 835 De
1558 807 1637 836 tono
1654 815 1686 836 V.
1716 802 1862 850 ἀλήτης.
2223 800 2227 822 ⁷

1416 860 1445 897 [Ι
1454 860 1533 896 λάν
1544 874 1561 896 ο
1572 875 1587 900 ς
1606 863 1776 895 oberratio.
1813 863 1951 904 Proprie
1969 863 2097 895 dictum
2112 861 2220 901 roffio&

1343 921 1403 944 νου
1429 908 1560 944 πλάνου
1587 909 1642 942 OG
1664 906 1764 943 1114.
1803 910 1936 942 Tralate
1960 910 2001 942 de
2020 911 2132 943 morbo
2148 911 2179 944 al

1345 962 1499 990 cessente
1517 962 1551 990 et
1568 959 1784 990 desaeviente
1801 955 1881 1002 ἥκει
1904 955 1969 1003 γὰρ
1994 953 2081 1003 αὕτη
2106 955 2147 1003 (ή
2163 969 2213 992 νι.
2233 967 2235 969 ·

1344 1003 1472 1051 χρόνου
1491 1002 1633 1042 πλάνοις
1652 1003 1736 1042 ἴσως
1753 1002 1858 1048 [ἴσοις
1875 1004 1989 1047 Both]
2012 1004 2059 1043 ὡς
2079 1001 2225 1052 ἐξεπλήι

1344 1051 1424 1085 758.
1466 1063 1495 1085 ν.
1525 1050 1620 1089 ἴσως.
1660 1053 1705 1083 Et
1732 1052 1773 1084 de
1803 1053 2001 1092 coyz'tatione
2031 1054 2144 1085 omnia
2184 1068 2206 1080 v-

1345 1097 1476 1136 πολλάς
1502 1093 1526 1132 δ’
1555 1097 1655 1136 ὁδοὺς
1681 1096 1830 1133 ἐλθόντα
1855 1096 2034 1145 φροντίδος
2060 1096 2207 1139 πλάνοις,
2233 1111 2234 1115 ’

1344 1145 1488 1184 πλάναις
1524 1156 1636 1188 apogr.
1674 1147 1786 1178 minus
1811 1147 1943 1187 Attice3
1990 1148 2049 1179 LA
2071 1144 2201 1186 πλάνας
2225 1153 2230 1156 ’

1346 1192 1487 1231 πλάνοις
1506 1198 1675 1226 mutatum
1693 1194 1782 1235 quod
1807 1194 1960 1235 reposuit
1976 1194 2126 1227 Brunck.
2148 1211 2189 1219 —-
2220 1201 2222 1205 ’
2274 1202 2278 1204 ’

1344 1243 1469 1275 ticum:
1492 1252 1523 1274 v.
1545 1242 1695 1274 Pierson.
1713 1241 1753 1273 ad
1767 1241 1870 1274 Moer.
1891 1251 1925 1283 p.
1940 1238 2021 1273 315.
2042 1242 2162 1275 Elmsl.
2176 1241 2219 1275 aa

1416 1305 1531 1350 Πλάξ
1556 1314 1647 1344 locus
1666 1312 1803 1352 planus.
1842 1311 1908 1344 Sed
1925 1312 2172 1354 qualiacunque
2205 1318 2227 1341 1:

1346 1362 1392 1392 sic
1411 1360 1589 1400 dicuntum
1620 1361 1693 1400 ayn·
1708 1369 1715 1388 :
1733 1357 1785 1404 τῷ
1809 1356 1874 1405 γὰρ
1898 1356 2028 1397 πλάκες
2045 1357 2170 1406 ἀγρόνο
2215 1362 2218 1365 ’

1373 1405 1441 1440 ίλαι
1467 1407 1524 1440 OR
1540 1403 1629 1438 1103
1642 1407 1693 1438 ch.
1731 1405 1816 1452 πρὸς
1841 1403 1971 1452 πάτρας
2004 1403 2114 1453 Οἴτης
2146 1367 2216 1441 nro

1345 1419 1447 1487 1³:130.
1487 1455 1593 1486 solum
1626 1454 1808 1485 dehiscens:
1838 1451 1985 1487 ἄσκοποι
2017 1451 2056 1487 δὲ
2088 1451 2226 1488 nkdn'

1345 1501 1412 1536 ὼαν
1446 1498 1727 1534 OG1681m.v.
1765 1498 1928 1538 ἄσκοπος.
1973 1502 2045 1532 loca
2062 1501 2122 1542 inf
2156 1516 2164 1530 ι

1345 1537 1526 1594 παγκευθῆ
1551 1546 1648 1581 κάτω
1673 1552 1804 1593 νεκρῶν
1829 1545 1946 1581 πλάκα
1971 1548 2027 1581 OC
2046 1545 2138 1581 1564
2153 1549 2226 1582 ch:

1347 1608 1406 1642 ρας
1423 1600 1555 1641 νεκρῶν
1582 1593 1717 1633 πλάκας
1737 1592 1827 1627 1577
1841 1596 1892 1627 ch.
1921 1597 2093 1627 summitas
2132 1610 2138 1623 ι
2163 1598 2166 1600 ’

1346 1642 1453 1689 ἄκραν
1488 1642 1554 1677 ὑπὸ
1587 1640 1705 1676 πλάκα
1739 1639 1886 1676 Σουνίου
1919 1643 1975 1675 Ai.
2007 1639 2099 1675 1220
2117 1643 2169 1676 ch.
2185 1656 2201 1662 ¹·
2228 1683 2231 1686 ,

1345 1702 1474 1723 summa
1508 1692 1630 1722 turris.-
1673 1687 1721 1722 ἀπ
1762 1687 1870 1735 ἄκρας
1902 1688 1968 1735 ἧκε
2002 1689 2229 1736 πυργώῧουςζ-.

1347 1739 1402 1771 Tr.
1415 1735 1496 1770 273.
1525 1736 1794 1783 κατεκρήμνισεν
1813 1736 1881 1771 ἀπὸ
1897 1738 1958 1771 τοῦ
1975 1735 2104 1784 πύργου
2123 1738 2197 1770 D·
2221 1771 2223 1774 ,

1346 1783 1404 1818 31.
1425 1786 1514 1826 quod
1535 1786 1670 1816 videtur
1687 1786 1799 1816 verius
1824 1794 1925 1826 quam
1951 1778 2226 1818 scholiastae·

1343 1834 1404 1866 τοῦ
1423 1830 1524 1877 ὄρους
1552 1830 1752 1865 ἐδίσκευσιν.

1417 1888 1607 1925 Πλάσσω
1641 1891 1803 1933 confinyo.
1843 1888 1970 1937 λόγους
2003 1888 2170 1938 ψιθυροὺς
2210 1915 2224 1930 i„

1346 1939 1402 1971 Ai.
1422 1936 1488 1970 148
1499 1948 1554 1970 an.
2068 1935 2118 1982 (11
2134 1947 2171 1980 p.

1415 1994 1723 2042 ’γ’-**Πλάστιγξ
1748 2007 1887 2029 examen
1904 1999 2059 2029 trutinae.
2101 1993 2230 2032 Sio„-··'

1346 2046 1426 2077 dum
1443 2045 1570 2076 dudum
1587 2046 1705 2086 putavi
1730 2042 1810 2077 ὅταν
1829 2042 1867 2077 δὲ
1892 2041 2026 2088 δαίμων
2051 2041 2171 2090 ἀνδρὸς

1345 2091 1383 2126 τὸ
1409 2091 1486 2137 πρὶν
1513 2085 1690 2138 πλάστιγγ’
1718 2089 1832 2137 ἐρείσῃ
1862 2093 1924 2125 τοῦ
1950 2089 2024 2136 βίου
2048 2089 2223 2138 παλίντρ

1348 2141 1442 2172 Locr.
1473 2140 1514 2171 fr.
1539 2136 1594 2180 14,
1624 2138 1664 2179 5,
1694 2149 1797 2180 quam
1824 2140 2062 2171 correctionem
2096 2138 2187 2172 cum'·
2207 2143 2227 2179 ¹⁹,

1347 2187 1596 2219 communicans
1613 2187 1653 2218 ab
1670 2187 1728 2218 illo
1742 2187 1885 2218 eandem
1902 2187 2022 2218 factam
2037 2186 2224 2228 comperl'.‘¹=‚

1347 2233 1496 2279 μάστιγα
1512 2243 1565 2274 ap.
1589 2234 1680 2266 Stob.
1705 2231 1783 2274 114,
1805 2230 1837 2265 6.
1859 2233 1950 2274 quod
1966 2234 2007 2265 de
2025 2236 2153 2265 mutata
2167 2234 2205 2265 ἐπ’

1346 2282 1485 2322 fortuna
1502 2291 1710 2322 perversum.
1740 2278 1984 2326 [παλίντροπον
2003 2281 2038 2312 in
2055 2277 2193 2326 παλίρρ

1347 2329 1432 2361 tavit
1449 2328 1612 2370 Meinek.]

1345 2384 1445 2466 78ΟΠ
1454 2385 1475 2420 λ
1486 2398 1507 2420 α
1515 2397 1533 2419 σ
1542 2384 1612 2424 τός
1637 2386 1799 2418 subditus.
1836 2383 1987 2424 πλαστὸς
2011 2385 2059 2424 ὡς
2085 2383 2162 2433 εἴην
2192 2372 2226 2410 ἶ

1416 2486 1566 2538 Πλᾶτη
1591 2502 1710 2524 remus.
1739 2492 1877 2533 Proprie
1905 2493 2067 2525 dicuntur
2091 2485 2231 2530 &krauss

1345 2539 1406 2585 βας
1434 2538 1576 2573 ἑλίσσων
1604 2537 1734 2572 πλάταν
1754 2539 1807 2571 Αἱ.
1829 2536 1897 2572 357
1915 2550 1960 2572 m.
1989 2539 2012 2573 ἁ
2038 2537 2067 2572 δ’
2090 2537 2174 2585 εὐήρ
2197 2539 2244 2579 ‚f

1344 2599 1392 2621 πα
1414 2581 1444 2620 λ’
1480 2585 1561 2620 ἁλία
1585 2584 1684 2632 χερσὶ
1708 2584 1956 2631 παραπτομένα
1984 2584 2099 2620 πλάτα
2123 2583 2146 2620 θ

1344 2632 1386 2666 71
1423 2635 1474 2666 ch.
1496 2635 1608 2666 Dubia
1622 2634 1793 2665 sententia
1807 2638 1859 2666 est
1875 2631 2071 2680 ναύκληρον
2089 2596 2166 2666 πλά)
2190 2645 2226 2673 0'9

1344 2683 1383 2714 fr.
1406 2679 1486 2714 387.
1507 2679 1671 2725 ναυτικήν
1690 2681 1897 2721 explicatum
1915 2681 2096 2720 Hesychio.
2130 2680 2156 2713 F
2175 2678 2222 2722 μζ

1343 2729 1441 2760 cendi
1475 2738 1597 2768 genere
1632 2729 1791 2759 universe
1824 2727 2009 2768 naviyandz·
2041 2728 2177 2760 notione
2212 2727 2233 2748 ⁴³⁴

1343 2776 1423 2807 haec
1441 2780 1537 2807 sunt:
1565 2773 1655 2811 τίνες
1679 2767 1754 2807 πότ’
1779 2772 1814 2811 ἐς
1837 2773 1902 2820 γὴν
1927 2773 2029 2820 τήνδε
2054 2773 2140 2808 *ναυ
2169 2771 2230 2809 ’,ιζ’

1341 2820 1525 2870 κατέσχετε
1551 2823 1612 2853 Ph.
1633 2819 1713 2853 220.
1745 2818 1807 2864 [sic
1825 2831 1936 2863 apogr.
1957 2822 2137 2864 pleraque:
2188 2809 2222 2847 ,²⁴

1341 2868 1472 2915 πάτρας
1492 2871 1561 2901 LA.
1582 2866 1651 2902 κάκ
1676 2866 1776 2905 ποίας
1800 2866 1911 2915 τύχης
1930 2869 2032 2901 Dind.
2054 2879 2081 2900 c.
2096 2868 2166 2900 Nau
2202 2880 2214 2902 a
2273 2906 2275 2910 Ι

1341 2915 1423 2961 κρὸν
1461 2913 1592 2962 Σίγειον
1623 2913 1727 2960 οὐρίῳ
1759 2912 1873 2960 πλάτῃ
1903 2913 2106 2962 κατηγόμην
2139 2899 2228 2947 351Ἐ

1342 2967 1420 2996 tono
1439 2975 1469 2995 v.
1490 2965 1568 2995 Arc.
1589 2973 1623 3004 p.
1649 2960 1725 3002 113,
1746 2959 1805 2995 26.
2212 2979 2233 3003 J

1412 3017 1585 3058 Πλᾶτύς
1611 3022 1742 3062 proprie
1768 3022 1873 3061 latus,
1909 3021 1967 3052 sed
1994 3025 2046 3052 est
2070 3021 2156 3052 hom·
2195 3052 2198 3054 ,
2223 3032 2225 3037 ·

1340 3079 1471 3110 corpore
1486 3068 1631 3108 praediti
1648 3069 1829 3110 appellatio
1848 3065 1885 3100 οὐ
1904 3066 1969 3113 γὰρ
1988 3066 2020 3101 οἱ
2037 3065 2182 3104 πλατεῖς,
2193 3059 2210 3091 ³
2218 3091 2222 3103 =.

1343 3113 1487 3162 ρύνωτοι
1513 3120 1623 3160 φῶτες
1642 3113 1892 3161 ἀσφαλέστατοι
1917 3116 1972 3147 Ai.
1998 3112 2098 3147 1250.
2180 3110 2221 3125 ³*

1412 3171 1584 3207 Πλεκτό
1596 3185 1611 3211 ς
1629 3183 1742 3205 nexus.
1771 3171 1935 3210 πλεκταῖς
1949 3170 2071 3217 ἐώραις
2084 3167 2167 3205 081

1341 3223 1474 3300 {Ta-423
1490 3218 1674 3299 ιρἰρτσίναισι
1698 3221 1779 3252 Ant.
1801 3217 1857 3252 54.
1894 3222 2040 3265 κημοῖσι
2067 3213 2232 3263 πλεκτρζί

1357 3278 1383 3299 r.
1516 3293 1522 3300 .

1414 3323 1555 3363 Πλέος
1580 3329 1614 3357 et
1639 3323 1754 3363 πλέως
1777 3326 1910 3365 plenus.
1954 3326 2007 3357 Ab
2032 3325 2090 3356 illo
2114 3333 2134 3356 e
2160 3324 2168 3332 '

1343 3374 1531 3405 femininae
1563 3377 1598 3404 et
1624 3376 1763 3404 neutrae
1787 3377 2000 3413 repetuntur.
2052 3371 2099 3408 ὡς
2211 3402 2216 3406 ,

1344 3417 1460 3456 πλέως
1477 3419 1538 3451 Ph.
1563 3416 1664 3452 1074.
1702 3421 1804 3463 φῦναι
1827 3417 1885 3452 τὸν
1909 3416 2016 3464 ἄνδρα
2040 3411 2136 3451 πάντ’
2157 3413 2222 3459 ’ἑῇ

2226 1362 2229 1369 1

2210 3143 2216 3150 ι

2196 3158 2221 3197 :³

2211 3197 2223 3212 ff·
