2288 3600
230 114 328 162 530

295 226 336 266 'O
347 223 385 264 νί
395 242 412 263 ν
422 243 446 276 η
458 244 482 276 μ
493 243 514 264 ι.
544 231 720 266 Passivum
734 233 841 264 solum
855 233 978 264 dicitnr
993 231 1161 277 (medium
1178 243 1244 265 non

228 279 452 320 agnoscimus)
468 304 476 319 .
512 279 646 319 fructus
671 282 701 311 et
726 280 889 312 commodi
912 280 1112 325 assequendi
1138 282 1246 320 signi-

228 327 343 358 ficans.
370 322 504 359 τοσόνδ’
534 325 649 372 ὀνήσει
673 331 742 360 τῶν
768 324 862 371 ἐμῶν
887 325 1057 372 πορθμῶν
1084 328 1139 360 Tr.
1161 325 1242 360 570.

229 373 267 404 ln
286 372 499 417 imprecando
517 372 623 406 bono:
650 372 744 407 ὄναιο
757 400 764 414 ,
793 372 908 419 Θησεῦ
920 402 927 415 ,
954 377 1014 408 τοῦ
1037 386 1074 408 τε
1091 373 1244 421 γενναίου

227 417 326 465 χάριν
343 418 401 453 καὶ
412 422 476 465 τῆς
489 419 575 465 πρὸς
587 419 685 465 ἡμᾶς
700 419 838 454 ἐνδίκου
852 419 1050 467 προμηθίας
1069 423 1124 455 OG
1140 419 1242 454 1042.

227 469 313 498 Item
331 468 473 499 formula
489 471 543 499 est
560 477 626 499 sese
642 469 858 500 iureiurando
884 469 1126 510 obstrinyendi,
1156 470 1245 510 quod

228 515 360 546 Latinis
378 517 425 545 ita
441 514 540 548 velim
557 514 671 548 salvus
687 525 775 547 esse.-
804 514 854 561 μὴ
880 518 939 549 νῦν
967 514 1132 562 ὀναίμην,
1161 514 1245 550 ἀλλ’

226 559 347 607 ἀραῖος
429 559 575 607 ὀλοίμην
590 563 649 595 OR
665 559 745 595 644.
769 580 810 585 -
831 564 882 595 De
896 565 1011 595 formis
1024 566 1117 596 verbi
1131 566 1245 596 Attice

1014 110 1229 183 Ὀνίνημι
1258 145 1320 152 --
1342 109 1584 172 Ὀξύτονος

1970 125 2019 175 [11
2034 140 2069 172 p.
2082 110 2280 181 321-323,

1283 234 1360 275 καὶ,
1397 232 1498 279 περὶ
1522 232 1624 268 ὄνου
1651 236 1792 273 σκιᾶς.
1831 233 1919 283 Σοφ.
1948 232 2086 283 Κηδαλ.
2119 238 2170 280 (st.
2199 235 2280 273 308.

1284 279 1334 314 ὅτι
1351 280 1392 314 άν
1410 293 1441 314 τι
1466 280 1622 327 γένηται,
1650 281 1693 315 τὰ
1719 280 1823 316 πάντ’
1852 281 1931 317 ὄνου
1956 283 2045 318 σκιά.
2082 286 2105 318 i.
2133 295 2164 319 e.
2185 285 2288 320 nim-

1284 329 1366 360 Nam
1408 328 1448 360 de
1488 329 1607 361 umbra
1639 329 1731 363 asini
1767 332 1874 362 ‘riman'
1911 330 2048 364 Graecis
2087 332 2177 365 idem
2209 338 2283 374 quun

1284 376 1442 407 Romanis
1460 376 1499 407 de
1524 377 1607 409 Lana
1637 379 1777 417 caprina
1787 379 1903 411 rixari.
1921 396 1977 410 -.
1997 379 2012 421 ss
2045 380 2134 412 iulum
2159 381 2283 414 vermis

1284 423 1393 455 Schol.
1432 424 1496 464 Ap.
1533 424 1597 455 Rh.
1621 421 1660 463 1,
1701 421 1789 456 972:
1829 422 1962 470 λέγεται
2003 425 2041 460 δὲ
2081 423 2201 465 ἴουλος
2241 430 2284 462 wi:

1282 468 1370 514 ζῷόν
1394 481 1444 511 τι,
1476 468 1632 516 θηρίδιον
1662 469 1855 505 πολύπουν.
1895 470 2109 519 ἑκατέρωθεν
2137 471 2203 520 γὰρ
2229 471 2247 507 ἔ

1283 514 1435 554 πολλοὺς
1453 516 1563 555 πόδας
1580 517 1694 563 ὥσπερ
1713 517 1736 564 ἡ
1749 516 1998 565 σκολόπενδρα.
2026 517 2244 567 Θεόφραστος
2282 534 2285 551 ¹

1283 562 1319 597 ἐν
1348 563 1393 610 τῇ
1421 563 1506 610 πρὸς
1536 561 1664 598 Φανίαν
1691 563 1858 612 ἐπιστολῇ
1881 565 1941 600 καὶ
1965 564 2046 600 ὄνον
2070 566 2173 614 φησὶν
2197 565 2286 604 αὐτὸ·

227 610 363 640 usitatis
382 620 412 641 v.
434 610 515 641 Lob.
537 611 578 641 ad
595 610 721 650 Phryn.
750 620 783 651 p.
807 608 862 644 12.
892 615 938 648 [et
965 612 1105 652 Veitch⁷
1136 612 1245 644 Greek
1280 610 1483 651 καλεῖσθαι,
1516 611 1563 649 ὡς
1593 610 1687 657 παρὰ
1706 610 1792 659 Σοφ.
1826 612 1863 647 ἐν
1881 610 2028 660 Κωφοῖς
2053 613 2211 662 σατύροις
2243 615 2288 658 (tr

168 676 177 687 2
228 657 326 687 verbs
345 657 506 696 irregular
522 657 575 689 ed.
597 654 631 690 2.
656 668 689 698 p.
711 654 777 689 421
800 656 870 702 sq.]

292 706 469 759 Ὄνομα.
490 715 504 757 ΙΙ
520 725 653 748 nomen.
683 711 757 749 οὐδ’
774 714 938 761 ὄνομα
967 709 1071 762 ἴσθου
1086 717 1145 748 Ph.
1160 713 1242 748 251.

226 759 326 795 τίνων
351 760 390 795 τὸ
416 762 538 807 σεμνὸν
563 758 662 808 ὄνομ’
691 760 732 796 ἂν
759 761 923 809 εὐξαίμην
947 776 970 797 κ
996 762 1081 805 ύων;
1112 764 1166 796 OG
1184 762 1243 797 41.

227 807 369 854 φέρουσι
401 807 554 867 τοῦνομα
583 809 622 843 τὸ
656 809 756 844 τοῦδε
782 810 898 844 κοινόν
924 809 981 844 00.
1025 812 1240 843 Colonenses.

227 854 335 889 *ὅταν
365 867 429 902 περ
457 853 602 902 τουνομ’
634 855 798 903 αἴσθηται
825 857 864 891 τὸ
892 857 949 892 σόν
968 857 1047 891 301.
1086 859 1177 900 [secl.
1200 859 1242 890 H.

228 904 368 946 Hirzel.]
404 902 463 946 καί
490 915 543 938 σοι
567 903 606 938 τὸ
633 902 775 950 Θησέως
801 903 911 950 ὄνομα
935 904 1113 940 θωπεῦσαι
1138 903 1246 939 καλόν

230 948 331 983 1003.
360 945 436 984 οὐδ’
469 949 581 997 ὄνομα
609 950 695 999 πρός
718 964 778 986 του
803 956 871 986 τῶν
890 951 1113 999 ξυνεμπόρων
1132 952 1242 999 ἕχεις·,

227 999 282 1031 Tr.
319 996 400 1031 318.
443 997 494 1036 τίς
510 997 551 1032 ἄν
585 995 664 1032 ποτ’
691 992 772 1046 ᾤεθ’
809 996 870 1034 ὧδ’
903 999 1086 1045 ἐπώνυμον
1118 1000 1247 1045 τούμὸν

226 1042 387 1084 ξυνοίσειν
403 1043 513 1092 ὄνομα
525 1049 600 1084 τοῖς
618 1045 719 1092 ἐμοῖς
731 1049 876 1089 κακοῖς;
900 1049 954 1081 Ai.
972 1045 1053 1080 431.
1072 1059 1103 1079 v.
1122 1050 1204 1080 Lob.
1221 1049 1243 1080 l.

227 1102 256 1125 c.
285 1098 319 1125 et
344 1093 462 1126 Valck.
493 1094 532 1126 ad
559 1095 687 1127 Phoen.
708 1091 764 1126 27.
802 1098 921 1142 σαφῶς
942 1092 1082 1141 Σιδηρώ
1108 1094 1166 1129 καὶ
1184 1106 1248 1141 φο-

229 1142 335 1186 ροῦσα
350 1136 505 1185 τοῦνομα
522 1142 598 1181 Tyr.
620 1143 660 1173 fr.
684 1139 764 1182 573,
781 1139 822 1183 2,
844 1153 931 1183 quae
950 1145 1051 1175 verba
1069 1153 1111 1174 ne
1130 1152 1246 1175 emen—

228 1189 364 1219 datione
383 1197 480 1228 egere
499 1189 690 1230 videantur,
713 1190 760 1220 sic
778 1199 938 1231 compone
956 1194 1077 1236 σαφῶς
1094 1189 1152 1223 καὶ
1169 1187 1250 1223 τοῦ-

228 1246 318 1280 νομα
345 1237 500 1281 φοροῦσα
527 1232 686 1282 Σιδηρώ,
716 1246 799 1277 quae
823 1236 924 1277 ferrei
950 1239 1056 1269 animi
1079 1238 1248 1279 siqnifi'ca-

229 1284 353 1316 tionem
370 1284 438 1314 iam
454 1285 586 1315 nomine
601 1283 724 1324 prodit.
751 1283 805 1325 [cf.
827 1285 925 1316 Eust.
948 1295 983 1326 p.
1006 1282 1084 1325 158,
1107 1282 1152 1316 24
1176 1281 1248 1326 (Σι-

228 1327 334 1376 δηρὼ)
371 1327 535 1374 θρασεῖαν
564 1328 698 1376 ἐκείνην
732 1333 878 1376 γυναῖκα
911 1343 955 1377 φο
979 1334 1030 1365 εῖν
1054 1331 1093 1365 τὸ
1119 1330 1247 1365 οἰκεῖον

227 1374 365 1422 ὄνομα.]
394 1373 726 1412 Adverbiascunt'A
772 1381 842 1417 εἷος
870 1378 933 1423 μὲν
950 1343 1244 1423 Σνακαλούμενος,

227 1421 338 1469 ὄνομα
370 1419 401 1456 δ’
437 1420 475 1460 Ὀ
499 1422 599 1471 έστης
634 1426 687 1457 El.
725 1388 770 1458 gg

217 1464 366 1509 ‘'Elevoc
383 1472 445 1504 Ph.
466 1435 548 1505 6Ρο5.
564 1491 607 1497 -
625 1476 642 1512 ΙΙ
665 1473 926 1513 Coynomentum
943 1475 1057 1516 potius
1075 1475 1128 1505 vel
1145 1483 1245 1506 voca-

228 1518 344 1551 bulum
368 1520 573 1561 interpretor
600 1524 719 1553 κακῶν
746 1515 798 1554 ὅσ’
828 1518 900 1554 ἐστὶ
932 1519 1070 1555 πάντων
1088 1518 1243 1566 ὀνόματ’,

228 1563 327 1599 οὐδέν
346 1561 417 1599 ἐστ’
437 1563 527 1600 ἀπόν
544 1567 603 1599 OR
622 1564 722 1600 1285.
760 1564 896 1613 Κύπρις
914 1565 954 1602 οὐ
972 1564 1106 1615 Κύπρις
1126 1566 1244 1613 μόνον,

227 1608 308 1647 ἀλλ’
338 1611 408 1647 ἔστι
433 1611 570 1648 πάντων
597 1613 776 1660 ὀνομάτων
803 1613 986 1660 ἐπώνυμος
1011 1617 1077 1648 inc.
1099 1613 1186 1656 078,
1208 1612 1243 1647 2.

227 1662 318 1692 varie
335 1660 488 1694 dicenda.
507 1679 548 1685 -
567 1662 582 1704 u
599 1663 866 1703 Adsigniflcatur
882 1663 980 1703 fama
991 1665 1148 1696 nominis.
1170 1661 1249 1696 ὅνο-

228 1719 277 1752 μα
295 1706 401 1752 μόνον
426 1706 598 1746 δείσαντες
623 1709 678 1742 OC
696 1706 778 1742 265.
817 1720 918 1742 suum
945 1720 1066 1743 nomen
1086 1715 1247 1752 tanquam

228 1756 410 1787 scelestum
436 1759 473 1788 et
496 1758 584 1789 male
607 1758 795 1789 ominatum
820 1759 947 1790 iniuria
965 1759 1078 1790 timeri
1095 1757 1247 1799 Oedipus

226 1802 322 1835 dicit.
358 1801 448 1836 πολὺ
473 1802 513 1837 τὸ
531 1802 590 1837 σὸν
608 1801 718 1848 ὄνομα
735 1802 847 1850 διήκει
872 1803 1001 1843 πάντας
1018 1802 1099 1837 306.
1136 1806 1181 1837 Et
1199 1806 1249 1836 sic

228 1850 369 1882 fortasse
387 1851 625 1892 explicandum
644 1846 712 1885 οἷδ’
735 1849 786 1885 ὅτι
809 1849 937 1897 τούμὸν
957 1850 1099 1898 φυλάξει
1117 1846 1152 1885 σ’
1171 1849 1249 1885 ὄνο-

230 1907 279 1941 μα
304 1896 355 1943 μὴ
380 1895 526 1944 πάσχειν
551 1903 670 1936 κακῶς
693 1895 775 1931 667.
806 1917 846 1923 -
872 1899 886 1942 ΙΙ
912 1901 1180 1940 Adsignificatur
1197 1909 1249 1933 res

232 1944 377 1978 illustris
401 1948 431 1977 et
455 1946 611 1980 honesta:
637 1943 741 1991 ὄγκον
766 1945 830 1992 γὰρ
860 1945 1028 1991 ὀνόματος
1045 1944 1078 1979 τί
1103 1945 1155 1980 δεῖ
1169 1945 1249 1991 τρέ-

232 2002 307 2037 φειν
326 1991 507 2037 μητρῷον;
539 1994 595 2026 Tr.
616 1991 697 2026 817.
727 1991 777 2038 μὴ
802 1992 843 2027 τὸ
868 1993 998 2041 μητρὸς
1029 1991 1139 2040 ὄνομα
1164 2005 1248 2039 πρε-

230 2036 378 2084 σβεὺσῃς
402 2038 508 2074 πλέον
536 2038 637 2073 1065.
672 2058 714 2064 -
753 2041 954 2082 Quanquam
980 2042 1181 2074 Schaeferus
1206 2042 1248 2073 ad

231 2086 294 2118 Ph.
313 2083 395 2119 251.
432 2084 565 2132 οὔνομα
589 2089 724 2129 tragicis
750 2098 817 2120 non
836 2089 943 2121 videri
963 2090 1179 2130 eripiendum
1196 2090 1247 2119 af-

232 2134 409 2174 firmabat,
440 2138 554 2167 tamen
584 2145 662 2167 cum
691 2145 735 2167 ne
753 2137 882 2168 melicis
909 2137 1048 2177 quidem
1079 2137 1149 2167 ulla
1174 2137 1249 2167 eius

233 2181 420 2222 scripturae
445 2192 464 2214 a
479 2192 600 2215 versus
626 2184 699 2223 lege
724 2185 909 2215 necessitas
935 2184 998 2224 sit,
1029 2193 1135 2224 pauca
1153 2185 1188 2214 in
1207 2184 1249 2214 li-

232 2228 303 2259 bris
320 2229 467 2269 vestigia
496 2229 559 2271 (ap.
591 2229 695 2272 Soph.
716 2240 786 2262 uno
809 2231 879 2262 loco
895 2231 957 2263 Ph.
978 2228 1060 2263 251.
1088 2232 1248 2262 librorum

233 2275 437 2318 scripturam
456 2273 606 2322 ἄμετρον
624 2275 670 2310 οὐ
682 2272 714 2310 δ’
743 2273 868 2322 ὄνομ’
897 2275 1020 2319 οὐδέ,
1050 2288 1126 2310 cum
1144 2279 1247 2309 debe-

233 2325 286 2354 ret
318 2319 411 2356 οὐδΊ
447 2320 592 2369 ὄνομά
624 2318 661 2370 γ’
694 2322 817 2366 οὐδέ,
859 2325 961 2358 Tricl.
996 2326 1129 2357 vitiavit
1158 2320 1245 2358 οὐδ’

233 2364 385 2414 οὔνομ’
415 2368 517 2405 οὐδέ
547 2372 765 2411 corrigendo,
792 2373 925 2405 sanavit
949 2373 1021 2404 Erf.
1051 2373 1165 2404 addito
1189 2366 1245 2416 ἄρ’

232 2420 310 2458 post
325 2412 440 2462 ὄνομ’)
456 2443 464 2459 ,
493 2419 650 2460 plurimis
667 2419 748 2451 locis
770 2420 901 2451 brevior
918 2421 1023 2452 forma
1041 2429 1157 2451 versus
1175 2421 1250 2459 lege

234 2465 448 2506 postuletur,
469 2469 562 2498 recte
579 2466 771 2498 decrevisse
789 2467 981 2499 censendus
999 2471 1055 2499 est
1071 2467 1191 2500 Elmsl.
1207 2467 1248 2497 ad

234 2511 318 2544 Eur.
339 2512 461 2546 Bacch.
482 2509 567 2554 320,
589 2523 693 2555 quem
710 2514 827 2546 Herm.
847 2515 1006 2555 sequitur
1022 2515 1064 2546 ad
1083 2514 1143 2547 Ph.
1163 2511 1245 2546 251.

300 2577 538 2628 Ὄνομάζω
567 2585 716 2618 nominc.
757 2584 832 2616 Uno
861 2585 953 2616 enim
981 2585 1052 2616 loco
1082 2584 1250 2624 significat

230 2627 390 2671 proferri,
410 2630 478 2665 dici
489 2641 500 2661 :
525 2627 782 2710 τάνθυμῦὸματα
852 2628 982 2677 λόγοισι
1000 2630 1064 2677 γὰρ
1077 2629 1141 2665 οὐκ
1158 2630 1249 2664 ὠνό-

229 2686 360 2733 μασται
393 2675 459 2722 βρα
486 2676 537 2711 έσι
569 2677 624 2710 OG
648 2674 672 2710 2
696 2672 730 2711 4.
771 2696 811 2702 -
846 2675 957 2723 ὄνομα
990 2673 1023 2712 δ’
1051 2676 1249 2723 ὠνομάζετο

222 2718 372 2758 (Ελενος
394 2725 456 2758 Ph.
499 2721 558 2757 05.
596 2728 665 2759 τῶν
689 2721 800 2760 Λαΐου
830 2723 943 2782 δήπου
971 2736 1022 2763 τις
1052 2723 1251 2770 ὠνομάζετο

203 2797 213 2805 .
234 2770 294 2803 ΟΒ
312 2767 403 2803 1042
420 2782 465 2805 sc.
488 2769 624 2809 δοῦλος.
659 2770 801 2818 φέρουσι
824 2783 978 2818 τουνομα
998 2771 1037 2806 τὸ
1059 2771 1159 2806 τοῦδε
1176 2783 1251 2806 κοι-

234 2815 291 2851 νὸν
316 2815 442 2856 πάντες
466 2816 707 2863 ὠνομασμένοι
723 2818 780 2852 OG
797 2816 854 2852 61.
894 2820 1024 2854 vitiose
1043 2817 1251 2864 ὠνομασμέ-

234 2874 293 2898 νον
320 2865 444 2906 legitur
468 2866 504 2897 in
530 2867 611 2906 LA,
642 2876 759 2898 verum
782 2867 910 2899 habent
934 2868 1024 2899 Ricc.
1039 2893 1047 2907 ,
1076 2868 1153 2899 Vat.
1174 2877 1251 2898 cum

237 2911 339 2944 schol.
378 2911 396 2946 ὁ
412 2914 477 2959 τῆς
492 2910 634 2958 ἀρίστης
653 2913 784 2958 μητρὸς
802 2911 1049 2958 ὠνομασμένος
1068 2914 1122 2946 Tr.
1146 2911 1247 2946 1105.

235 2957 446 3005 ὠνομάσθης
463 2957 503 2993 ἐκ
519 2957 773 3007 τύχηςταύτης
791 2958 829 2998 ὃς
845 2958 877 2994 εἷ
894 2961 952 2994 OR
967 2957 1069 2994 1036.
1101 2959 1251 2994 Medium

234 3008 289 3038 est
304 3007 432 3049 aliquid
449 3006 556 3040 dicere
571 3016 683 3040 mum.
718 3005 793 3041 ἀντὶ
809 3009 871 3042 τοῦ
897 3005 940 3053 δὴ
960 3006 1069 3042 παῖδά
1093 3004 1134 3052 μ’
1161 3007 1251 3040 ὠνο-

237 3050 382 3097 μάζετο;
420 3054 478 3086 OR
504 3050 606 3086 1021.
627 3055 748 3099 ‚Recte
774 3055 1036 3087 Brunck.auwn
1059 3055 1168 3097 filium
1198 3064 1250 3086 me

235 3097 443 3134 nominabat.
465 3101 538 3133 Erf.
554 3125 561 3140 ,
582 3110 779 3142 quanquam
796 3103 883 3134 bene
900 3103 1047 3134 refutato
1064 3102 1185 3134 Markl.
1208 3101 1249 3133 ad

236 3146 322 3179 Eur.
351 3146 472 3189 Suppl.
493 3144 574 3180 749.
614 3145 792 3193 ὠνόμαζεν
811 3146 849 3182 ὅν
867 3149 1072 3190 corrigente,
1101 3149 1250 3190 disparia

235 3195 440 3235 comparavit
467 3194 599 3235 media3
635 3196 762 3236 quibus
791 3205 851 3237 pro
879 3197 999 3229 activis
1029 3195 1132 3237 Soph.
1165 3205 1249 3228 usus

236 3243 304 3282 est,
326 3238 504 3286 αὐδῶμαι,
529 3239 718 3286 ποθοῦμαι.

300 3290 428 3337 Ὄνος
457 3298 566 3340 [Cart.
594 3300 651 3332 Et.
673 3297 769 3342 359.]
803 3303 932 3334 asinus.
967 3298 1144 3348 κριθώσης
1168 3297 1248 3333 ὄνου

236 3345 279 3378 fr.
298 3346 365 3378 inc.
385 3343 451 3378 901
465 3347 497 3378 b.
525 3347 568 3378 cf.
588 3344 744 3426 ἔξριθάω.
766 3365 807 3370 -
826 3345 894 3391 [De
911 3351 992 3379 nota
1006 3347 1154 3379 dictione
1170 3356 1248 3388 pro—

635 3417 644 3433 ,
659 3390 702 3425 15
720 3398 756 3426 et
769 3392 865 3427 Suid.
886 3395 908 3426 1.
931 3404 963 3426 v.
980 3386 1104 3428 Ὄνου
1124 3392 1244 3428 σκιάε
1285 3395 1308 3426 i.
1333 3404 1364 3435 q.
1387 3391 1501 3438 λίγυς;
1531 3403 1690 3426 canorum
1709 3403 1800 3425 emm
1819 3402 1880 3426 nee
1897 3396 2031 3427 ventum
2050 3402 2113 3424 nec
2130 3401 2228 3433 quere

1283 656 1384 703 334.)
1407 656 1645 697 κυλισθεὶς
1670 658 1726 697 ὥς
1755 671 1823 697 τις
1848 658 1951 699 ὄνος
1977 659 2224 708 ἰσόσπριος.
2252 662 2287 696 οἱ

1284 704 1484 751 ἰσόσπριος.]
1997 707 2048 752 (11
2065 718 2099 750 p.
2120 706 2201 750 322,
2225 706 2288 755 163

1347 757 1473 803 Ὄνῦξ
1497 765 1631 805 unquis
1660 764 1775 811 κόμην
1793 764 1895 812 ἀπρὶξ
1919 764 2010 806 ὄνυξι
2029 765 2208 811 συλλαβὼν
2225 759 2288 816 χεῂ

1283 813 1338 843 Αἱ.
1361 809 1439 844 310.
1464 823 1493 844 v.
1516 810 1627 858 άπρίξ.
1659 814 1710 845 De
1728 817 1806 846 tono
1826 825 1858 847 v.
1880 815 1958 848 Arc.
1986 825 2020 856 p.
2044 812 2123 856 199,
2147 813 2200 848 12.

1355 877 1407 926 [Ὀ
1416 880 1432 922 ξ
1441 895 1465 929 η
1477 894 1494 928 ρ
1504 882 1521 916 ό
1533 894 1549 920 ς
1567 882 1698 917 acidus.
1722 882 1844 930 ὀξηρὸν
1857 882 1962 931 ἄγγος
1978 886 2207 918 acetabulum:
2230 890 2288 919 tra·

1283 931 1351 962 late
1370 931 1410 962 de
1429 931 1563 962 homine
1581 931 1720 970 indigno
1737 929 1767 965 ὀ.
1788 930 1821 965 ἅ.
1843 929 1884 964 οὐ
1902 930 2144 977 μελιττοῦσθαι
2160 931 2284 979 πρέπει

1284 979 1325 1009 fr.
1347 978 1456 1019 Iphig.
1477 974 1547 1009 293
1557 979 1589 1010 b.
1610 977 1896 1023 proverbialiter]

1355 1040 1450 1086 Ὀξΰ
1461 1044 1600 1094 θηκτο
1611 1059 1628 1085 ς
1654 1050 1774 1082 tralato
1791 1059 1940 1082 maerore
1957 1052 2179 1082 insanientem
2191 1076 2199 1091 ,
2228 1051 2288 1085 siv«

1284 1096 1377 1126 tuctu
1407 1096 1442 1126 in
1472 1095 1620 1135 [ανον-ειη
1650 1098 1902 1130 exstimulatum
1926 1097 2117 1136 significare
2150 1098 2287 1131 videtur

1284 1139 1307 1186 ή
1335 1137 1367 1174 δ’
1398 1139 1589 1187 ὀξύθηκτος
1617 1141 1680 1188 ἥδε
1710 1141 1827 1188 βωμία
1856 1142 1954 1189 πέριξ
1982 1145 2065 1177 Ant.
2088 1141 2191 1178 1301.
2231 1145 2288 1177 loc«

1285 1190 1375 1220 haud
1394 1190 1494 1221 dubie
1512 1190 1669 1222 lacunoso
1682 1216 1690 1230 ‚
1717 1192 1809 1222 unde
1834 1191 1876 1223 de
1902 1201 2006 1224 sensu
2025 1195 2154 1224 certum
2171 1193 2288 1234 aliqui(

1284 1237 1444 1269 affirmari
1461 1247 1526 1268 non
1546 1242 1670 1279 potest.
1708 1239 1853 1270 Videtur
1877 1239 2016 1280 quidem
2037 1238 2210 1281 Eurydica
2235 1240 2288 1272 dic

1283 1294 1350 1316 sese
1367 1285 1412 1316 ad
1430 1294 1508 1317 aras
1526 1286 1749 1318 interfecisse.
1789 1285 1875 1328 [Non
1901 1287 1988 1318 male
2005 1287 2130 1319 Arndt.
2153 1290 2288 1329 tempta:

1285 1333 1334 1363 vit
1351 1329 1534 1377 ὀξυθήκτῳ
1552 1333 1727 1377 πτώσιμος
1744 1331 1822 1378 περὶ
1838 1331 1954 1380 ξίφει.]

1351 1397 1358 1410 Ί

1365 1398 1392 1437 Ο
1403 1397 1448 1442 ξῦ
1459 1414 1481 1435 κ
1491 1400 1576 1436 ώκῦ
1586 1414 1606 1436 τ
1615 1414 1633 1436 ο
1643 1414 1660 1440 ς
1701 1405 1846 1444 araviter
1883 1403 2038 1447 defletus.
2083 1401 2288 1444 ὀξυκώκυτω

772 1423 805 1458 4.
851 1424 961 1471 ὄνομα
987 1422 1019 1459 δ’
1049 1425 1245 1471 ὠνομάζέῑὈ
1264 1419 1396 1487 Ιπάθος
1415 1451 1496 1482 Ant.
1521 1447 1623 1486 1316.

1351 1504 1393 1543 Ὀ
1405 1506 1421 1547 ξ
1431 1501 1450 1541 5
1460 1520 1477 1542 ν
1489 1522 1518 1542 ω
1543 1519 1627 1540 aeuo
1640 1535 1647 1549 ,
1679 1511 1798 1542 tralate
1816 1508 1923 1543 irrito.

1284 1555 1348 1600 μὸν
1367 1554 1482 1596 ὀξῦναι
1499 1554 1610 1601 στόμα
1627 1557 1683 1589 Tr.
1707 1555 1809 1589 1176.

1354 1611 1513 1653 Ὀξυπλ
1532 1612 1574 1654 ’ξ
1613 1618 1826 1655 ymvisonus.
1869 1613 1983 1660 ἦλθον
2096 1611 2286 1662 Ἀχέροντα

1285 1660 1479 1708 ὀξυπλῆγος
1511 1661 1540 1703 (ὀ
1561 1660 1719 1709 υπλῆγας
1737 1664 1879 1704 Musgr.)
1909 1661 1931 1696 ά
1955 1673 2052 1700 σενας
2076 1661 2164 1709 χοάς
2182 1663 2286 1703 Polyx

1286 1711 1326 1742 fr.
1347 1707 1436 1749 469,
1457 1707 1490 1742 3.
1512 1727 1556 1732 -
1582 1711 1634 1742 De
1653 1715 1732 1742 tono
1756 1722 1788 1743 V.
1812 1673 1996 1756 ἀμφιπλήξ
2021 1714 2056 1742 et
2081 1711 2184 1742 schol.
2208 1711 2246 1742 ll.
2269 1708 2288 1749 ζ

1287 1755 1366 1790 135.
1391 1757 1421 1799 (υ
1448 1758 1484 1788 in
1510 1758 1597 1789 thesi
1624 1758 1830 1800 corripitur).

1962 1509 2013 1555 μὴ
2030 1506 2196 1555 ’πιμεῖναι
2219 1507 2288 1544 τοιῖν

1350 1821 1485 1866 Ὀξύς.
1523 1827 1660 1868 Proprie
1688 1832 1826 1868 acutus,
1863 1828 1921 1860 sed
1939 1829 2113 1870 primitiva
2130 1829 2288 1869 significa-

1284 1875 1376 1906 tione
1408 1874 1449 1905 de
1479 1875 1580 1906 rebus
1606 1884 1798 1907 mucronem
1823 1876 1877 1907 vel
1902 1876 2006 1907 aciem
2031 1876 2288 1917 praeferentibu

1285 1932 1351 1954 non
1371 1922 1515 1962 dicitur,
1556 1931 1671 1954 verum
1705 1922 1747 1954 de
1775 1931 1878 1956 sono:
1914 1919 1992 1960 ὀξὺν
2016 1920 2164 1956 κέλαδον
2194 1920 2288 1956 ἐνσεί·

1286 1979 1346 2006 σας
1380 1967 1480 2005 θοαῖς
1513 1966 1644 2007 πώλοις
1673 1969 1726 2001 El.
1760 1966 1840 2001 737.
1884 1971 2009 2016 πικρᾶς
2049 1966 2184 2016 ὄρνιθος
2224 1968 2288 2010 ὀξὺ·

1286 2014 1439 2062 φθόγγον
1456 2017 1539 2048 Ant.
1568 2013 1648 2048 424.
1693 2017 1854 2059 flebilem,
1882 2017 1924 2048 de
1952 2017 2116 2049 lusciniae
2133 2018 2288 2058 querimo¹

1286 2065 1352 2095 nia.
1377 2081 1417 2087 --
1437 2061 1618 2109 άίόφητος
1649 2061 1753 2102 ὀξέων
1778 2062 1999 2109 κωκυμάτων
2025 2065 2080 2096 Ai.
2101 2061 2181 2096 321.
2223 2061 2288 2102 ὀξέι

1285 2109 1424 2149 κλάζων
1443 2073 1553 2148 αῗετός
1572 2112 1653 2142 Ant.
1677 2108 1745 2142 112
1761 2121 1815 2143 an.
1851 2129 1891 2134 —
1919 2111 2137 2143 Transfertur
2162 2111 2242 2143 inde
2258 2111 2288 2143 ar

1286 2156 1501 2192 iracundiam
1518 2158 1786 2197 significandam.
1823 2155 1935 2203 θυμὸς
1961 2155 2037 2198 ὀξύς
2053 2158 2109 2191 OC
2128 2155 2230 2190 1193.
2259 2156 2288 2192 ai

1285 2204 1508 2239 celeritatem:
1545 2203 1706 2250 λαμπρᾶς
1730 2203 1794 2252 γὰρ
1818 2203 1899 2251 ἄτερ
1924 2207 2091 2252 στεροπᾶς
2114 2198 2196 2251 ᾅξας
2224 2203 2288 2244 ὀξὺι

1284 2250 1382 2289 νότος
1399 2251 1446 2290 ὣς
1463 2250 1562 2299 λήγει
1582 2253 1633 2284 Αἰ.
1655 2250 1726 2285 258
1741 2262 1796 2285 an.
1825 2253 1990 2284 Austrum
2006 2254 2080 2284 sine
2098 2255 2288 2294 tempestati

1286 2303 1393 2331 ortum
1413 2309 1490 2331 mox
1515 2309 1646 2331 cessare
1671 2302 1826 2332 observat
1843 2300 1942 2332 Tricl.
1979 2299 2026 2337 ὡς
2042 2297 2108 2346 ἥδε
2125 2298 2165 2344 (ἡ
2183 2297 2288 2344 vdeo-:J

1288 2358 1345 2391 μοι
1364 2344 1456 2385 ὀξεῖα
1473 2346 1577 2393 φοιτᾷ
1600 2346 1660 2380 καὶ
1681 2344 1801 2393 ταχεῖ’
1817 2344 2005 2393 ἀπέρχεται
2029 2347 2091 2379 Ph.
2111 2344 2191 2380 808.
2237 2347 2288 2378 Ηίι

1286 2398 1325 2426 ut
1342 2392 1434 2432 ὀξεῖα
1452 2395 1572 2426 doloris
1590 2395 1784 2434 significans
1807 2403 1882 2426 esse
1899 2397 2054 2435 putaret,
2082 2394 2212 2426 Buttm.
2235 2393 2288 2431 sil)

1286 2452 1303 2472 a
1322 2442 1538 2473 Wakefieldio
1555 2442 1751 2482 persuaderi
1769 2451 1891 2482 passus
1909 2445 1973 2473 est.
2011 2441 2076 2473 Sed
2094 2450 2138 2473 ne
2154 2441 2288 2472 inanito]

1286 2490 1408 2530 loquax
1423 2489 1576 2520 videatur
1593 2491 1704 2530 poeta,
1725 2489 1843 2521 eadem
1862 2498 1898 2520 re
1915 2489 2030 2520 eodem
2049 2488 2186 2529 quidem
2199 2487 2288 2529 vers(

1286 2536 1416 2568 duobus
1435 2536 1603 2567 vocabulis
1629 2537 1845 2577 compellata,
1871 2537 1995 2582 ταχεῖα
2017 2536 2060 2568 ad
2085 2539 2220 2577 tempus
2244 2532 2288 2568 so¹⁴

1286 2584 1357 2614 lum
1375 2584 1442 2615 cito
1459 2583 1667 2624 praeteriens
1681 2608 1688 2622 ,
1718 2580 1811 2622 ὀξεῖα
1827 2586 1941 2614 autem
1959 2583 2002 2614 ad
2027 2582 2248 2624 repentinum
2265 2571 2288 2614 ei

1286 2631 1555 2671 inexspectatum
1575 2630 1762 2662 adventum
1787 2631 1930 2661 reseram
1945 2655 1952 2669 ,
1981 2631 2069 2662 sicut
2085 2640 2138 2671 ap.
2158 2630 2288 2663 Homer

1287 2675 1388 2714 αίπύς
1405 2678 1541 2709 dicitur.
1587 2675 1678 2716 ὀξεῖα
1711 2675 1775 2723 γάρ
1808 2686 1868 2710 σου
1902 2675 1996 2721 βάξις
2028 2676 2076 2714 ὡς
2099 2674 2182 2711 θεοῦ
2210 2669 2288 2715 τινοί

1288 2718 1410 2770 διῆλί)’
1425 2718 1580 2770 Ἀχαιοὺς
1597 2722 1726 2761 πάντας
1744 2725 1798 2756 Ai.
1819 2721 1899 2755 998.
1929 2725 2001 2755 Aut
2018 2735 2037 2756 a
2061 2722 2224 2756 celeritate
2241 2733 2260 2755 a

1288 2782 1306 2802 a
1327 2772 1534 2805 vehementia
1567 2772 1785 2811 desumptum
1817 2768 1929 2809 ὀξεῖαν
1961 2769 2072 2816 ἀκοὴν
2099 2773 2174 2808 τοῖς
2200 2768 2266 2816 ἐμο

1288 2816 1401 2864 λόγοις
1418 2816 1532 2855 διδούς
1553 2819 1603 2849 El.
1625 2815 1680 2850 30.
1711 2818 1811 2849 Certe
1829 2827 1993 2851 summam
2009 2817 2202 2851 attendendi
2218 2817 2254 2849 di

1287 2865 1457 2906 yenticcm,
1494 2869 1533 2897 ut
1562 2867 1596 2896 in
1615 2875 1650 2896 rc
1668 2867 1759 2904 gravi
1789 2875 1889 2906 quam
1914 2866 2087 2898 celerrime
2112 2865 2196 2906 quid
2220 2865 2288 2899 fact

1287 2923 1371 2954 opus
1389 2913 1451 2953 sit,
1474 2914 1643 2951 intelligas
1669 2913 1858 2949 significare
1876 2919 1969 2953 puto.
2007 2913 2068 2944 Rei
2086 2914 2193 2952 aeris,
2219 2912 2288 2954 914

1286 2962 1336 2991 vis
1354 2963 1390 2991 et
1406 2958 1562 2993 eaeitioaae
1586 2969 1725 2991 sensum
1748 2960 1861 2991 inesse
1885 2963 1969 3001 puto
1986 2960 2069 2991 Ant.
2093 2956 2202 2991 1238:
2231 2960 2288 3005 φοί

1288 3009 1369 3040 σιῶν
1388 3005 1500 3046 ὀξεῖαν
1519 3003 1681 3051 ἐκβάλλει
1698 3005 1807 3051 πνοὴν
1895 3004 2028 3052 φοινίου
2047 3003 2288 3056 σταλάγματος

1285 3055 1336 3085 vis
1353 3058 1444 3086 certe
1462 3055 1639 3093 sanquinis
1663 3063 1732 3085 una
1757 3063 1833 3085 cum
1863 3054 1987 3095 spiritu
2013 3053 2170 3085 ducendo
2191 3053 2245 3084 eie

1286 3101 1423 3134 dicitur.
1446 3118 1487 3123 —
1514 3101 1770 3142 Comparativus
1787 3101 1927 3133 celerem
1943 3100 2112 3140 significat
2126 3100 2208 3132 Ant.
2231 3096 2248 3131 1

1287 3148 1339 3180 ch.
1386 3145 1521 3194 φυγάδα
1549 3145 1745 3193 πρόδρομον
1773 3145 1921 3193 ὀξυτέρῳ
1950 3145 2119 3193 κινήσασα
2146 3143 2288 3193 χαλινῷι]

1285 3196 1378 3226 Ante
1403 3195 1551 3226 Brunck.
1585 3195 1786 3234 vulgabatur
1819 3191 1986 3239 ὀξυτόρῳ,
2022 3194 2111 3235 quod
2143 3187 2288 3244 quamv*

1286 3242 1387 3273 etiam
1421 3242 1455 3273 in
1482 3242 1540 3272 LA
1565 3244 1756 3281 servatum,
1794 3250 1898 3273 sensu
1924 3244 2038 3273 tamen
2063 3250 2198 3274 cassum
2230 3240 2288 3298 aeq

1286 3289 1374 3320 Vera
1389 3289 1556 3330 scriptura
1580 3291 1687 3320 estex
1705 3288 1806 3320 schol.
1828 3289 1986 3329 reposita.

1379 3343 1417 3381 ’O
1428 3344 1472 3386 ξύ
1482 3358 1502 3379 τ
1511 3358 1529 3379 ο
1540 3358 1557 3379 ν
1566 3358 1584 3380 ο
1595 3358 1611 3384 ς
1636 3348 1754 3378 acriter
1772 3347 1917 3380 intentus
1928 3371 1936 3386 ‚
1965 3346 2046 3378 inde
2061 3347 2158 3379 acute
2174 3356 2190 3376 s
