2288 3600
0 126 116 214 [1¹¹⁹-
127 146 344 198 soa-soa]
406 126 409 128 ’

808 135 940 203 Οἴως
962 167 1023 176 -
1039 129 1282 205 Ὀλέθριος

1985 135 2082 186 523

0 233 83 296 ΞῖιλζιΕΙ,
105 253 208 291 1058.
229 258 434 291 admiscetur
457 259 529 290 avis
545 258 751 299 auspicantis
768 257 979 297 significatio.
1000 267 1034 289 v.
1072 258 1171 298 ptura
1193 257 1305 296 potest
1333 254 1390 286 Tr.
1411 251 1444 286 7.
1481 254 1539 286 ubi
1571 254 1758 286 secundum
1791 255 1950 287 librorum
1981 254 2083 287 fidem

0 305 126 343 ':,infra.
145 323 192 329 —
207 304 222 347 ΙΙ
245 305 331 336 Aves
363 304 455 346 ferae
487 308 518 337 et
548 314 696 346 rapaces.
740 302 876 340 οἰωνοῖς
907 301 1035 349 γλυκὺν

3 349 138 399 ‘themu
162 349 200 386 ὀν
215 352 298 384 Ant.
318 348 376 384 29.
405 350 490 397 πρὸς
509 350 639 385 οἰωνῶν
659 349 765 396 δέμας
788 349 848 385 καὶ
872 350 956 395 πρὸς
972 361 1037 384 κυ-

0 398 95 437 new
118 397 135 433 ἐ
159 397 254 432 εστὸν
279 392 462 432 αἰκισθέν-τ’
497 397 582 432 ἰδεῖν
613 395 695 431 205.
730 397 788 432 τὸν
823 395 1036 444 αὐτάδελφον

14 443 183 500 ,ἄθαπτον
219 439 304 490 μήθ’
338 443 392 479 ὑπ’
426 444 598 490 ὠμηστῶν
623 449 736 479 κυνῶν
762 442 846 478 εἴασ’
880 443 1031 484 ὀλέσθαι,

15 489 770 585 .si..3³5.2‘322‚⁶:21‚s‡2.⁶‡.?2{·.{aaa
785 503 943 572 1ῧῆῬῖ
945 489 1035 576 ῗνλῖἷὲ

27 585 154 632 πτηνὸς
180 585 301 624 οἰωνὸς
327 585 440 632 φέρων
467 584 602 621 ἀνόσιον
628 585 740 632 ὀσμὴν
759 585 794 623 ἐς
811 583 909 620 πόλιν
930 583 945 618 1
974 583 1031 618 82.

28 631 122 679 [secl.
138 631 283 678 Wund.]
301 632 438 671 οἰωνοῖς
455 627 486 667 θ’
505 631 595 678 ἕλωρ
613 634 667 666 Αἰ.
688 631 768 666 830.
784 651 825 657 —
844 634 858 675 ΙΙ
876 634 956 665 Avis
972 642 1035 665 au-

26 681 128 723 spicio
145 680 275 720 idonea.
312 681 410 713 Viam
427 685 587 713 monstrat
610 679 643 714 τί
664 679 744 718 τοὺς
761 678 895 715 ἄνωθεν
917 690 1036 727 φρονι-

27 726 207 774 μωτάτους
225 725 369 764 οἰωνοὺς
387 725 597 772 ἐσορώμενοι
612 729 666 760 ΕΙ.
690 724 779 760 1058
795 728 848 759 ch.
869 725 949 772 [quo
967 728 1036 760 loco

11 785 59 812 -οι
75 775 196 817 corripi
213 778 328 807 monet
343 775 396 806 W.
408 775 543 815 Berger.
563 775 604 807 de
622 776 766 807 versibb.
792 775 940 815 logaoed.
960 785 993 816 p.
1014 771 1035 806 9

27 825 62 856 et
79 818 173 866 14.];
201 822 250 854 sic
266 822 358 854 enim
375 823 470 862 quasi
486 822 677 854 divinorum
694 822 908 854 consiliorum
922 847 929 862 ,
950 831 1035 863 quae

26 869 218 902 hominibus
250 870 472 910 patefaciunt,
508 873 675 902 consortes
709 869 935 911 appellantur.
979 865 1036 901 ἀπ’

28 914 160 952 οἰωνῶν
178 913 277 961 φάτιν
296 915 354 947 OR
363 913 443 949 310.
496 927 514 948 ν
532 914 726 961 (μαντείαν)
743 909 813 949 οὔτ’
829 910 887 950 ἀπ’
905 914 1036 949 οἰωνῶν

28 961 67 998 σὺ
91 960 293 1009 προυφάνης
317 960 427 1009 ἔχων,
455 956 526 996 ουτ’
550 961 590 996 ἐκ
615 961 705 997 θεῶν
729 974 789 996 του
807 961 936 1009 γνωτόν
954 959 1032 996 395.

15 1009 147 1056 ,γνώμῃ
178 1008 350 1055 κυρ’σας,
387 1008 457 1043 οὐδ’
491 1004 548 1043 ἀπ’
581 1008 712 1044 οἰωνῶν
747 1008 868 1054 μαθών
887 1007 966 1043 398.
995 1008 1038 1043 τὰ

15 1060 147 1103 ,πρῶτα
202 1055 237 1090 ὲν
284 1055 354 1102 ὀρει
376 1054 565 1102 κρατύνων,
596 1062 716 1103 πρῶτα
741 1054 768 1091 δ’
793 1056 927 1091 οἰωνῶν
945 1055 1038 1094 ὁδοῖς

27 1103 83 1137 00
103 1100 166 1136 131
196 1130 204 1137 .
231 1097 274 1138 ἵν’
290 1103 333 1150 ἦν
353 1114 412 1148 μοι
428 1103 553 1141 παντὸς
571 1103 696 1138 οἰωνοῦ
713 1103 819 1150 λιμήν
836 1106 918 1137 Ant.
934 1101 1034 1136 1000.

10 1168 71 1180 .--
88 1151 142 1183 De
157 1155 238 1183 tono
255 1155 351 1184 cavet
367 1152 443 1184 Arc.
464 1162 498 1193 p.
520 1149 576 1193 66,
598 1149 630 1184 7.
737 1151 785 1196 (11
803 1162 837 1194 p.
859 1149 938 1192 304,
964 1148 1040 1194 12.)

98 1206 212 1247 Οἵως
230 1210 390 1251 quomodo
407 1210 555 1242 admixta
573 1208 775 1256 σχετλιάσει.
801 1208 874 1248 οἷος
893 1209 939 1244 ὢν
957 1207 1039 1247 οἵως

28 1254 118 1304 ἔχεις
135 1257 190 1289 Αἰ.
211 1253 291 1290 923.
312 1258 452 1298 indigne
470 1258 610 1299 periisse
628 1258 763 1290 Aiacem
782 1258 873 1290 dicit.
902 1258 1040 1290 Porsoni

15 1305 250 1338 coniecturam
270 1301 352 1342 οἵως
369 1305 431 1337 Ph.
455 1302 556 1337 1007.
578 1314 675 1337 nemo
693 1306 829 1346 recepit.
852 1316 883 1337 v.
906 1303 990 1342 οἶος.

10 1409 13 1413 ,
93 1368 102 1382 ’
113 1370 295 1414 Οκλάζω
311 1375 458 1407 conside.
496 1372 632 1422 λέχριός
665 1368 694 1421 γ’
729 1372 780 1408 ἐπ’
812 1372 922 1421 ἄκρου
955 1372 1039 1412 λᾶος

29 1419 159 1469 βραχὺς
177 1419 330 1459 ὀκλάσας
346 1422 400 1455 00
423 1419 487 1454 196
506 1423 558 1455 ch.
580 1423 723 1462 genibus
738 1423 838 1455 flexis
863 1427 901 1454 ut
919 1423 954 1454 in
972 1422 1038 1454 hu-

26 1469 100 1502 mili
115 1469 186 1502 loco
203 1469 367 1510 considat,
387 1474 543 1502 monetur
560 1469 722 1511 Oedipus.
743 1470 786 1502 V.
803 1470 919 1502 Herm.

97 1535 267 1575 Ὀκνέω
284 1543 427 1573 cunctor.
457 1539 471 1581 ΙΙ
495 1541 673 1581 universe,
702 1541 797 1572 velut
829 1544 966 1582 propter
989 1541 1038 1572 rei

3 1598 11 1608 ι
26 1586 296 1626 magnitudinem
321 1587 375 1619 vel
400 1587 487 1627 quod
516 1587 638 1619 fiducia
669 1589 773 1620 nostri
798 1597 963 1621 caremus,
995 1581 1038 1621 ἵν’

3 1654 12 1657 ἡ
26 1627 137 1668 οὐκέτ’
153 1631 266 1667 ὀκνεῖν
283 1632 401 1679 καιρός
419 1634 473 1665 ΕΙ.
494 1631 551 1666 22.
581 1632 675 1680 φιλεῖ
690 1632 754 1681 γὰρ
781 1634 894 1669 ὀκνεῖν
911 1635 1038 1681 πρᾶγμ’

3 1677 115 1726 ΐάνὴρ
139 1678 300 1727 πράσσων
326 1678 415 1727 μέγα
439 1678 520 1713 320.
543 1700 584 1706 -
603 1682 617 1724 u
634 1683 657 1714 i.
678 1692 710 1723 q.
729 1684 832 1723 piyet.
859 1679 903 1714 τὰ
930 1680 991 1726 μέν
1011 1679 1038 1714 σ’

3 1738 12 1775 ⁷.
25 1726 118 1762 ὀκνῶ
134 1725 322 1775 χαίρουσαν
339 1725 510 1773 εἰργαθεῖν
527 1728 582 1761 ΕΙ.
606 1726 707 1761 1271.
736 1727 816 1762 ὅταν
841 1740 874 1762 τι
898 1727 983 1774 δρᾷς
1002 1727 1036 1766 ἐς

0 1768 6 1807 ¹.
25 1773 160 1820 κέρδος,
182 1772 247 1808 οὐκ
264 1773 376 1808 ὀκνεῖν
393 1773 514 1821 πρέπει
531 1775 592 1808 Ph.
608 1773 685 1807 111.
707 1785 773 1808 non
791 1777 882 1808 enim
894 1777 1037 1815 gravitas

26 1823 88 1862 rei,
110 1822 169 1854 sed
193 1822 302 1862 pudor
318 1822 574 1864 Neoptolemum
592 1824 811 1856 absterrebat.
833 1840 874 1846 —
894 1823 908 1865 ΙΙ
926 1825 1034 1863 timeo,

7 1876 9 1880 ’
26 1872 162 1901 cunctor
180 1878 263 1909 prae
289 1870 394 1900 animi
410 1879 533 1909 anyore
549 1871 601 1902 vel
625 1874 725 1902 metu.
754 1871 907 1902 Levioris
926 1874 1037 1902 metus

0 1915 221 1957 'significans
245 1919 299 1948 est
321 1916 358 1948 in
382 1915 455 1948 his:
491 1914 602 1961 τάφου
628 1915 690 1961 μὲν
719 1915 809 1950 ὀκνῶ
841 1914 932 1951 τοῦδ’
965 1915 1038 1950 ἐπι-

26 1960 145 2010 ψαύειν
164 1961 222 1996 ἐᾶν
239 1963 295 1995 Ai.
317 1959 418 1995 1394.
449 1961 484 1996 ἐν
507 1961 560 2001 οἷς
584 1957 613 1996 δ’
636 1961 757 2008 αὐδᾷς,
789 1963 880 1998 ὀκνῶ
902 1962 964 2008 (sc.
987 1962 1036 2008 μὴ

11 2009 141 2056 ’φανῇς
157 2008 192 2043 αἱ
242 2007 317 2054 ρός)
339 2010 401 2041 Ph.
422 2006 502 2042 907.
532 2009 623 2044 ὀκνῶ
650 2022 704 2044 τοι
727 2010 811 2058 πρός
838 2005 867 2044 σ’
883 2009 1038 2045 ἀποσκο-

1 2059 138 2099 ζςποῦσα
161 2057 220 2090 OR
255 2053 312 2088 46.
340 2054 400 2090 καὶ
435 2056 504 2103 μὴν
533 2056 624 2091 ὀκνῶ
654 2055 734 2091 749.
773 2060 833 2091 νῦν
869 2057 1036 2102 ὀκνοῦμεν

5 2144 7 2146 q
23 2102 147 2142 πάντες
164 2100 244 2136 922.
271 2105 330 2136 νῦν
348 2101 426 2136 πᾰσ’
450 2101 584 2149 ἀνάγκη
612 2103 725 2138 ὀκνεῖν
742 2102 822 2138 986.
842 2103 865 2151 ἠ
883 2104 948 2151 γὰρ
964 2099 1038 2139 τάδ’

7 2148 136 2184 ’ὀκνῶν
152 2147 269 2184 κεῖθεν
285 2144 365 2195 ἦσθ’
381 2149 587 2192 ἀπόπτολις;
613 2149 713 2184 1000.
743 2150 779 2186 ὃν
799 2147 878 2198 μήτ’
907 2150 1037 2186 ὀκνεῖτε

3 2197 79 2231 ”OG
97 2195 177 2230 731.
208 2198 261 2230 De
279 2207 314 2229 re
332 2200 428 2237 yravi
445 2202 479 2230 et
495 2198 684 2230 discrimine
697 2201 800 2240 plena
816 2200 898 2232 haec
914 2200 1036 2232 dicun-

5 2247 97 2277 tur:
127 2238 291 2290 μεμηνότ’
307 2241 415 2290 ἄνδρα
432 2249 626 2292 περιφανῶς
643 2245 759 2283 ὀκνοῖς
777 2244 861 2279 ἰδεῖν
876 2259 883 2288 ;
902 2247 956 2279 Ai.
975 2244 1033 2278 81.

7 2290 83 2325 *zai
106 2295 181 2329 πῶς
205 2290 245 2325 τὸ
264 2291 392 2338 μητρὸς
414 2289 557 2337 λέκτρον
581 2291 646 2326 οὐκ
669 2292 781 2326 ὀκνεῖν
810 2304 852 2338 με
878 2291 951 2335 δεῖς
980 2294 1037 2326 OR

24 2334 104 2372 976.
126 2335 173 2382 [v.
194 2348 221 2370 s.
241 2336 377 2384 λέχος]
395 2337 545 2372 ὀκνοῦντἲ
563 2336 697 2385 ἀνάγκη
714 2338 919 2385 (διδάσκειν)
935 2341 1037 2373 Oedi-

0 2393 88 2426 v›pus
112 2386 194 2418 dicit
226 2385 281 2418 00
300 2382 401 2426 655.;
431 2387 554 2418 metuit
579 2388 672 2418 enim
700 2397 743 2419 ne
773 2397 944 2420 summum
972 2389 1036 2420 sibi

0 2436 10 2458 f
23 2433 150 2464 malum
167 2433 313 2465 accidat:
340 2434 520 2474 respondet
536 2434 688 2466 Theseus
704 2432 832 2478 τούμὸν
861 2433 924 2467 οὐκ
942 2433 1038 2468 ὀκνεῖ

4 2476 121 2526 *xeno
158 2480 210 2512 Cf.
232 2479 296 2511 EM
322 2489 356 2521 p.
379 2476 457 2519 620,
478 2477 536 2512 48.
563 2484 597 2512 et
619 2482 744 2513 Iacobs.
771 2481 812 2513 ad
828 2481 933 2513 Anth.
962 2482 1032 2514 Pal.

0 2529 49 2558 Ὧι.
71 2523 104 2558 3.
124 2535 158 2567 p.
179 2523 261 2558 894.
284 2543 326 2549 ——-
345 2527 455 2558 Prima
480 2528 516 2558 in
533 2528 600 2559 arsi
617 2529 830 2569 producitur,
859 2529 900 2560 de
918 2538 984 2570 qua
1000 2539 1036 2561 re

7 2575 155 2614 {monuit
179 2573 251 2605 Erf.
272 2573 314 2605 ad
330 2573 386 2606 Tr.
406 2570 494 2615 299,
523 2584 554 2606 V.
582 2575 636 2606 ΕΙ.
657 2572 714 2607 22.
735 2572 815 2608 320.
851 2575 907 2607 Αἰ.
931 2571 1032 2608 1394.

0 2615 11 2642 Ἰ
24 2618 83 2652 OR
102 2616 218 2660 1000.,
247 2629 332 2662 quae
351 2629 418 2652 non
435 2622 547 2652 omnia
563 2622 621 2654 ille
640 2622 783 2663 collegit.

6 2719 13 2722 .
93 2685 310 2735 Ὀκνηρός
335 2692 466 2731 yravis,
493 2692 659 2725 molestus.
694 2689 780 2737 ἡμῖν
814 2690 896 2738 μέν,
932 2691 1032 2734 ὦναξ,

8 2732 117 2781 ψ’ταῦτ’
141 2734 274 2782 ὀκνηροί
296 2737 354 2769 OR
370 2734 451 2770 834.
481 2739 690 2771 formidolosa.
714 2740 806 2771 enim
831 2739 958 2781 Oedipo
982 2749 1036 2772 res

5 2818 13 2827 .
24 2786 105 2822 erat,
127 2783 245 2815 chorus
263 2787 375 2816 autem
401 2794 436 2816 se
453 2785 538 2817 illud
556 2786 666 2818 dolere
683 2786 777 2819 dicit.

65 2833 243 2879 Ὀκνος.
275 2842 289 2885 ΙΙ
314 2844 492 2875 cunctatio.
530 2845 591 2876 τοῦ
616 2842 722 2878 πόνου
753 2842 817 2891 γὰρ
847 2843 912 2878 οὐκ
936 2842 1037 2883 ὄκνος

23 2887 85 2920 Ph.
106 2885 186 2921 887.
222 2898 292 2921 non
314 2889 494 2922 cunctabor
518 2890 626 2922 subire
649 2893 847 2924 molestiam.
882 2891 942 2925 καὶ
968 2904 992 2936 μ
1019 2902 1037 2924 ν

7 2928 122 2982 »ἔγωγ’
142 2932 240 2969 ἔσωσ’
257 2934 387 2969 ἐκεῖνον
416 2934 481 2970 οὐκ
498 2934 588 2982 ὄκνῳ
607 2938 660 2969 ΕΙ.
682 2935 762 2971 321.
790 2936 833 2971 τὰ
857 2936 951 2972 δεινὰ
973 2950 1037 2985 γαρ

0 3025 2 3027 .
22 2991 78 3016 τοι
94 2978 288 3028 προστίθησ’
310 2980 411 3016 ὄκνον
425 2981 532 3016 πολύν
549 2985 630 3017 Ant.
645 2982 726 3017 243.
744 2986 832 3027 quod
842 2987 1036 3027 exemplum

5 3029 189 3070 :quomodo
206 3030 246 3061 ad
263 3030 402 3062 alteram
420 3031 701 3070 significationem
718 3030 920 3071 transeatur,
941 3042 1037 3065 mon—

0 3078 185 3154 ἒζῗιῖᾚὲ
211 3075 444 3157 ''022⁶‘2ssffi
463 3071 820 3159 2⁹}.‘3²3?‘³?..³.532“”3²1{
839 3077 1036 3158 ῗῗῗέαγῆῗῗ

0 3146 161 3248 ζῖἷάλισθ
186 3147 285 3206 ὄκνος
295 3134 336 3202 φῶ
361 3136 462 3217 ἔχειῖ
482 3140 537 3204 60
556 3156 635 3204 652.
664 3138 800 3217 πορῶτος
878 3137 1035 3206 ὄκνουτὲἒ

50 3212 120 3248 ύσω
154 3216 209 3248 Tr.
234 3213 311 3249 180.
341 3219 530 3263 φρονοῦντα
562 3216 626 3264 γάρ
650 3229 700 3252 νιν
735 3217 800 3252 οὐκ
829 3216 870 3252 ἂν
896 3215 1035 3265 ἐξέστην

18 3258 118 3307 -ὄκνῳ
143 3263 199 3295 Ai.
218 3260 275 3295 82.
305 3264 398 3296 codd.
427 3265 563 3305 quidam
589 3263 671 3298 ἰδεῖν
696 3275 756 3306 pro
779 3263 882 3310 ὄκνῳ.
917 3267 958 3297 In
977 3267 1036 3299 LA

5 3348 128 3391 *lam
146 3353 218 3402 ἔχω
242 3355 303 3390 καὶ
326 3355 527 3403 πεφόβημαι
549 3359 605 3391 Ai.
629 3355 694 3391 139
711 3368 765 3391 an.
795 3359 866 3392 Hoc
881 3369 950 3391 uno
965 3360 1035 3391 loco

1073 303 1232 335 Deianira
1248 301 1330 334 dicit
1344 299 1519 347 νυμφείων
1538 298 1614 335 ὄκν
1625 312 1670 335 ον
1687 298 1845 347 ἄλγιστον
1864 299 1977 348 ἔσχον,
2009 302 2084 334 edi-

1073 354 1160 382 tores
1177 352 1252 390 post
1269 349 1478 390 Stephanum
1495 349 1647 390 plerique
1665 349 1863 381 scholiastae
1881 358 2082 381 commemo-

1073 401 1183 428 ratum
1202 392 1348 436 ὄτλον,
1375 397 1570 435 molestiam,
1600 400 1813 438 receperunt.
1854 396 1943 427 Illud
1959 399 2084 428 nictum

1071 445 1266 484 nuptiarum
1291 447 1367 484 apte
1393 443 1558 484 explicuit
1574 443 1698 483 Musgr.
1719 452 1782 474 nec
1806 443 1912 475 audeo
1929 443 2084 475 deserere

1072 491 1183 523 libros.
1207 509 1247 514 —
1267 490 1454 522 Accentum
1472 490 1622 522 vocabuli
1639 491 1787 522 enotavit
1805 491 1881 522 Arc.
1898 500 1932 532 p.
1950 486 2006 530 62,
2028 486 2081 522 10.

1074 538 1173 570 sust.
1193 547 1227 578 p.
1248 533 1327 578 831,
1348 534 1404 570 60.
1783 535 1831 580 (11
1850 547 1883 578 p.
1905 534 1986 577 305,
2010 534 2086 580 16.)

1142 601 1378 652 Ὀκρῗάζω.
1417 605 1658 653 ὀκριάζωντ
1686 605 1953 655 τραχυνόμενος.
1994 603 2082 654 Σοφ.

1072 652 1130 698 (fr.
1150 655 1216 686 inc.
1239 652 1341 699 917.)
1365 655 1460 686 Phot.
1490 665 1523 696 p.
1545 652 1624 695 326,
1648 652 1701 687 13.

1148 707 1212 755 [**’
1229 708 1410 760 Οκωχεὺ
1423 726 1450 746 ω
1476 724 1507 745 v.
1526 723 1553 746 s.
1581 711 1761 761 κωχεύω.]

1143 768 1285 806 Ὀλαί.
1314 769 1393 817 ἐνῆν
1419 769 1456 805 δὲ
1484 771 1659 819 συμμιγὴς
1687 770 1784 810 ὀλαῖς
1803 769 2002 818 παγκαρπία
2025 771 2089 803 Po-

1073 819 1152 858 lyid.
1175 821 1215 851 fr.
1237 816 1318 859 464,
1340 816 1373 851 3.
1393 816 1462 864 [ap.
1485 819 1590 852 Clem.
1611 820 1665 852 ΑΙ.
1688 820 1807 853 Strom.
1825 816 1858 852 4.
1878 829 1912 860 p.
1928 816 2007 852 565.
2029 819 2090 850 sed

1073 863 1290 912 παγκαρπεία
1306 866 1481 912 συμμιγὴς
1496 864 1593 904 ὀλαῖς
1610 878 1663 908 ap.
1681 867 1840 908 Porphyr.
1858 867 1899 898 de
1912 867 2034 898 abstin.
2052 862 2085 906 2,

1077 910 1149 957 19.]
1168 914 1296 945 Buttm.
1317 914 1353 945 in
1373 914 1481 945 Lexil.
1503 919 1527 946 t.
1552 911 1582 947 1.
1604 924 1638 955 p.
1663 911 1739 946 191.
1771 925 1790 946 a
1814 915 1986 945 veteribus
2013 922 2089 954 pro-

1074 961 1177 992 ditam
1204 961 1356 992 vocabuli
1391 961 1645 1002 originationem
1678 970 1745 992 non
1769 961 1863 992 modo
1889 964 2028 992 accentu
2055 965 2089 991 et

1074 1008 1196 1048 spiritu
1223 1007 1395 1048 redargui,
1425 1008 1483 1039 sed
1508 1008 1593 1039 illud
1611 1018 1744 1049 quoque
1769 1009 1849 1040 satis
1874 1008 2089 1048 probabiliter

1074 1055 1198 1093 docuit,
1220 1055 1386 1095 prolatum
1409 1055 1494 1086 illud
1520 1064 1593 1087 esse
1618 1057 1659 1086 ab
1684 1052 1798 1094 άλέω,
1827 1052 1954 1095 ἀλίνω,
1983 1055 2085 1094 molo,

1075 1102 1165 1133 unde
1182 1099 1326 1146 ἄλευρον
1344 1107 1378 1133 et
1395 1103 1484 1134 mola
1502 1103 1735 1134 Romanorum.
1766 1102 1820 1134 Sic
1837 1111 1924 1143 quae
1943 1102 1983 1133 de
2001 1101 2087 1133 mola

1075 1151 1115 1181 ab
1132 1149 1196 1189 his,
1217 1148 1337 1181 hordeo
1354 1153 1439 1181 tosto
1458 1159 1475 1180 a
1494 1149 1627 1181 Graecis
1644 1151 1680 1181 in
1706 1149 1921 1181 sacrificando
1941 1149 2089 1180 adhibito

1075 1197 1176 1236 vulgo
1193 1196 1427 1236 credebantur,
1447 1201 1668 1228 evanescunt.
1698 1197 1899 1228 Buttmanni
1916 1196 2088 1228 sententia

1075 1244 1289 1275 confirmatur
1305 1252 1404 1275 versu
1423 1243 1623 1284 Sophocleo;
1652 1247 1880 1275 memorantur
1903 1244 1994 1275 enim
2017 1243 2088 1274 illic

1075 1291 1186 1322 variae
1204 1290 1338 1331 penoris
1356 1299 1447 1332 opes,
1469 1291 1556 1330 lana,
1580 1292 1707 1331 vinum,
1736 1300 1834 1331 uvae,
1862 1292 2084 1329 frumentum,

1074 1338 1145 1370 sive
1162 1334 1291 1383 ἄλφιτα
1308 1339 1431 1378 potius,
1461 1342 1642 1370 consuetus
1660 1347 1756 1379 parce
1774 1339 1963 1370 viventium
1981 1337 2089 1369 Athe-

1075 1386 1246 1416 niensium
1266 1384 1384 1416 victus.
1414 1385 1478 1418 Sed
1503 1395 1579 1417 cum
1606 1383 1780 1430 συμμιγής
1806 1394 1872 1416 non
1898 1386 2004 1426 possit
2022 1385 2089 1415 nisi

1075 1432 1116 1463 ad
1139 1432 1250 1472 priora
1274 1432 1411 1473 referri,
1448 1441 1556 1474 paene
1586 1432 1730 1463 dixerim
1756 1432 1989 1473 corrigendum
2014 1440 2088 1463 esse

1076 1477 1202 1512 ὀλῶν.

1143 1531 1339 1582 Ὀλβίζω
1365 1538 1496 1570 beatum
1510 1537 1676 1578 praedico.
1714 1531 1829 1583 μηδέν’
1859 1535 2005 1582 ὀλβίζειν
2030 1536 2089 1569 OR

1077 1581 1177 1618 1529.
1217 1583 1256 1618 οὐ
1289 1596 1311 1630 y
1336 1583 1359 1630 ή
1392 1579 1467 1617 ποτ’
1500 1583 1538 1618 εὖ
1571 1583 1782 1630 πράσσοντος
1816 1582 1949 1629 ὀλβίσαι
1979 1582 2030 1618 *ro*
2047 1595 2087 1622 ας

1075 1632 1181 1671 Tynd.
1203 1633 1245 1664 fr.
1268 1595 1348 1672 573,
1372 1629 1402 1664 1.
1426 1649 1467 1655 -
1487 1630 1635 1678 ἐνέγκων
1653 1630 1764 1666 πάντα
1789 1629 1964 1665 τάπινίκια
1981 1630 2030 1664 ὠλ
2057 1629 2089 1665 ί-

1074 1677 1149 1717 ζετο
1167 1680 1220 1711 ΕΙ.
1241 1676 1320 1712 693.
1349 1677 1400 1717 τίς
1419 1676 1446 1712 δ’
1465 1676 1560 1717 οἶκος
1579 1678 1614 1713 ἐν
1633 1677 1805 1726 βροτοῖσιν
1830 1676 1986 1725 ὢλβίσθη
2005 1677 2089 1713 ποτε

1073 1727 1140 1758 inc.
1161 1727 1203 1758 sr.
1225 1723 1304 1768 679,
1329 1723 1359 1760 1.

1137 1788 1152 1803 ”
1162 1793 1189 1832 Ο
1199 1794 1220 1830 λ
1231 1794 1250 1842 β
1263 1808 1301 1830 ιο
1312 1809 1327 1835 ς
1345 1797 1550 1837 fortunatus.
1572 1799 1666 1829 Inest
1676 1798 1766 1829 enim
1776 1798 1976 1839 plerumque
1989 1806 2090 1837 opum

1074 1847 1110 1876 et
1126 1845 1237 1876 lautae
1253 1846 1342 1876 vitae
1356 1845 1610 1884 adsignificatio.
1640 1842 1740 1889 ὀλβία
1756 1853 1793 1877 τε
1809 1842 1869 1878 καὶ
1886 1842 1942 1883 ξὺν
1961 1842 2089 1889 ὀλβίοις

1073 1889 1126 1924 ἀεὶ
1143 1889 1274 1935 γένοιτο
1292 1891 1350 1924 OR
1366 1888 1446 1924 929.
1477 1889 1511 1930 ἐξ
1538 1888 1663 1936 ὀλβίων
1689 1889 1818 1936 ἄζηλον
1836 1889 1995 1936 εὑροῦσαι
2014 1889 2087 1936 βίον

1074 1939 1130 1970 Tr.
1151 1935 1232 1971 284.
1274 1937 1342 1971 Sed
1359 1938 1490 1971 beatum
1506 1939 1631 1971 indicat
1647 1939 1688 1970 de
1705 1939 1825 1971 Oreste
1841 1939 2052 1971 adolescente
2069 1949 2089 1970 a

1073 1986 1170 2017 malis
1187 1987 1312 2018 intacto
1330 1986 1458 2018 dietum
1473 1985 1609 2030 κρυπτᾷ
1631 1979 1660 2019 τ’
1682 1983 1797 2032 ἀχέων
1822 1983 1858 2019 ἐν
1882 1983 1955 2032 ἥβᾳ
1971 1983 2088 2030 ὄλβιος

1073 2033 1126 2064 ΕΙ.
1150 2029 1217 2064 160
1233 2033 1285 2065 ch.
1315 2033 1462 2066 Brunck.
1484 2043 1561 2065 cum
1586 2031 1701 2079 ἀχέων
1718 2034 1935 2074 participium
1952 2036 2088 2074 putaret

1074 2089 1159 2120 esse,
1185 2077 1233 2113 ὄλ
1274 2091 1338 2113 ιον
1367 2081 1511 2121 scripsit.
1549 2080 1631 2112 Rem
1650 2081 1826 2120 expedivit
1849 2081 1965 2113 Herm.
1994 2080 2035 2112 ad
2052 2091 2084 2113 v.

1075 2124 1154 2158 155.
1176 2137 1207 2158 v.
1229 2138 1328 2174 αχος.
1357 2125 1491 2173 [ἄνδρες
1510 2124 1620 2173 ὄλβιοι
1637 2127 1943 2160 coni.Heimsoeth.
1957 2128 1998 2160 fr.
2011 2127 2083 2159 Ion.

1073 2170 1143 2206 298
1159 2184 1188 2205 a.
1210 2185 1242 2205 v.
1263 2177 1285 2207 i.
1308 2172 1436 2220 ὄλβος].

1143 2237 1338 2289 Ὀλβίως
1355 2245 1458 2277 beate.
1489 2243 1562 2278 ἐπεὶ
1590 2242 1716 2290 ὀλβίως
1741 2242 1771 2291 γ’
1798 2242 1916 2279 ἔλυσεν
1932 2243 1972 2278 τὸ
1988 2243 2088 2282 τέλος

1074 2288 1149 2336 βίου
1167 2291 1222 2323 00
1243 2288 1333 2324 1720
1350 2292 1401 2326 ch.
1865 2291 1914 2336 (11
1932 2302 1966 2333 p.
1987 2289 2089 2336 306.)

1136 2341 1187 2385 ”O
1197 2347 1218 2382 λ
1230 2348 1277 2395 βο
1289 2362 1304 2388 ς
1323 2351 1462 2383 beatitas
1477 2351 1708 2391 adsignificata
1724 2360 1824 2391 opum
1851 2350 1950 2382 laude
1968 2353 1998 2382 et
2014 2361 2087 2383 ma-

1073 2396 1276 2438 ynificentia.
1304 2399 1366 2430 τοῦ
1383 2394 1480 2430 πάντ’
1504 2396 1706 2443 εὐδαίμονος
1723 2395 1829 2443 ὄλβου
1847 2398 1905 2430 OR
1923 2394 2014 2430 1197
2031 2398 2083 2431 ch.

1074 2441 1092 2476 ὁ
1109 2442 1186 2488 πρὶν
1203 2442 1348 2481 παλαιὸς
1366 2441 1394 2477 δ’
1411 2441 1514 2488 ὄλβος
1530 2443 1573 2501 ἠγ
1591 2442 1736 2491 πάροιθε
1750 2443 1812 2490 μὲν
1827 2442 1931 2489 ὄλβος
1946 2442 2088 2482 δικαίως

1076 2486 1177 2523 1282.
1205 2489 1255 2529 τίς
1274 2489 1316 2537 δή
1336 2489 1410 2524 ποτ’
1427 2489 1530 2536 ὄλβον
1547 2502 1574 2549 η
1591 2490 1697 2538 μέγαν
1716 2489 1793 2537 θείη
1813 2490 1944 2537 βροτῶν
1961 2488 1984 2536 ἢ
2004 2501 2023 2524 σ
2055 2502 2085 2525 ι-

1072 2536 1155 2581 κρόν
1175 2539 1215 2571 fr.
1243 2539 1334 2571 Alet.
1356 2535 1412 2578 93,
1436 2535 1466 2571 1.
1504 2535 1566 2572 οὔτ
1599 2536 1640 2572 ἂν
1666 2536 1770 2582 ὄλβον
1797 2537 1963 2585 ἕκμετρον
1990 2537 2024 2572 ἔν
2048 2550 2085 2572 ον

1073 2582 1234 2630 εὐξαίμαν
1261 2582 1352 2633 ἔχειν
1386 2585 1503 2618 Creus.
1525 2583 1604 2627 324,
1633 2583 1667 2619 2.
1706 2583 1821 2630 βόσκει
1848 2584 1886 2618 δὲ
1912 2583 1992 2623 τοὺς
2022 2584 2086 2630 μὲν

1074 2634 1180 2677 μοῖρα
1204 2630 1418 2678 δυσαμερίας,
1450 2631 1530 2669 τοὺς
1556 2631 1585 2666 δ’
1610 2630 1714 2678 ὄλβος
1730 2630 1830 2677 ήμῶν
1849 2633 1926 2665 Ter.
1947 2629 2027 2673 518,
2049 2629 2082 2665 6.

1073 2677 1267 2724 ἀνθρώπων
1291 2678 1397 2725 μέγαν
1422 2676 1524 2724 ὄλβον
1550 2676 1631 2720 520,
1657 2677 1691 2711 4.
1726 2677 1954 2725 πάμπλουτον
1979 2677 2085 2724 ὄλβον

1074 2727 1182 2766 Tynd.
1204 2723 1284 2767 572,
1310 2725 1343 2759 5.
1363 2745 1410 2750 —-
1427 2726 1570 2759 Pluralis
1588 2727 1734 2766 eleganti
1750 2727 1944 2768 metaphora
1960 2727 2086 2766 legitur

1072 2774 1108 2805 in
1125 2774 1217 2814 Ione,
1239 2774 1268 2805 si
1286 2777 1374 2805 certa
1391 2774 1465 2805 eius
1483 2774 1616 2805 fabulae
1633 2774 1802 2813 memoria,
1824 2774 1865 2805 fr.
1886 2770 1957 2806 298
1974 2783 2020 2814 a.,
2049 2771 2084 2806 ἐν

1074 2816 1154 2858 Διὸς
1188 2818 1315 2864 κήποις
1352 2817 1519 2865 ἀροῦσθαι
1555 2818 1658 2864 μόνον
1703 2818 1908 2865 εὐδαίμονας
1945 2818 2080 2864 ὄλβους.

1074 2864 1296 2911 [Heimsoeth.
1312 2867 1520 2898 commendat
1531 2865 1649 2912 ἀροῦσι
1664 2869 1790 2911 μοῦνον
1805 2865 1925 2912 ἄνδρες
1943 2864 2081 2911 ὄλβιοι.]

1072 2932 1119 2937 -
1135 2915 1319 2953 Probabilis
1345 2918 1379 2945 et
1404 2923 1506 2955 prope
1531 2923 1608 2946 vera
1633 2915 1822 2946 emendatio
1847 2914 2015 2946 Erfurdtii
2033 2918 2085 2946 est

1073 2962 1154 2993 Ant.
1175 2957 1244 2992 952
1258 2961 1308 2992 ch.
1332 2955 1398 2994 οὔτ’
1419 2958 1458 2993 ἄν
1475 2971 1525 2993 νιν
1543 2958 1645 3006 ὄλβο
1659 2972 1692 3002 ς,
1715 2956 1780 2994 οὔτ’
1794 2954 1917 3006 Ἀρης,
1939 2958 1978 2994 οὐ
1996 2959 2086 3005 πύρ-

1073 3019 1143 3053 γος,
1165 3005 1228 3054 οὐγ
1257 3005 1440 3040 ἁλίκτυποι
1463 3009 1541 3045 νᾶες
1565 3005 1743 3053 ἐκφύγοιεν
1769 3005 1954 3053 (μοιριδίαν
1982 3005 2086 3041 δύνα-

1074 3053 1160 3098 σιν);
1198 3048 1277 3087 libri
1302 3051 1452 3098 ὄμβρος,
1482 3055 1569 3095 quod
1588 3065 1773 3096 nunquam,
1803 3056 1891 3086 sicut
1915 3052 2085 3099 ὄμβριμος

1073 3112 1100 3135 s.
1123 3099 1277 3147 ὄβριμος,
1306 3101 1407 3132 ‘robur
1432 3105 1469 3133 et
1489 3103 1674 3141 potentiam
1691 3103 1879 3143 significare
1895 3103 2018 3143 potuit.
2041 3119 2085 3126 -

1072 3150 1123 3181 De
1141 3153 1281 3181 accentu
1299 3151 1393 3180 cavet
1410 3148 1488 3180 Arc.
1508 3158 1543 3190 p.
1564 3145 1622 3190 45,
1642 3145 1699 3181 22.
1727 3150 1824 3181 Eust.
1844 3158 1879 3189 p.
1899 3145 1979 3189 831,
2001 3145 2057 3181 60.

1139 3213 1147 3227 ‘
1162 3214 1355 3262 Ολέθριο
1368 3229 1395 3254 ς.
1431 3217 1482 3249 De
1506 3227 1541 3249 re
1565 3220 1731 3251 exitiosus.
1776 3216 1892 3258 ἔξοδον
1927 3215 2084 3263 ὀλεθρίαν

1072 3262 1221 3301 Αἴαντος
1239 3265 1294 3296 Ai.
1315 3261 1396 3296 797.
1422 3264 1490 3308 νῷν
1509 3260 1534 3297 δ’
1554 3262 1696 3311 ὀλεθρία
1712 3263 1771 3304 νὺξ
1788 3261 1837 3298 ἐπ’
1858 3262 2008 3308 ὄμμασιν
2028 3263 2085 3309 βέ-

1093 3322 1159 3357 ηκε
1177 3311 1231 3344 00
1246 3308 1335 3343 1683
1346 3321 1399 3343 an.
1430 3309 1617 3355 ὀλεθρίαισι
1634 3309 1862 3358 συναλλαγαῖς
1881 3312 1936 3344 Tr.
1950 3309 2018 3344 845
2028 3313 2079 3344 ch.

1089 3360 1148 3391 ubi
1174 3359 1278 3390 Dind.
1308 3368 1336 3390 c.
1365 3358 1490 3390 Wund.
1518 3359 1611 3390 dedit
1636 3356 1846 3403 οὐλίαισισ]
1878 3359 1930 3391 De
1947 3359 2084 3391 homine

26 3452 35 3459 ῃ
50 3402 135 3435 rima
150 3403 186 3436 iu
203 3404 270 3437 arsi
283 3407 335 3437 est
350 3409 386 3437 et
401 3405 604 3448 producitur.
618 3424 662 3431 —-
680 3406 879 3440 Addubitari
895 3407 936 3440 de
954 3407 1036 3440 scri·
1068 3405 1227 3447 perditus.
1255 3399 1381 3439 τάλαιν’
1401 3402 1542 3451 ὀλεθρία
1559 3405 1614 3438 Tr.
1628 3403 1708 3440 878.
1726 3406 1774 3439 sic
1785 3406 1904 3440 chorus
1918 3406 2085 3439 nutricem

0 3305 132 3600 ἕκνωι
158 3307 241 3343 ἰδεῖν
265 3311 426 3352 scriptum
459 3312 544 3352 fuit,
581 3312 640 3343 sed
665 3312 727 3344 hoc
749 3321 892 3344 erasum.
929 3311 1035 3358 μέγαν
