2288 3600
2194 3 2199 8 ι
2204 0 2233 10 -ιῐ
2250 0 2253 5 ·

282 131 382 179 450
1219 128 1403 198 Μηδείς
2011 139 2061 188 [11
2075 151 2111 185 p.
2135 111 2270 177 115-13

280 247 334 279 OG
357 243 437 278 489.
482 240 553 279 ἀλλ’
590 243 786 279 ἀποπαύετε
819 243 898 292 μηδ’
936 244 1133 280 ἐπὶ-πλείω
1166 244 1295 292 θρῆνον
1332 243 1478 291 πέμπων
1505 243 1569 279 οὐκ
1595 243 1848 292 ἀφροντίστως,
1875 244 1946 280 οὐδ’
1971 245 2059 281 ὥστε
2084 245 2232 295 δούλην”

282 291 426 340 ἐγείρετε
453 290 554 325 1777.
591 294 683 325 Libri
709 291 815 348 μητες
853 295 997 326 correxit
1022 294 1143 326 Elmsl.
1191 291 1297 340 εἷρξαι
1332 291 1509 338 προσδόκα
1524 291 1606 326 τάδε
1623 294 1680 326 Tr.
1701 290 1768 326 367
1786 304 1863 326 cave
1879 296 1979 326 etiam
1992 298 2098 336 putes.
2272 306 2279 321 s

281 336 404 375 Αἴανθ’
421 338 488 374 ὑπὸ
505 342 674 386 σκηναῖοι,
697 334 774 398 μηδ
795 338 910 386 ἀφέντ’
927 339 987 374 ἐᾶν
1006 342 1060 373 Ai.
1082 338 1163 373 754.
1203 339 1297 374 ἐκεῖ-
2049 339 2101 385 (Π
2118 353 2152 385 p.
2175 339 2254 384 116,

279 400 336 422 νον
355 386 477 434 εἴργειν
492 385 644 433 Τεῦκρος
658 385 833 434 έξεφιεται,
852 385 932 434 μηδ’
945 386 1080 434 ἀφιέναι
1097 385 1199 432 μόνον
1214 385 1294 420 796.
1404 383 1474 433 Μη
1486 385 1503 420 δ
1514 398 1529 420 ε
1541 385 1588 424 ίς.
1617 386 1633 429 1}
1656 387 1812 419 adiectivc
1824 399 1834 418 .·
1860 389 1984 421 nullus.
2020 386 2217 436 ὑπέρκοπον
2270 395 2278 427 ζ

284 436 298 478 ΙΙ
316 437 385 468 Nec
402 445 535 477 semper
550 445 626 467 cum
644 444 701 476 ea,
728 445 829 476 quam
848 437 922 467 iure
939 441 1117 477 exspectes
1133 436 1299 477 particula
1334 428 1408 467 ποτ’
1426 432 1529 479 εἴπῃς
1546 433 1594 471 εἰς
1612 432 1714 472 θεοὺς
1731 433 1813 472 ἔπος
1831 436 1887 467 Ai.
1911 433 1989 468 128.
2024 435 2133 482 μηδὲν
2151 435 2258 471 δεινὸν

281 484 467 526 copulatur.
507 501 547 506 —
590 493 620 514 a.
657 493 700 515 τε
732 484 936 524 insequente
967 481 1100 528 μηδέ,
1129 486 1164 514 et
1190 481 1298 528 μήτε
1335 492 1396 529 ρῃς
1415 480 1516 527 μένος
1537 479 1637 514 1066.
1677 480 1785 526 μηδὲν
1803 480 1912 529 φόβου
1930 481 2041 530 πρόβλ
2069 478 2216 530 μαμηδ’
2234 495 2270 518 α

280 532 484 572 insequente
510 528 621 575 μηδέ
647 531 682 561 in
702 541 744 563 rte
770 534 804 562 et
829 529 917 575 μήτε
939 531 1168 563 tractabimus.
1192 547 1296 560 -.-—
1336 527 1427 575 ἔχων
1449 526 1550 561 1076.
1594 526 1694 574 λόγον
1714 526 1841 575 [λόγων
1859 527 1982 574 Dind.]
2005 541 2049 576 κρ
2074 529 2135 578 ψαι
2160 530 2244 577 πρὸς
2268 544 2281 573 ῃ

282 579 314 610 b.
345 575 457 622 μηδέ
482 577 665 618 praecedit,
695 576 806 622 μήτε
831 579 1005 619 sequitur,
1036 588 1112 609 cum
1137 578 1222 609 illud
1241 578 1299 609 ad-
1361 574 1468 621 ηδένα
1494 577 1554 607 Ph.
1584 573 1664 608 588.
1711 575 1787 614 δέος
1815 575 1929 624 ἴσχετε
1960 589 1985 622 μ
2013 576 2069 613 δὲν
2099 571 2148 611 ὅσ’
2177 577 2276 612 αὐδ

284 627 449 656 versative
476 626 626 656 adnectit
649 626 853 656 sententiam
878 626 1065 666 prioribus,
1099 625 1160 657 hoc
1186 630 1298 656 autem
1334 588 1403 656 223
1423 634 1467 655 m.
1513 621 1620 668 μηδὲν
1638 621 1804 657 ἀντειπὼν
1823 621 1905 662 ἔπος
1925 622 1991 657 127
2019 651 2027 658 .
2057 626 2153 659 Solus
2170 627 2241 658 fere

283 673 417 714 saepius
442 673 602 704 iteratum
620 672 740 703 dividit
758 682 831 704 eam
848 674 1070 704 membratim.
1116 669 1211 708 ὅπως
1229 682 1298 716 μη-
1336 672 1543 703 aecusativus
1562 670 1716 711 Sophocli
1740 672 1905 704 adiective
1923 672 2066 705 dicitur:
2097 683 2204 705 unum
2242 697 2244 700 .
2264 688 2268 701 ς

283 718 350 757 δεὶς
375 718 507 765 βροτῶν
531 717 645 752 κείνου
663 717 827 765 πάροιθεν
845 717 1072 765 ἀμφιδύσεται
1089 718 1185 766 χροΐ,
1219 713 1300 776 μηδί
1336 719 1535 750 nominativi
1553 719 1764 759 exemplum,
1793 717 1874 765 γόου
1901 717 2010 764 μηδὲν
2037 718 2151 754 εἰσίτω
2169 717 2248 754 δάκ
2266 719 2268 721 ’

282 764 401 813 ὄψεταί
418 778 468 799 νιν
489 765 578 811 μήτε
595 765 719 813 φέγγος
737 764 854 811 ἡλίου,
877 764 963 812 μηθ’
980 764 1080 812 ἕρκος
1100 765 1201 811 ἱερόν,
1221 777 1291 812 μητ
1339 762 1440 797 1199.
1455 783 1495 788 -
1515 764 1530 807 ΙΙ
1547 765 1749 797 substantive
1766 766 1892 798 dictum
1909 768 2086 807 neminem,
2098 777 2221 807 genere

283 812 437 860 ἐφέστιον
455 813 556 852 σέλας
573 815 629 846 Tr.
648 811 727 846 606.
756 815 859 845 Aliud
877 824 996 855 genus,
1017 825 1094 846 cum
1109 824 1151 846 ne
1169 814 1300 854 quidem
1335 813 1418 844 nihil
1435 814 1622 852 significat:
1643 810 1730 846 ὅπου
1749 811 1871 858 μηδεὶς
1889 806 1967 858 ἐώη
1985 814 2047 846 Ph.
2067 812 2149 848 444.
2181 812 2254 848 δσσ

282 863 449 902 significat
467 859 566 907 μηδέ,
588 862 778 893 videbimus
796 863 895 893 infra.
918 879 1021 894 —.—
1051 872 1078 893 e.
1102 859 1141 894 οὐ
1159 866 1194 892 et
1211 871 1301 892 com-
1338 859 1406 897 δεὶς
1422 863 1492 892 τῶν
1510 858 1603 904 ἐμῶν
1621 857 1722 907 τύχοι
1738 859 1850 917 φίλων
1868 848 1948 894 509.
1979 859 2047 907 ὅτῳ
2064 859 2093 908 γ’
2106 860 2230 908 ὁρῶντι
2264 877 2267 885 2

282 910 390 950 posita
422 910 463 940 ab
495 910 552 940 illa
583 910 747 950 particula
780 919 925 950 sequens
959 906 1048 954 μηδὲ
1082 909 1217 940 habent.
1263 909 1301 939 Id
1336 906 1378 952 ἦν
1406 905 1489 940 ἰδεῖν
1513 906 1623 953 γλυκύ
1640 910 1698 940 OB.
1716 905 1818 940 1335.
1865 906 1984 954 μηδεὶς
2000 906 2168 955 κρατείτω
2183 911 2248 955 τῆς

282 957 413 988 dnobus
430 957 538 988 modis
555 958 612 988 fit:
638 958 805 997 primum,
827 967 902 988 cum
922 958 1015 996 prius
1034 958 1222 987 membrum
1241 965 1302 987 ne-
1337 953 1454 1000 ψυχῆς
1472 953 1555 987 ποτέ
1573 954 1628 986 OG
1649 952 1750 988 1207.
1779 953 1875 993 ὅπως
1894 954 2014 1001 μηδεὶς
2031 955 2164 1002 βροτῶν

282 1008 380 1043 gatur
397 1004 615 1044 simpliciter,
643 1005 786 1036 alterum
804 1004 998 1035 dubitanter
1019 1004 1151 1035 vetandi
1170 1004 1301 1042 signifi·
1338 999 1474 1035 δύσεται
1492 1002 1547 1033 Tr.
1570 999 1650 1034 604.
1691 995 1718 1047 ᾧ
1739 1000 1848 1048 μηδέν
1866 997 1932 1036 ἐστ’
1950 1001 2060 1041 οἴκοις
2076 1001 2164 1049 βαρύ
2181 1001 2242 1035 731

283 1053 412 1083 catione
436 1052 627 1092 praeditum
652 1055 722 1091 est,
753 1052 805 1083 vel
833 1052 982 1092 optandi.
1036 1049 1076 1084 οὐ
1103 1044 1164 1096 σῖγ’
1192 1048 1302 1089 ἀνέξει
1339 1047 1461 1094 μηδεὶς
1480 1047 1524 1094 ἐᾷ
1540 1050 1594 1080 Ai.
1619 1047 1719 1083 1184.
1749 1046 1833 1083 ἔνθα
1849 1047 1980 1083 τούτων
1998 1062 2022 1084 π
2046 1049 2152 1084 όσεισι
2170 1062 2259 1096 μη

284 1096 374 1144 μηδὲ
400 1096 527 1131 δειλίαν
553 1096 650 1143 ἀρεῖ;
678 1100 732 1130 Ai.
753 1096 809 1129 75.
855 1096 894 1131 ού
917 1095 1045 1131 θᾶσσον
1065 1096 1186 1138 οἴσεις,
1218 1092 1299 1142 μηδ’
1338 1094 1418 1128 437.
1453 1093 1622 1129 κᾶνάλλο
1642 1095 1749 1143 μηδέν
1768 1099 1851 1136 Aeg.
1874 1099 1914 1129 fr.
1935 1094 1994 1138 24,
2041 1123 2047 1130 .
2071 1117 2115 1122 —
2141 1096 2234 1143 μηκέ
2260 1128 2269 1142 ,Α

282 1143 480 1190 ἀπιστήσεις
499 1144 593 1190 ἐμοί;
618 1147 672 1177 Tr.
697 1143 785 1177 1183
805 1155 873 1177 non
890 1147 1002 1177 atatim
1014 1145 1162 1186 proferes
1177 1171 1184 1185 ,
1205 1154 1296 1184 neve,
1340 1142 1435 1181 δενὸς
1451 1141 1629 1188 κρατύνων
1647 1146 1707 1176 Ph.
1732 1141 1820 1177 1163
1839 1155 1884 1177 m.
1927 1141 2065 1192 θνητῶν
2083 1144 2231 1191 μηδενὸς
2259 1143 2265 1183 ζ’

283 1193 368 1234 quod
385 1196 498 1224 tamen
515 1193 628 1224 dubito
645 1203 788 1233 sperare,
809 1193 894 1224 dicto
912 1202 982 1224 non
997 1196 1064 1224 esto
1082 1192 1243 1224 audiens:
1262 1201 1301 1223 eo
1337 1190 1466 1237 ήγορος
1483 1191 1541 1222 Olt
1560 1188 1661 1223 1437.
1706 1190 1823 1238 τέρψιν
1851 1185 1930 1238 παρ’
1948 1190 2058 1227 ἄλλου
2076 1191 2225 1239 μηδενὸς
2252 1211 2254 1224 1

283 1241 375 1272 enim
393 1241 570 1272 verborum
589 1241 730 1272 circuitu
752 1241 888 1274 Latinis,
899 1240 1094 1280 dicendum,
1119 1240 1207 1281 quod
1225 1241 1302 1271 bre·
1339 1237 1467 1284 σμένην
1494 1238 1549 1270 OG
1576 1236 1677 1271 1122.
1722 1238 1808 1285 πρὸς
1831 1243 1899 1273 τῶν
1924 1239 2096 1275 πνεόντων
2121 1251 2148 1285 μ
2177 1238 2254 1278 δεν,

282 1289 420 1320 vissime
454 1288 633 1328 Germani,
670 1289 822 1329 quamvis
856 1296 922 1319 non
955 1288 1212 1327 interrogative:
1258 1286 1304 1318 du
1342 1283 1443 1318 1160.
1489 1284 1636 1332 μηδενὸς
1654 1284 1762 1320 ἄλλου
1780 1285 2062 1332 παραπράξαντος
2080 1288 2136 1320 Ai.
2149 1250 2220 1320 261
2254 1305 2256 1307 ·

282 1336 374 1366 wirst
392 1345 424 1366 es
441 1335 546 1375 yleich
562 1335 664 1376 tham,
692 1334 763 1366 und
781 1335 862 1366 doch
877 1334 963 1366 wohl
979 1335 1069 1367 nicht
1084 1334 1303 1374 unqehorsam
1339 1332 1565 1379 προμηνύσῃς
1591 1344 1628 1379 γε
1656 1335 1758 1367 τοῦτο
1789 1332 1911 1378 μηδενὶ
1939 1332 2082 1381 τοῦργον
2112 1335 2194 1368 Ant.
2225 1334 2236 1363 ἶ

282 1384 363 1414 sein.
410 1380 488 1427 ἐμοὶ
511 1386 580 1415 τῶν
601 1386 668 1415 σῶν
686 1379 798 1428 λόγων
815 1380 955 1428 ἀρεστὸν
974 1379 1073 1415 οὐδέν
1086 1409 1094 1423 ,
1123 1375 1200 1427 μηδ’
1221 1379 1303 1427 άρε-
1340 1380 1445 1412 Casus
1462 1382 1574 1422 quarti
1590 1382 1748 1422 exempla
1760 1385 1894 1421 praeter
1907 1387 2066 1415 neutrum
2079 1391 2187 1422 genus
2199 1391 2260 1423 pe

283 1426 382 1476 σθείη
400 1428 484 1463 ποτέ
499 1430 582 1461 Ant.
603 1426 672 1462 500
688 1432 836 1469 (utinam
851 1432 919 1468 ne).
957 1429 1085 1461 Deinde
1111 1428 1168 1474 μή
1187 1430 1305 1460 infini-
1341 1425 1459 1474 μηδέν’
1489 1426 1633 1473 ὀλβίζειν
1663 1429 1721 1461 OR
1748 1425 1850 1460 1529.
1896 1423 1972 1475 μήτ’
2005 1428 2190 1476 ἐπιφωνεῖν
2221 1438 2256 1474 μ,

282 1478 352 1508 tivo
376 1477 535 1509 orationis
560 1478 715 1518 obliquae
739 1477 908 1518 additum,
947 1480 985 1508 ut
1009 1477 1093 1508 solet
1117 1477 1304 1508 infinitivos
1340 1473 1476 1521 θνητῶν
1494 1475 1548 1507 OC
1570 1473 1659 1507 1762
1675 1486 1730 1508 an.
1769 1475 1840 1589 Ἔὴ
1859 1471 1884 1508 δ’
1906 1471 1955 1510 ὅσ’
1972 1473 2014 1510 ἂν
2031 1474 2107 1510 θεοὶ
2123 1473 2254 1510 διδι”ιί<3ι’1

284 1525 417 1566 sectari,
439 1522 479 1558 οὐ
497 1525 546 1555 sic
562 1526 785 1565 praemissum
802 1525 915 1564 habet,
936 1527 975 1555 ut
992 1525 1027 1555 id
1040 1533 1105 1555 non
1119 1524 1301 1563 infinitivo,
1340 1533 1408 1569 γειν
1435 1521 1568 1568 μηδένα
1594 1524 1633 1555 fr.
1655 1524 1722 1555 inc.
1744 1521 1765 1554 7
1825 1549 1833 1564 ‚
1860 1525 1927 1556 nisi
1952 1525 2077 1556 rectius
2102 1521 2210 1570 μηδέν
2231 1523 2253 1560 ,ἶ

284 1571 343 1603 sed
360 1573 421 1604 uni
438 1572 571 1604 cuidam
588 1573 646 1603 alii
664 1572 820 1604 vocabulo
838 1571 1120 1603 accommodatum
1138 1581 1205 1603 non
1224 1580 1304 1602 sen·
1340 1580 1392 1612 ap.
1422 1572 1538 1612 script.
1570 1571 1630 1602 vit.
1661 1571 1796 1602 Homer.
1829 1580 1863 1612 p.
1894 1567 1962 1603 367
1988 1572 2061 1604 Gal.
2113 1570 2200 1605 ὥστε
2230 1588 2252 1610 ν.

284 1620 426 1651 tentiam
453 1619 604 1659 negando
631 1620 740 1659 tollat,
772 1619 832 1651 sed
856 1620 931 1650 eius
955 1623 1099 1659 partem.
1144 1617 1181 1655 ὃς
1207 1615 1304 1662 οἶμαι
1341 1621 1467 1663 γνῶναι
1483 1615 1583 1664 φίλον
1604 1616 1718 1651 ἰδόντα
1736 1618 1790 1650 El.
1811 1615 1892 1652 755.
1927 1619 2089 1650 Neutrius
2106 1617 2254 1660 exemp'

285 1668 346 1700 σοῦ
371 1665 494 1700 κάκιον
514 1663 613 1699 οὐδὲν
631 1663 671 1699 ἂν
687 1663 818 1700 τούτων
836 1663 1014 1711 κρατύνειν
1033 1663 1114 1711 μηδΊ
1132 1663 1304 1699 ἐπιθύνειν
1341 1665 1448 1696 multa
1472 1669 1572 1697 sunt:
1602 1664 1649 1702 ὡς
1678 1664 1787 1710 μηδὲν
1814 1659 1916 1699 εἰδότ’
1941 1663 2013 1699 ἴσθι
2039 1667 2099 1698 Ph.
2120 1663 2202 1699 253.

282 1711 360 1760 χερί
378 1714 440 1746 Ph.
456 1710 558 1745 1059.
588 1710 687 1747 οὐδέν
705 1714 798 1746 enim
814 1714 855 1745 ad
872 1711 993 1747 κάκιον
1012 1715 1157 1745 refertur
1171 1714 1299 1744 solum:
1341 1710 1470 1745 δίκαιον
1494 1709 1613 1757 μέλλει
1631 1709 1711 1744 407.
1756 1712 1784 1745 ὧ
1814 1711 1923 1758 μηδὲν
1950 1710 2042 1760 ὑγιὲς
2067 1707 2149 1758 μηδ’
2172 1711 2191 1746 ἐ
2238 1711 2251 1738 -’

284 1759 381 1805 οἶμαι
412 1759 589 1807 κρατύνειν
624 1757 664 1793 ἂν
700 1759 798 1794 οὐδὲν
830 1759 965 1801 κάκιον,
1002 1754 1084 1806 μηδ’
1117 1758 1300 1794 ἐπιθύνειν.
1341 1763 1476 1805 φρονῶν
1505 1756 1605 1791 1006.
1652 1757 1701 1804 μή
1728 1753 1762 1804 μ’
1786 1757 1968 1807 ἀντιφώνει
1995 1758 2103 1807 μηδέν
2124 1757 2225 1792 1065.

283 1809 414 1848 Potuit,
448 1812 483 1840 et
499 1809 616 1841 debuit
634 1810 773 1840 fortasse
791 1809 832 1840 ab
849 1809 1038 1840 accuratius
1055 1809 1214 1848 loquente
1233 1819 1305 1853 μη-
1340 1805 1467 1840 πείσειν
1495 1804 1736 1852 δυνησόμεσθα
1788 1805 1872 1853 ηδὲν
1892 1807 1938 1841 ὦν
1955 1805 2046 1854 λέγω
2066 1804 2167 1840 1393.
2211 1802 2242 1852 δῖ
2257 1847 2266 1853 Ι,

286 1853 343 1888 δὲν
367 1852 488 1889 κάκιον
514 1856 592 1888 dici.
636 1856 823 1887 Hermanni
855 1856 1017 1887 rationem
1044 1865 1109 1886 non
1133 1865 1301 1895 assequor,
1340 1852 1439 1891 εἰδὼς
1467 1851 1632 1891 Οἰδίπους
1658 1855 1716 1886 OR
1734 1851 1754 1885 3
1781 1853 1813 1886 7.
1858 1853 1888 1887 εἰ
1913 1852 1950 1888 δὲ
1977 1852 2091 1901 ξυνίης
2117 1852 2225 1900 μηδέν
2243 1861 2253 1890 ζ·

285 1912 348 1935 nec
363 1903 470 1941 magis
486 1903 527 1934 ad
546 1913 616 1934 rem
633 1904 857 1944 faciuntquae
869 1914 900 1935 v.
914 1899 983 1934 706
993 1903 1046 1935 ed.
1060 1900 1090 1934 1.
1103 1903 1301 1943 adscripsit:
1342 1900 1391 1947 μὴ
1412 1903 1471 1934 νῦν
1491 1895 1536 1934 ἔτ’
1553 1897 1666 1934 αὐτῶν
1685 1899 1792 1947 μηδὲν
1811 1900 1859 1939 εἰς
1876 1899 1987 1946 θυμὸν
2005 1898 2071 1947 βάλ
2099 1913 2115 1940 ς
2131 1898 2212 1935 975.

287 1950 489 1982 Elmsleium
523 1951 643 1990 miror,
679 1951 738 1991 qui
767 1951 807 1982 ad
832 1950 887 1982 OG
915 1947 981 1982 731
1008 1954 1075 1982 not.
1103 1950 1304 1990 Euripidem
1341 1946 1449 1994 μηδέν
1470 1945 1570 1980 1389.
1611 1946 1698 1993 μήτε
1717 1945 1750 1994 μ’
1768 1945 1809 1982 ἂν
1826 1947 1926 1982 νόσον
1942 1943 2024 1994 μήτ’
2040 1913 2128 1982 α”λςλο
2146 1947 2231 1982 πέ

287 1998 386 2029 Herc.
409 1998 433 2028 f.
457 1993 547 2029 1199
565 1998 613 2029 ita
629 1998 779 2038 corrigit,
800 2002 838 2029 ut
856 1994 946 2042 μηδὲ
963 1999 1109 2038 optativo
1126 1997 1305 2038 potentiali
1342 1994 1397 2028 δέν
1428 1992 1529 2027 1456.
1583 1994 1613 2028 εἴ
1646 1995 1729 2040 (τις)
1761 1995 1869 2041 μηδὲν
1896 1994 2007 2042 διδοίη
2032 1995 2087 2029 OC
2111 1993 2192 2029 777.
2233 2012 2237 2035 j

285 2045 443 2085 addatur,
472 2052 557 2086 quae
573 2055 666 2077 mera
683 2045 836 2084 stribligo
852 2049 914 2076 est.
951 2045 1095 2085 Eorum,
1123 2054 1209 2085 quae
1227 2053 1307 2076 con·
1342 2042 1461 2083 ξυνιεὶς
1487 2043 1533 2076 ὧν
1552 2040 1660 2089 ἔδρων
1679 2039 1759 2075 976.
1805 2042 1855 2088 μὴ
1873 2037 1970 2077 εἰδότ’
1989 2041 2102 2077 αὐτῶν
2146 2041 2245 2090 ηὸένῐ

286 2092 398 2123 tendit
415 2093 648 2132 exemplorum
664 2092 745 2123 huic
761 2092 871 2123 simile
889 2092 1022 2123 nullum
1040 2096 1103 2124 est.
1339 2094 1407 2123 τῶν
1433 2087 1542 2136 μηδὲν
1566 2086 1680 2136 ὀρθῶς
1704 2088 1932 2136 τεχνωμένων
1957 2091 2039 2123 Ant.
2060 2055 2147 2123 494?
2185 2102 2210 2135 μ

356 2140 400 2170 11.
429 2134 558 2184 Μηδέ
588 2139 836 2171 adverbiascens
864 2139 997 2180 quando
1021 2141 1134 2170 minus
1160 2140 1306 2178 graviter
1342 2135 1391 2183 μὴ
1411 2135 1540 2171 δίκαιον
1558 2136 1621 2180 [sc.
1640 2135 1820 2182 διδάσκου)
1834 2135 1915 2170 728.
1961 2134 2076 2183 βούλει
2089 2134 2199 2183 μηδὲν
2221 2136 2238 2161 „¹

285 2187 385 2218 dictis
402 2186 598 2227 applicatur,
620 2188 722 2218 etiam
737 2196 817 2226 non,
844 2186 976 2227 quando
995 2187 1116 2218 fortius
1133 2187 1245 2226 dictis,
1265 2195 1306 2216 m
1341 2183 1420 2217 757.
1462 2183 1511 2230 μὴ
1529 2186 1588 2217 νῦν
1606 2182 1800 2231 προσεύχου
1820 2183 1928 2230 μηδέν
1950 2181 2038 2217 1337
2054 2194 2096 2217 ne
2113 2184 2192 2226 quid
2217 2200 2238 2230 ι,

288 2233 419 2274 quidem
436 2234 555 2265 Latine
573 2234 714 2265 dicitur:
736 2235 772 2265 in
789 2234 933 2265 vetando
949 2243 1030 2264 neve
1046 2235 1157 2265 etiam.
1178 2234 1231 2264 Ex
1249 2234 1306 2264 illo
1341 2236 1463 2273 expete.
1507 2230 1582 2276 ἥτις
1602 2230 1710 2277 μηδὲν
1729 2231 1777 2269 ὡς
1793 2234 1940 2266 τεκοῦσα
1957 2230 2023 2278 δρᾷ
2042 2229 2097 2264 Tr.
2118 2229 2198 2264 818.
2234 2235 2245 2277 Δ·

287 2289 408 2320 genere
434 2284 517 2312 sunt
542 2279 591 2317 ὡς
617 2278 676 2314 οὖν
700 2277 781 2326 μηδ’
802 2279 871 2326 ἐγὼ
887 2277 1009 2314 ταύτὸν
1026 2277 1130 2314 πάθω
1147 2280 1205 2312 OR
1221 2277 1301 2312 325.
1343 2275 1417 2325 μέγ’
1447 2277 1549 2324 εἴπῃς
1574 2280 1629 2311 Ai.
1650 2276 1729 2311 386.
1776 2277 1885 2324 μηδὲν
1910 2277 2079 2313 ἐλλείπειν
2098 2275 2200 2312 1379.
2223 2304 2225 2306 .

285 2325 328 2360 τὰ
356 2325 394 2360 δὲ
420 2325 570 2374 ῥηθέντα
617 2325 722 2361 ούλου
742 2326 832 2373 μηδὲ
850 2324 1047 2373 μεμν”σθαι
1067 2325 1178 2372 μάτην
1200 2325 1301 2359 1057.
1342 2325 1490 2373 πρόσθεν
1515 2320 1704 2372 πειρώμεθ’
1729 2324 1837 2371 ἔρδειν
1862 2326 1916 2358 El.
1937 2324 1994 2358 82.
2040 2325 2089 2372 μὴ
2113 2328 2171 2360 νῦν
2196 2338 2235 2353 τα

288 2373 328 2408 οὐ
345 2372 410 2421 γὰρ
427 2372 533 2408 αὐδᾶν
552 2373 590 2408 ἔσ
616 2372 634 2415 '‚
656 2373 677 2408 ἃ
697 2373 787 2421 μηδὲ
805 2373 888 2421 δρᾶν
904 2338 1012 2407 καγίιόν
1033 2371 1135 2406 1409.
1170 2372 1260 2420 μηδέ
1275 2369 1305 2420 γ’
1343 2372 1451 2420 μηδέν
1469 2370 1549 2406 324.
1588 2372 1697 2419 μηδὲν
1714 2372 1799 2418 πρὸς
1816 2372 1922 2419 ὀργήν
1937 2371 2001 2417 (sc.
2022 2371 2141 2419 λέξῃς)
2187 2372 2216 2401 Η
2232 2380 2237 2394 1

287 2419 330 2467 [μ
357 2420 414 2455 δὲν
432 2419 563 2502 Dindg
584 2420 668 2468 ἄγαν
695 2420 884 2468 φλέγεσθον
905 2421 960 2454 OC
981 2418 1072 2453 1696
1089 2422 1140 2454 ch.
1185 2419 1304 2455 λείπου
1340 2433 1409 2455 των
1426 2418 1548 2466 τύμβῳ
1567 2419 1755 2466 προσάψεις
1774 2419 1882 2466 μηδὲν
1900 2417 1981 2453 432.
2027 2419 2137 2476 μηδὲν
2154 2413 2233 2467 μέτ’,

288 2480 337 2515 μη
362 2467 447 2510 ὲσὺ,
468 2479 537 2514 παρ
565 2463 621 2509 ἐν’,
643 2463 700 2502 ἀπ’
718 2467 824 2502 οἴκων
843 2469 899 2500 Tr.
923 2465 1013 2500 1275
1032 2478 1086 2500 an.
1127 2467 1195 2513 ὅτῳ
1213 2467 1307 2514 πάρα
1342 2466 1412 2501 830
1428 2469 1480 2500 ch.
1525 2465 1616 2506 δέξαι
1641 2479 1683 2513 με
1708 2466 1757 2504 εἰς
1779 2467 1818 2501 τὸ
1846 2466 1954 2513 μηδέν
1974 2465 2064 2500 1166
2088 2469 2130 2500 de

287 2510 368 2561 μηδ’
392 2514 592 2562 εὐωχοῦντι
617 2528 641 2560 μ
670 2514 725 2549 δὲν
741 2513 841 2560 ἥδιον
858 2513 961 2562 γελᾶν
979 2513 1152 2548 Ai.1011.
1173 2516 1228 2547 Ex
1246 2516 1308 2548 hoc
1343 2516 1481 2556 inferis3
1510 2516 1693 2556 alloquitur
1710 2516 1802 2547 enim
1819 2515 1961 2547 Oresten
1974 2540 1982 2556 ‚
2008 2525 2127 2547 urnam
2148 2529 2154 2543 ;
2170 2528 2176 2541 ο
2190 2529 2222 2541 a»

288 2573 386 2595 vero:
415 2560 456 2597 οὗ
474 2561 564 2609 μηδὲ
580 2561 650 2610 κλη
674 2563 721 2596 ὼν
738 2557 799 2596 ὧδ’
818 2561 959 2609 ἔχοντος
975 2560 1108 2604 οἴκαδε,
1126 2557 1207 2608 μηδ’
1223 2556 1307 2596 Ἓλ-
1343 2567 1491 2595 ornatam
1510 2563 1662 2594 cinerum
1678 2566 1812 2594 tenens.
1847 2563 1964 2595 Herm.
1991 2560 2041 2595 τὰ
2065 2559 2205 2608 μηδέν
2221 2558 2235 2561 ’

290 2607 396 2644 λάδος
418 2612 482 2656 γῆς
508 2608 673 2656 μηδαμοῦ
693 2606 817 2656 διῆλθέ
833 2621 899 2643 που
917 2610 978 2642 Ph.
998 2606 1079 2642 255.
1115 2611 1308 2642 Hermanno
1345 2611 1415 2642 nito
1448 2610 1586 2651 quidem
1618 2610 1763 2650 lectore,
1799 2610 1867 2641 nisi
1897 2610 1928 2641 is
1960 2619 2136 2650 operarum
2166 2617 2185 2641 e
2216 2632 2218 2635 ·

290 2655 377 2702 μήτε
411 2658 611 2690 servandum
636 2659 767 2698 visum,
804 2658 863 2689 sed
886 2666 986 2697 quam
1009 2658 1106 2688 affert
1129 2659 1303 2697 rationem,
1343 2669 1366 2690 κ
1388 2656 1472 2690 ύπτε
1491 2655 1599 2702 μηδέν
1617 2657 1766 2698 Hippon.
1788 2658 1829 2688 fr.
1845 2653 1926 2697 284,
1945 2654 1977 2688 1.
2006 2654 2143 2702 ἐπείγου
2160 2666 2187 2701 μ
2215 2688 2221 2697 „
2258 2662 2260 2669 ¹
2287 2683 2288 2686 η

289 2705 356 2736 dici
372 2705 458 2736 illud
475 2714 534 2745 pro
552 2701 631 2750 μήτ’
644 2702 765 2738 οἴκαδε
779 2698 864 2749 μήθ’
880 2698 1050 2741 Ἑλλάδος
1063 2706 1128 2750 γῆς
1143 2702 1307 2750 μηδαμοῦ
1345 2667 1423 2745 690,
1446 2701 1480 2735 2.
1502 2722 1544 2727 -
1572 2703 1585 2745 ΙΙ
1611 2703 1853 2744 Adverbiascit,
1879 2704 1939 2735 sed
1955 2705 2068 2744 specie
2085 2710 2196 2744 tenus,

293 2748 436 2797 διῆλθε,
474 2753 586 2783 omnia
611 2753 645 2783 in
676 2752 736 2783 hoc
759 2761 882 2791 genere
906 2752 1034 2783 soloece
1059 2752 1147 2783 dicta
1171 2752 1308 2783 defendi
1345 2761 1547 2792 suspensum
1559 2751 1741 2782 obiective:
1763 2749 1911 2796 μαντική
1926 2749 2034 2796 μηδὲν
2048 2751 2186 2797 φρονεῖν
2206 2752 2216 2774 ·

291 2803 446 2838 possunt.
467 2800 509 2831 V.
532 2796 631 2843 μήτε.
677 2797 715 2835 ὃς
733 2796 814 2843 μηδ’
831 2795 1012 2845 οἰνοχύτου
1029 2798 1196 2843 πώματος
1213 2796 1307 2844 ἥσθη
1342 2798 1483 2845 τρέσητε
1502 2796 1610 2843 μηδέν
1628 2797 1683 2829 OG
1704 2795 1792 2829 1737
1809 2798 1861 2829 ch.
1894 2782 2026 2831 δπείκει
2044 2795 2152 2844 μηδέν
2198 2794 2226 2839 ζ

293 2843 422 2879 δεκέτει
439 2843 555 2892 χρόνῳ
573 2843 716 2877 Ph.715
731 2846 782 2877 ch.
811 2845 997 2877 Dubitandi
1015 2846 1183 2886 quandam
1196 2846 1308 2877 inesse
1343 2845 1412 2894 χρὴ
1447 2843 1484 2878 δὲ
1515 2843 1560 2878 τά
1593 2842 1621 2891 γ’
1646 2843 1695 2881 εἰς
1720 2841 1821 2881 θεοὺς
1848 2843 1956 2891 μηδὲν
1983 2842 2141 2878 ἀσεπτεῖν
2165 2840 2219 2875 13¹«
2286 2861 2288 2887 j

288 2893 325 2924 in
343 2891 450 2938 μηδέ,
479 2893 566 2934 quod
595 2903 612 2926 ο
625 2890 700 2925 ύδέ
723 2893 788 2924 dici
805 2893 1067 2933 exspectaveris,
1088 2893 1307 2933 significatio·
1344 2894 1433 2934 quod
1450 2893 1566 2923 Herm.
1594 2893 1688 2923 nulla
1712 2892 1832 2924 idonea
1848 2893 1976 2924 ratione
1993 2893 2029 2923 in
2048 2889 2181 2937 μηδένα
2209 2890 2212 2894 ’
2285 2890 2288 2903 ²

291 2949 381 2980 nem,
402 2940 580 2971 concedam
597 2940 802 2979 Hermanno,
829 2940 888 2971 sed
906 2949 985 2971 cave
1002 2940 1235 2981 interpreteris
1251 2940 1308 2971 der
1345 2938 1454 2985 μηδὲν
1489 2937 1525 2976 ἐς
1556 2937 1670 2972 κεῖνόν
1697 2932 1727 2984 γ’
1751 2935 1816 2984 ὅρα
1837 2939 1892 2971 El.
1922 2936 2002 2971 925.
2048 2936 2203 2973 σθένου

289 2987 374 3018 wohl
397 2986 510 3018 nicht.-
535 2989 588 3018 est
604 2987 695 3018 enim
714 2986 771 3018 dev·
787 2987 887 3018 haum
903 2995 1019 3026 soyar,
1048 2988 1104 3027 qui
1119 2988 1191 3027 vix,
1209 2991 1302 3028 puto,
1345 2983 1446 3019 1014.
1491 2983 1608 3031 φείδου
1636 2983 1744 3031 μηδὲν
1772 2986 1884 3031 ὦνπερ
1905 2983 2033 3023 ἐννοεῖς
2049 2986 2106 3017 Ai.
2127 2980 2217 3022 115.
2281 2969 2287 3047 ἱ

289 3044 328 3066 ae
351 3043 392 3065 ne
417 3035 473 3065 vix
498 3033 628 3074 quidem
651 3035 729 3065 vino
753 3043 833 3065 usus
857 3036 903 3066 est
922 3043 983 3087 per
1008 3033 1119 3065 decem
1142 3043 1307 3066 annorum
1344 3034 1481 3079 φρονεῖν
1498 3031 1562 3078 γὰρ
1581 3031 1689 3077 μηδὲν
1706 3031 1843 3070 -ἵδιστος
1866 3030 1936 3077 βίος
1955 3030 2035 3065 554.
2079 3030 2147 3077 ὅτῳ
2282 3049 2286 3078 5

291 3083 427 3121 tempus.
473 3079 520 3117 ὥς
547 3073 575 3112 α’
599 3077 762 3125 ἠθέλησα
789 3078 879 3125 μηδέ
950 3076 990 3113 ἂν
1028 3077 1134 3114 νῶναί
1149 3091 1232 3113 ποτε
1248 3081 1307 3113 OR
1343 3078 1540 3126 εὐτυχοῦντι
1567 3078 1676 3125 μηδὲν
1692 3077 1715 3124 ἥ
1741 3091 1790 3113 ιον
1808 3077 1910 3126 γελᾶν
1930 3077 2032 3112 1011.
2075 3076 2136 3112 ἅνδ
2187 3095 2205 3104 -

293 3124 394 3159 1348.
423 3120 446 3173 ᾗ
472 3138 510 3173 γε
534 3125 624 3172 μηδὲ
649 3126 734 3173 πρὸς
761 3124 863 3164 θεοὺς
889 3091 992 3167 ἔξεστ’
1030 3124 1162 3160 κλαύστ
1210 3121 1307 3172 τῆσδ’
1343 3125 1452 3173 μηδὲν
1477 3124 1629 3159 δικαιοῦν
1653 3130 1720 3159 τῶν
1747 3125 1946 3173 ἐφεστώτων
1963 3123 2079 3160 κλύειν
2099 3122 2142 3158 10
2163 3120 2216 3164 2.;,·

290 3172 481 3220 ἀποστῆναι
505 3172 582 3219 στέγ
610 3185 626 3211 ς
644 3175 696 3206 El.
718 3171 799 3206 909.
842 3172 942 3207 *ὅταν
966 3171 1083 3207 θανεῖν
1099 3168 1170 3220 χρῇΙ
1192 3186 1240 3207 ων
1256 3185 1307 3212 τις
1343 3171 1523 3219 φοβεῖσθαι
1555 3172 1773 3219 προσφάτους
1806 3171 1986 3211 ἐπιστολάς
2011 3174 2170 3205 Androm.
2199 3204 2202 3205 γ

290 3217 363 3254 εἶτα
421 3218 486 3267 ηδὲ
519 3223 600 3254 τοῦτ
642 3219 709 3267 ἔχῃ
741 3218 860 3266 λαβεῖν
897 3218 987 3252 1008
1017 3218 1113 3265 [secl.
1146 3219 1303 3265 Nauck.].
1343 3222 1465 3254 Verius
1489 3221 1663 3260 agnoveris
1689 3221 1994 3252 adverbiascentem
2019 3219 2201 3252 usumin

290 3233 454 3314 χώπόθεν
479 3266 585 3313 πένης
602 3266 689 3346 civil&
707 3262 783 3313 μηδΊ
805 3266 957 3315 ἐντυχὼν
976 3261 1099 3301 δύναιτ’
1119 3265 1160 3301 ἂν
1179 3268 1226 3302 ὧν
1245 3266 1307 3314 ἐρᾷ
1343 3266 1506 3314 ἐντρέπου
1533 3265 1572 3299 σὺ
1599 3265 1707 3323 μηδέν
1726 3267 1783 3299 OR
1800 3263 1879 3299 724.
1925 3265 2034 3312 μηδὲν
2061 3265 2158 3312 ἐντρα
2201 3273 2212 3314 ’γ

290 3325 329 3347 τυ
357 3317 406 3348 εῖν
423 3315 541 3346 Alead.
563 3316 605 3346 fr.
620 3312 663 3347 10
690 3339 697 3355 ,
712 3313 745 3346 8.
766 3332 807 3337 -
826 3316 865 3346 In
883 3315 1027 3346 formula
1043 3315 1179 3347 vetandi
1195 3316 1302 3347 inest:
1342 3314 1390 3352 ὡς
1407 3312 1498 3359 ὑμᾶς
1515 3311 1575 3346 ἴσα
1593 3324 1652 3347 και
1666 3312 1706 3347 τὸ
1724 3311 1832 3358 μηδὲν
1850 3311 1961 3352 ζώσας
1978 3310 2155 3358 έναριθμῶ
2173 3308 2190 3344 1

293 3372 342 3406 μη
363 3360 383 3394 ’έ
398 3372 435 3406 γε
455 3358 581 3406 μάτευε
596 3361 652 3393 OC
672 3358 761 3393 1743
780 3362 847 3402 ch.‚
877 3371 962 3402 quae
980 3362 1100 3394 chorus
1117 3363 1306 3401 Antigonae
1342 3362 1366 3393 i.
1380 3372 1412 3403 q.
1433 3359 1497 3394 οὐκ
1516 3358 1637 3397 ούσαςε
1660 3370 1850 3401 quanquam
1868 3362 1972 3392 etiam
1988 3361 2049 3392 hoc
2064 3356 2152 3393 κατὰ
2164 3355 2215 3398 ’ὼ
2272 3368 2274 3370 ·

291 3408 430 3439 accinit:
457 3417 539 3439 neve
562 3409 662 3439 etiam
686 3417 838 3448 quaerere
860 3409 952 3440 velia.
996 3409 1055 3441 νῦν
1080 3405 1161 3453 ἥκει
1185 3406 1307 3442 τούσδε
1341 3405 1484 3453 νόμενον
1502 3408 1629 3438 dietum
1646 3411 1698 3438 est
1714 3416 1773 3447 pro
1789 3408 1850 3440 τοῦ
1868 3405 1929 3452 ζῆν
1947 3404 2046 3440 οὐδὲν
2062 3404 2166 3440 πλέον
2205 3405 2214 3415 ”
