2288 3600
222 101 322 148 660

1190 96 1315 162 Πρός

1952 105 1999 151 [11
2016 118 2050 149 p.
2067 102 2286 150 647-650.J

219 213 299 247 468.
321 214 405 259 πρὸς
423 213 528 248 αὐτοῦ
547 212 660 260 Ζηνὸς
681 212 807 247 ἱκεσίου
825 211 906 246 484.
929 211 991 259 μή,
1008 212 1091 255 πρὸς
1109 211 1230 259 ἀραίου
1269 213 1372 244 altera
1397 213 1538 253 quadam
1565 213 1717 244 inclusae
1743 213 1798 244 vel
1823 213 2048 245 circumdatae
2073 222 2140 245 non
2165 214 2279 246 minus

220 260 312 302 Διός,
341 260 450 327 ἔλθης
472 260 557 293 1181
578 273 621 294 m.
652 259 713 306 μή,
735 260 819 305 πρὸς
845 258 965 301 ξενίας,
996 258 1144 305 ἀνοίξῃς,
1171 261 1231 297 τᾶς

220 311 280 346 σᾶς
298 310 352 341 OC
371 308 439 341 510
457 320 500 340 m.
531 307 594 354 μή,
623 307 706 353 πρός
736 318 771 340 σε
795 310 857 341 τοῦ
874 303 944 341 κατ’
966 305 1071 353 ἄκρον
1091 306 1230 342 Ηίταῖον

217 359 323 393 νᾶπος
341 353 419 393 Διὸς
435 354 750 402 καταστράπτοντος
770 356 825 387 Tr.
846 352 926 387 436.
955 353 1014 388 καί
1040 351 1063 387 0'
1085 353 1230 392 ἀντιάζω

219 402 302 450 πρός
319 399 343 436 τ’
366 402 523 450 ἐφεστίου
542 399 619 440 Διὸς
637 401 737 447 εὐνῆς
761 413 797 435 τε
814 405 876 447 τῆς
900 405 962 447 σῆς
981 403 1035 433 Ai.
1056 399 1136 434 492.
1173 400 1231 435 καί

218 461 254 483 σε
271 450 355 497 πρὸς
379 452 439 483 τοῦ
458 453 518 483 σοῦ
535 449 654 483 τέκνου
673 449 732 482 καὶ
756 446 845 483 θεῶν
873 447 1030 494 ἱκνοῦμαι
1048 446 1127 481 587.
1164 448 1225 494 μὴ,

218 497 302 542 πρὸς
345 496 476 538 ενείου,
515 496 563 542 μή
598 491 688 542 Ἐέλῃ
717 494 760 529 τὰ
785 494 932 542 φίλτατα
955 497 1007 528 Ei.
1032 494 1133 528 1208.
1163 495 1224 541 μή,

218 544 300 590 πρὸς
342 549 406 578 εῶν
423 546 478 576 Ai.
501 541 557 576 76.
586 545 760 575 Formulae
779 542 862 589 πρὸς
879 541 969 577 θεῶν
994 544 1083 575 nude
1100 544 1227 584 positae

218 593 299 623 item
317 593 533 624 formularum
551 591 580 624 ὦ
597 602 655 637 πρ.
675 588 726 631 θ.,
747 602 804 637 πρ.
825 589 859 624 θ.
880 583 1061 636 πατρῴων,
1091 601 1149 635 πρ.
1169 592 1228 623 νῦν

217 637 251 673 θ.
273 640 427 680 exempla
443 650 475 671 v.
497 649 523 670 S.
546 636 625 676 θεός
642 641 675 679 p'.
697 635 766 670 318
783 640 815 671 b.

288 684 320 719 6.
351 688 403 718 De
429 687 590 718 sermonis
618 696 681 717 usu
708 686 869 726 peculiari
895 685 1100 717 advertenda
1124 686 1222 716 haec:

217 733 231 775 ΙΙ
258 734 392 774 Ellipsz's
425 734 496 765 sive
520 734 633 774 potius
667 735 790 779 σχῆμα
823 730 891 766 ἀπὸ
918 734 1036 765 κοινοῦ
1061 733 1223 772 cernitur,

217 791 294 812 cum
318 782 521 822 praepositio
546 790 587 811 ex
613 781 718 811 altero
744 781 933 811 sententiae
959 781 1106 811 membro
1130 789 1226 811 assu-

216 828 337 859 menda
354 833 417 860 est.
452 827 536 873 πρὸς
561 826 690 873 μητρὸς
712 824 735 871 ἢ
762 825 908 874 πατρός;
945 827 1002 859 OR
1022 824 1123 859 1037.
1160 824 1226 859 πό-

214 879 297 921 τερα
318 867 497 922 πατρῴας,
533 872 556 918 ἢ
585 874 668 919 πρὸς
698 871 826 911 οἰκείας
854 872 978 920 χερός;
1014 875 1095 906 Ant.
1119 871 1224 915 1176,

216 923 304 963 quod
322 923 515 963 exemplum
541 923 649 962 priore
667 923 917 953 memorabilius
943 922 983 952 ob
1007 922 1227 962 praepositio-

217 979 294 1000 nem
311 969 457 1001 secundo
473 970 621 1000 membro
638 970 815 1000 inclusam.
837 987 882 991 ——
910 968 925 1010 ΙΙ
952 969 1097 1000 Rursum
1115 968 1226 1000 abun—

215 1010 295 1048 dare
321 1017 465 1048 videtur.
504 1017 609 1048 Taceo
634 1013 744 1049 πειθὼ
769 1017 879 1048 κακοῦ
905 1014 989 1060 πρὸς
1016 1012 1136 1061 ἀνδρός
1169 1016 1222 1047 El.

216 1060 294 1104 562,
324 1065 388 1095 etsi
413 1064 522 1095 omitti
549 1064 751 1104 praepositio
768 1064 896 1103 potuit,
928 1073 990 1094 nec
1007 1072 1225 1094 commemoro

216 1108 345 1156 ἐρῆμος
369 1108 451 1156 πρὸς
479 1108 587 1157 φίλων
605 1111 686 1142 Ant.
707 1106 788 1149 919,
810 1112 843 1141 in
863 1120 927 1151 qua
945 1111 1117 1141 sententia
1141 1109 1226 1155 πρὸς

245 1155 326 1190 ίλων
353 1159 558 1198 epexegesin
588 1158 738 1189 vocabuli
767 1155 897 1203 ἐρῆμος
924 1157 1044 1197 habet,
1065 1158 1148 1189 item
1167 1158 1221 1189 Αἰ.

215 1169 295 1244 319,
315 1206 350 1236 in
369 1214 434 1246 quo
451 1207 606 1237 confusas
624 1205 706 1236 duas
725 1205 911 1236 locutiones
929 1208 1011 1246 puto
1029 1202 1121 1250 ἔχειν
1140 1202 1226 1250 πρός

213 1262 303 1289 τινος
332 1250 427 1283 'dicto
454 1253 548 1293 quasi
572 1250 659 1285 εἶναι
684 1252 809 1283 dictum
844 1253 940 1284 foret.
984 1252 1158 1283 Illustrius
1185 1252 1224 1283 ad

215 1300 362 1340 speciem
380 1303 443 1340 est,
471 1298 555 1344 πρὸς
571 1303 640 1332 τῶν
665 1297 839 1332 θανόντων
859 1297 1007 1344 μηδενὸς
1023 1295 1140 1332 θανεῖν
1160 1296 1224 1332 ὕπο

216 1347 271 1379 Tr.
295 1343 395 1384 1160,
424 1348 489 1378 etsi
507 1348 554 1378 sic
577 1347 696 1378 fortius
714 1347 842 1378 dictum
870 1347 1045 1378 concedam
1063 1347 1227 1378 Herman-

1268 261 1355 291 bene
1382 260 1579 291 conveniret
1609 258 1657 293 ἐν.
1691 261 1799 292 ταῦτα
1823 257 1946 294 πολλοὶ
1968 258 2051 306 πρὸς
2077 259 2165 309 μέσῃ
2183 257 2279 306 Τρα-

1267 305 1387 353 γινίων
1405 305 1515 353 ἀγορᾷ
1532 304 1760 351 συνεξήκουον
1779 307 1835 339 Tr.
1857 304 1936 339 371.
1973 309 2066 340 Bene
2091 308 2164 340 Erf.
2185 317 2279 340 com-

1268 346 1362 395 parat
1372 356 1596 386 Romanorum
1606 354 1698 394 apud
1710 354 1833 396 forum,
1851 348 1928 399 παρ’
1945 351 2044 401 ὄχθῳ
2057 354 2278 396 Sophocleum

1267 402 1321 433 Tr.
1337 399 1417 441 524,
1431 403 1553 433 iubens
1564 402 1707 433 conferri
1719 402 1854 433 Ruhnk.
1869 402 1912 433 ad
1922 402 2109 435 Ter.Andr.
2124 403 2153 435 Ι.
2166 400 2201 443 5,
2215 399 2274 434 19.

1338 446 1371 480 2.
1404 448 1526 489 Semel,
1558 449 1585 480 si
1603 449 1645 480 de
1662 449 1732 480 loco
1750 450 1913 490 scriptura
1935 458 2003 481 non
2021 451 2209 482 certissima
2224 451 2279 481 iu-

1266 496 1373 528 dicare
1398 497 1496 536 licet,
1533 496 1712 527 secundum
1739 497 1916 536 significat.
1961 494 2031 530 νόει
2062 495 2149 542 πρὸς
2181 494 2278 542 ἀνδρὶ

1266 546 1398 590 σχῆμα,
1427 540 1627 580 πουλύπους
1653 541 1747 580 ὅπως
1772 541 1890 589 πέτρᾳ,
1922 541 2112 589 τραπέσθαι
2135 542 2278 590 γνησίου

1265 589 1486 636 φρονήματος
1504 590 1577 631 Iph.
1599 591 1639 622 fr.
1656 587 1737 623 289.
1775 591 1915 630 Legitur
1931 594 2049 636 σῶμαε
2077 593 2183 631 magis
2199 600 2276 633 pro-

1264 639 1304 669 bo
1322 638 1504 678 Bergkium
1530 638 1608 669 olim
1636 640 1757 684 σχῆμα
1780 639 2023 680 corrigentem,
2062 639 2276 670 referendum

1264 685 1347 716 illud
1373 686 1414 716 ad
1441 683 1681 731 φρονήματος,
1718 694 1818 726 quam
1835 685 2020 717 Porsonum
2043 687 2124 719 νοῦν
2149 683 2203 719 δεῖ
2218 695 2278 728 pro

1262 730 1343 765 νόει.
1373 732 1573 773 Quanquam
1590 735 1772 773 utrumque
1791 732 1832 764 de
1851 736 1966 765 mente
1983 734 2135 774 coniugis
2152 734 2223 765 viro
2239 743 2275 765 se

1262 779 1542 811 accommodantis
1558 780 1685 811 dictum
1704 779 1851 811 videtur.
1887 777 2007 824 [Dind.
2028 784 2160 812 servato
2175 784 2278 825 σῶμα

1262 827 1356 858 dedit
1379 828 1459 859 νοῦν
1486 824 1539 859 δεῖ
1563 825 1649 872 πρὸς
1673 824 1790 872 ἀνδρὶ,
1826 831 1927 872 σῶμα
1950 825 2151 865 πουλύπους
2181 826 2276 865 ὅπως

1263 871 1397 919 πέτρᾳ]
1987 873 2038 918 (11
2050 885 2084 916 p.
2102 871 2182 915 649,
2197 871 2278 918 28.)

1333 918 1366 953 3.
1396 921 1483 953 Addi
1500 921 1626 962 aliquid
1643 922 1718 952 aliis
1736 921 1914 961 significat,
1935 922 2024 954 sicut
2041 923 2162 955 Latina
2174 932 2276 963 prae-

1263 972 1310 1000 ter
1328 973 1362 1000 et
1381 970 1534 1008 insuper:
1556 980 1586 1001 v.
1607 968 1747 1000 Dorvill.
1773 977 1873 999 vann.
1894 969 1968 1001 crit.
1993 979 2027 1010 p.
2046 966 2125 1002 145.
2154 970 2272 1002 Valck.

1262 1016 1303 1047 ad
1329 1016 1410 1047 Eur.
1433 1016 1559 1047 Phoen.
1592 1012 1694 1047 1348.
1728 1015 1898 1054 Wyttenb.
1928 1016 1969 1047 ad
1993 1017 2082 1048 Plut.
2113 1016 2213 1049 Oons.
2234 1017 2275 1048 ad

1263 1064 1370 1103 Apoll.
1392 1073 1426 1104 p.
1451 1061 1516 1094 115
1535 1065 1568 1094 b.
1597 1066 1672 1107 μῶν
1753 1060 1902 1108 πάρεστε
1917 1062 2002 1119 πρὸς
2025 1066 2166 1097 κακοῖσι
2183 1061 2276 1109 πέμ-

1262 1121 1383 1147 ποντες
1400 1108 1526 1151 κακόν;
1548 1110 1608 1141 Ph.
1633 1106 1734 1142 1266.
1763 1108 1848 1155 πρὸς
1865 1105 1972 1144 τοῖσδ’
1989 1108 2040 1144 ἔτι
2059 1108 2162 1143 1339.
2189 1109 2276 1156 πρὸς

1264 1154 1292 1189 δ’
1311 1155 1485 1191 ἐκείνοισιν
1508 1155 1542 1190 τί
1560 1150 1648 1204 <935ss3
1676 1157 1734 1189 ΟΒ.
1754 1154 1856 1189 1233.
1891 1156 1992 1203 ψιλὸν
2010 1156 2057 1203 ὄμ
2086 1155 2095 1168 '
2113 1155 2274 1192 ἀποσπά-

1263 1215 1324 1242 σας
1340 1203 1425 1251 πρὸς
1443 1202 1594 1249 ὄμμασιν
1611 1206 1685 1241 τοῖς
1703 1201 1851 1250 πρόσθεν
1875 1205 1932 1238 Oc
1948 1202 2030 1238 866.
2081 1203 2145 1239 έκα
2161 1208 2275 1252 μῆνας

1263 1251 1349 1296 πρὸς
1382 1250 1502 1289 ἄλλοις
1527 1251 1628 1285 πέντε
1653 1252 1709 1283 Tr.
1729 1249 1786 1283 45.
1824 1250 1914 1298 μηδὲ
1938 1251 2023 1298 πρὸς
2047 1255 2170 1291 κακοῖς
2200 1254 2275 1290 τοῖς

1263 1297 1339 1333 οὖσι
1366 1297 1479 1344 λύπην
1508 1298 1593 1343 πρός
1622 1296 1651 1344 γ’
1680 1296 1767 1343 ἐμοῦ
1792 1298 1872 1333 νέαν
1900 1298 2002 1344 λάβοι
2025 1297 2108 1332 330.
2137 1299 2189 1343 [de
2207 1309 2275 1341 quo

1263 1357 1328 1378 usu
1345 1348 1604 1388 praepositionis
1622 1349 1751 1378 mutata
1768 1348 1803 1378 vi
1826 1349 1991 1389 repetitae
2017 1349 2060 1380 cf.
2081 1347 2275 1387 Bernhardy

215 1403 277 1434 ¹¹03
306 1394 450 1433 graviter
466 1398 579 1425 autem
596 1394 721 1434 ineptit
738 1395 967 1425 diversissima
993 1397 1027 1425 et
1052 1397 1120 1425 toto
1138 1394 1227 1425 caelo
1264 1395 1358 1434 Synt.
1381 1404 1414 1435 p.
1435 1391 1504 1426 200
1521 1398 1556 1426 et
1572 1394 1609 1425 F.
1633 1394 1699 1426 Gu.
1721 1394 1883 1427 Schmidt.
1910 1396 1947 1426 in
1966 1395 2055 1427 Ann.
2076 1395 2173 1427 Iahni
2190 1404 2272 1436 sup-

215 1442 323 1472 aliena
340 1442 484 1472 miscens
502 1442 617 1482 Apitz.
638 1451 671 1481 p.
693 1438 774 1472 204.
793 1460 837 1464 -
855 1441 869 1483 ΙΙ
887 1443 926 1472 In
951 1442 1140 1472 obtestandi
1158 1442 1225 1473 for-

215 1488 304 1519 mula
317 1489 415 1528 paulo
432 1489 549 1519 durius
563 1489 731 1520 omittitur
744 1497 938 1529 pronomen.
960 1487 1045 1534 πρός
1060 1485 1087 1520 σ’
1106 1486 1156 1521 ὅτι
1174 1498 1226 1522 σοι

214 1533 313 1581 φίλον
331 1533 370 1567 έκ
388 1532 485 1568 σέθεν
503 1533 647 1579 ἄντομαι
663 1535 718 1567 OG
735 1533 805 1568 250
820 1546 864 1568 m.
884 1537 906 1567 i.
925 1545 956 1567 e.
985 1534 1068 1580 πρὸς
1086 1533 1222 1568 τούτου.

214 1580 299 1626 πρός
321 1577 346 1614 τ’
375 1581 405 1615 εἴ
429 1580 460 1615 τί
485 1593 536 1615 σοι
552 1577 622 1615 κατ’
650 1580 742 1615 οἶκόν
762 1581 830 1615 ἐστι
855 1580 1041 1628 προσφιλές
1059 1584 1120 1614 Ph.
1141 1580 1222 1615 469.

217 1647 256 1651 —
276 1628 290 1670 ΙΙ
309 1630 346 1660 ln
371 1630 487 1661 eadem
510 1629 697 1661 obtestandi
724 1631 866 1661 formula
881 1632 973 1662 inter
996 1628 1082 1675 πρός
1108 1634 1142 1661 et
1167 1640 1225 1661 ca-

214 1686 289 1707 sum
313 1677 519 1716 pendentem
543 1677 669 1717 aliquid
696 1678 875 1718 aliqnando
899 1678 1148 1718 interponitur:
1176 1678 1225 1708 le-

214 1724 287 1754 vius
305 1723 356 1762 id,
386 1724 471 1764 quod
490 1733 596 1755 unum
614 1728 673 1755 aut
697 1725 762 1756 duo
782 1725 938 1756 vocabula
955 1725 1104 1756 breviora
1121 1729 1219 1765 sunt3

214 1771 305 1801 velut
332 1769 415 1815 πρός
437 1769 496 1803 νύν
515 1781 550 1803 σε
568 1769 695 1815 πατρός
713 1772 773 1802 Ph.
794 1768 874 1804 468.
912 1770 997 1816 πρός
1017 1782 1053 1804 σε
1070 1773 1131 1804 τοῦ
1148 1769 1223 1804 κατ’

212 1814 317 1862 ἄκρον
336 1814 475 1852 Οἰταῖον
499 1816 607 1855 νάπος
623 1814 702 1855 Διὸς
727 1817 1044 1863 καταστράπτοντος
1063 1819 1118 1851 Tr.
1139 1816 1219 1850 436.

213 1862 297 1909 πρός
309 1862 368 1897 νύν
387 1874 424 1896 σε
443 1869 582 1910 κρηνῶν
600 1865 655 1897 OG
675 1863 776 1898 1333.
805 1866 1034 1898 Observarunt
1052 1867 1222 1898 Burtonus

212 1911 251 1942 ad
276 1911 332 1943 OG
349 1909 430 1943 250.
458 1912 598 1952 Elmsl.;
636 1913 818 1944 Elmsleius
844 1914 885 1944 ad
912 1914 992 1945 Eur.
1019 1914 1108 1946 Med.
1140 1911 1218 1945 137.

214 1959 340 1991 Iacobs.
373 1959 412 1990 ad
429 1960 567 1991 Anthol.
590 1960 659 1991 Pal.
682 1964 706 1993 t.
727 1957 760 1992 3.
782 1970 815 2000 p.
836 1958 900 1992 83:
929 1965 1007 1992 ante
1026 1962 1084 1992 hos
1104 1962 1218 1994 Valck.

213 2005 255 2036 ad
273 2006 356 2038 Eur.
378 2006 504 2038 Phoen.
527 2003 628 2039 1659.

283 2053 327 2085 11.
355 2052 440 2084 Cum
458 2053 571 2085 dativo
588 2055 714 2086 dictum
731 2052 817 2099 πρός

285 2096 315 2132 1,
343 2100 499 2140 inprimis
514 2110 564 2132 ‘res
576 2101 654 2132 locis
667 2103 814 2142 proxime
831 2103 1024 2134 coniunctas
1040 2103 1219 2143 siguificat,

213 2155 313 2187 quam
329 2148 534 2187 provinciam
552 2149 683 2180 Latinis
700 2150 1007 2189 praepositionibus
1031 2150 1086 2190 ad,
1116 2150 1219 2191 apud,

213 2195 306 2225 iuxta
331 2194 441 2225 datam
466 2195 632 2227 videmus.
675 2189 761 2242 πρός
792 2207 829 2228 τε
863 2193 1045 2234 Παλλάδος
1087 2195 1221 2235 διπλοῖς

212 2242 308 2277 ναοῖς
331 2240 389 2272 OR
404 2238 462 2273 20.
491 2251 558 2274 non
583 2244 619 2274 in
643 2244 783 2283 templi-3,
812 2244 870 2275 sed
897 2245 932 2276 in
955 2244 1114 2284 yradibus
1139 2248 1220 2276 tem—

210 2288 353 2328 morum,
373 2292 451 2320 ante
476 2290 606 2330 templa.
643 2287 750 2335 νηλέα
774 2288 812 2322 δὲ
836 2288 982 2336 γένεθλα
1009 2290 1096 2336 πρὸς
1125 2289 1220 2338 πέδῳ

211 2336 323 2367 κεῖται
342 2332 403 2366 181
424 2336 476 2368 ch.
511 2337 682 2368 interram
696 2337 948 2377 procubuerunt.
986 2338 1033 2376 ὡς
1063 2337 1080 2372 ὁ
1111 2336 1221 2376 Λάϊος

211 2380 447 2428 κατασφαγεὶη
464 2381 548 2428 πρὸς
564 2381 721 2429 τριπλαῖς
739 2381 918 2428 ἁμαξιτοῖς
935 2382 1016 2426 730,
1045 2387 1135 2426 quod
1153 2397 1218 2419 non

213 2429 316 2467 magis
340 2430 376 2460 in
400 2431 496 2461 trivio
514 2431 704 2470 significare
722 2435 864 2473 oportet7
893 2442 993 2473 quam
1018 2430 1216 2479 θάκησιν...

211 2471 235 2519 ἢ
254 2473 338 2520 πρὸς
357 2473 530 2520 βεβήλοις,
558 2475 582 2522 ἢ
608 2476 692 2523 πρὸς
709 2475 844 2512 ἄλσεσιν
873 2477 963 2513 θεῶν
980 2480 1035 2512 OC
1057 2478 1110 2512 10.
1133 2483 1219 2514 male

211 2522 423 2554 intellectum
454 2524 666 2557 Doederlino.
710 2526 799 2557 Illud
828 2530 880 2557 est
907 2537 983 2558 cum
1012 2527 1055 2558 ad
1085 2530 1221 2561 trivium

212 2569 385 2609 accederet,
408 2570 468 2602 hoc
484 2571 528 2602 ad
546 2581 571 2603 s.
589 2581 676 2612 pone
699 2573 771 2604 loca
796 2582 889 2604 sacra
903 2573 1106 2614 profanave.
1135 2574 1219 2622 πρὸς

212 2611 357 2653 Πυθίαις
384 2614 407 2661 ἢ
434 2614 605 2663 λαμπάσιν
630 2617 751 2656 ἀκταῖς
774 2619 829 2652 OG
856 2617 945 2652 1047
963 2621 1014 2653 ch.
1049 2620 1109 2655 καὶ
1134 2622 1219 2668 πρὸς

212 2660 264 2695 σοὶ
295 2662 550 2709 παρασταθήτω
582 2663 684 2698 1268.
723 2663 864 2700 Σιπύλω
894 2667 980 2712 πρὸς
1007 2665 1103 2714 ἄκρῳ
1134 2671 1216 2703 Ant.

211 2706 279 2741 825
298 2720 342 2741 m.
387 2710 471 2756 πρὸς
496 2709 651 2758 θυρῶνος
674 2710 803 2752 ἐξόδοις
828 2699 980 2748 ἐλθοῦσα
1005 2718 1130 2762 φωνεῖς
1161 2718 1215 2749 ΕΙ.

213 2752 292 2789 328.
322 2753 470 2791 ἐλθοῦσα
495 2759 623 2791 dictum
649 2764 702 2791 est
722 2759 880 2806 φράσεως
898 2771 1008 2794 causa.
1036 2761 1117 2809 τῇδε
1133 2762 1218 2809 πρὸς

211 2800 303 2848 πύλῃ
391 2803 506 2838 αὐανῶ
532 2804 605 2851 βίον
628 2803 709 2839 818.
745 2807 932 2840 Accedendz'
948 2809 1073 2842 diserta
1090 2812 1218 2843 mentio

211 2850 267 2881 sed
292 2851 327 2881 in
345 2852 462 2883 tralata
478 2853 624 2885 dictione
649 2855 758 2886 inest:
787 2865 812 2887 π
835 2854 872 2893 ὸς
897 2853 991 2902 αὐτῷ
1013 2851 1039 2903 γ’
1066 2854 1137 2902 εἰμὶ
1160 2857 1214 2904 τῷ

211 2894 312 2943 δεινῷ
327 2895 437 2943 λέγειν
454 2899 512 2931 OR
527 2896 627 2933 1169.
655 2899 706 2938 τίς
724 2899 741 2935 ὁ
760 2913 809 2948 πη
831 2900 918 2947 ήσας
936 2901 1118 2948 δαίμων...
1132 2904 1217 2952 πρὸς

212 2943 255 2989 σῄ
269 2941 467 2990 δυσδαίμονι
484 2944 607 2994 μοίρᾳ;
637 2945 727 2980 1302
742 2959 796 2981 an.
825 2950 909 2982 Inde
926 2955 1004 2983 nata
1022 2952 1145 2984 locutio
1169 2951 1216 2986 τὸ

209 2989 316 3035 πρὸς
341 2990 442 3026 ποσί
462 2996 650 3033 praesentia
674 2995 731 3027 OR
757 2993 835 3028 130.
871 2994 914 3030 τά
936 2999 1091 3039 plerique
1116 2999 1211 3041 cod.;

210 3038 269 3069 sed
284 3035 322 3071 τό
339 3039 409 3080 LA,
430 3040 518 3072 Flor.
540 3038 576 3075 Γ.
589 3059 635 3065 -
657 3043 709 3074 Ab
726 3043 902 3076 accedendi
930 3045 1215 3085 adsignificatione

209 3086 359 3125 proxime
387 3086 578 3120 deflectitur
609 3090 744 3130 proprie
775 3090 903 3122 dictum
937 3088 1038 3125 ὑπτία
1071 3091 1109 3126 δὲ
1137 3091 1216 3127 κλί-

208 3142 312 3175 νομαι
336 3129 475 3167 δείσασα
497 3133 581 3180 πρὸς
615 3133 764 3180 δμωαῖσι
793 3137 875 3169 Ant.
898 3135 998 3171 1189.
1031 3141 1067 3171 in
1091 3150 1215 3172 mamae

209 3187 323 3210 earum
338 3179 468 3220 recid05
506 3183 623 3214 tralate
652 3192 730 3216 vero
758 3181 890 3264 ἔβαιζας
923 3182 1025 3231 ἔγχος
1057 3184 1095 3220 εὖ
1128 3186 1214 3233 πρὸς

206 3219 372 3277 ’ᾼργείων
397 3226 542 3308 etgar&
571 3230 627 3261 Ai.
648 3226 704 3262 95.
740 3228 763 3276 ἦ
788 3241 834 3264 κα
870 3230 956 3277 πρὸς
987 3229 1213 3278 Ἀτρείδαισιν

209 3282 370 3318 ῃχμασας
401 3285 426 3320 χ
468 3286 507 3316 ας
543 3272 599 3308 97.
643 3277 696 3308 Ad
720 3280 846 3310 statum
875 3280 922 3310 rei
955 3281 1213 3320 significandum

208 3319 407 3372 transfertur
463 3324 577 3367 ρηνεῖν
611 3321 746 3368 ἐπῳδὰς
778 3323 863 3369 πρὸς
896 3330 1045 3370 τομῶντι
1076 3326 1213 3374 πήματι

207 3366 263 3398 Ar.
283 3363 362 3398 582.
407 3368 564 3400 Ceterum
589 3371 766 3417 aliquando
790 3370 876 3416 πρός
895 3373 1036 3413 dicitur,
1064 3385 1140 3407 cum
1164 3377 1213 3407 rei

1262 1443 1364 1483 plem.
1386 1452 1417 1473 v,
1441 1439 1495 1473 17.
1516 1438 1659 1485 (1851.)
1675 1451 1709 1482 p.
1731 1438 1832 1486 291.]
1855 1440 1939 1487 πρὸς
1961 1439 2101 1488 θανάτῳ
2125 1439 2273 1476 θάνατον

1263 1486 1415 1522 ἀνύσασα
1428 1486 1497 1521 885
1516 1489 1566 1520 ch.
1595 1491 1732 1520 mortem
1747 1491 1845 1520 morti
1861 1489 2032 1522 adiit-iem.
2060 1487 2161 1536 χάριν
2188 1487 2275 1534 βρα-

1261 1538 1362 1582 χεῖαν
1387 1534 1473 1582 πρὸς
1499 1538 1647 1593 μακροιῖς
1670 1533 1790 1592 ἄλλοις
1816 1534 1931 1574 διδούς
1957 1533 2059 1594 1217.
2099 1535 2139 1570 ού
2167 1538 2276 1595 τάῦτα

1261 1594 1357 1671 {³533
1374 1581 1847 1675 ‘g‘g‘ssgssjsssssssslsszzmffi
1850 1581 1975 1663 ¹1³3?
1989 1581 2104 1663 pffiss'
2107 1594 2277 1672 ἓιέἑῖἔξζῖ

1261 1689 1280 1710 a
1297 1679 1470 1710 nonnullis
1496 1682 1574 1709 ante
1591 1680 1832 1719 appositorum,
1869 1686 1956 1719 quae
1980 1680 2054 1720 ipsa
2071 1679 2198 1720 duplex
2214 1688 2273 1718 ge-

1262 1735 1326 1756 nus
1344 1726 1509 1765 referunt,
1535 1729 1636 1765 prout
1659 1726 1695 1756 in
1712 1726 2023 1758 commemoratione
2045 1727 2137 1757 aliud
2160 1726 2271 1765 alteri,

1260 1776 1318 1804 aut
1336 1774 1436 1804 rebus
1454 1774 1537 1813 ipsis
1555 1773 1620 1804 alia
1636 1782 1721 1804 nova
1737 1773 1875 1814 accedit,
1896 1773 1977 1805 hoc:
2005 1770 2163 1807 πέπονθα
2180 1769 2274 1806 δεινὰ

1259 1817 1344 1865 πρὸς
1360 1822 1484 1857 κακοῖς
1500 1817 1593 1853 κακά
1610 1820 1665 1851 OG
1683 1817 1763 1851 595.
1791 1821 1882 1852 mala
1897 1829 1971 1853 mea
1987 1820 2057 1852 iam
2069 1829 2130 1861 per
2145 1830 2179 1851 se
2195 1830 2272 1860 ym-

1259 1869 1314 1898 υἰα
1330 1867 1560 1898 accedentibus
1577 1868 1653 1898 aliia
1669 1870 1769 1899 aucta
1786 1871 1875 1900 sunt.
1997 1865 2048 1911 (ΙΙ
2065 1879 2099 1910 p.
2121 1864 2200 1908 650,
2217 1864 2274 1910 2.)

1329 1912 1362 1947 4.
1393 1915 1514 1954 Figura
1531 1915 1790 1955 praepositionis
1803 1924 1846 1946 ex
1863 1915 1966 1947 altero
1983 1915 2112 1946 divisae
2130 1919 2271 1946 senten—

1257 1963 1324 1993 tiae
1349 1963 1498 1993 membro
1523 1962 1743 1993 assumendae
1767 1963 1859 1994 inest
1882 1963 1919 1993 in
1951 1960 2037 2006 πρὸς
2071 1959 2215 1999 Πυθίαις
2246 1958 2271 2006 ἢ

1257 2006 1432 2054 λαμπάσιν
1450 2007 1572 2045 ἀκταῖς
1590 2009 1646 2041 OC
1666 2006 1755 2040 1047
1773 2009 1826 2041 ch.
1854 2009 2016 2041 Abundat
2039 2009 2157 2041 eadem
2174 2010 2271 2040 iuxta

1259 2058 1397 2088 verbum
1423 2067 1442 2088 a
1467 2057 1714 2097 praepositione
1740 2057 1851 2088 locum
1877 2057 2088 2096 significante
2107 2057 2271 2097 composi-

1258 2109 1343 2135 tam:
1373 2100 1487 2141 Αἰδὼς
1566 2101 1624 2136 καὶ
1638 2102 1723 2148 πρὸς
1749 2101 1801 2136 σοὶ
1817 2100 2072 2149 παρασταθήτω
2089 2104 2144 2136 OC
2164 2100 2267 2135 1268.

1329 2152 1390 2182 111.
1421 2151 1506 2183 Cum
1523 2152 1712 2182 accusativo
1729 2151 1877 2192 positum
1893 2149 1978 2197 πρός

1331 2196 1361 2230 1.
1398 2201 1525 2230 motum
1556 2199 1669 2238 aliquo
1695 2208 1825 2230 versum
1857 2200 2047 2230 institutum
2078 2198 2265 2238 significan

1257 2254 1395 2304 versus&
1403 2245 1457 2286 ad,
1480 2247 1526 2277 in.
1562 2242 1662 2282 πλεῖς
1680 2241 1704 2278 δ’
1726 2244 1773 2283 ὡς
1791 2243 1876 2302 πρὸς
1893 2243 1988 2302 οἶκον
2006 2246 2066 2277 Ph.
2088 2242 2156 2303 58⁸,
2173 2242 2270 2278 πλέω

1258 2303 1342 2371 ἔξῖἓῗ
1361 2289 1978 2380 ⁰2:385‘033352121‘23÷.;.}⁹?.i.21‘2‘.1’.}
1993 2289 2270 2372 ²{{·¹1i{⁷·f?⁹1²s*333

1257 2388 1385 2428 quendi
1418 2388 1673 2427 significatione.
1717 2384 1855 2433 πέμψον
1892 2385 1977 2432 πρὸς
2010 2384 2128 2424 οἴκους
2162 2382 2264 2419 1368.

1257 2432 1404 2480 πέμπειν
1428 2433 1511 2481 πρὸς
1538 2432 1657 2471 οἴκους
1677 2431 1778 2467 1399.
1815 2433 1900 2479 πρὸς
1926 2431 2021 2468 οἶκον
2039 2427 2158 2467 οὐκέθ’
2173 2430 2269 2467 ἵκετο

1257 2482 1314 2514 OR
1334 2479 1412 2514 115.
1440 2479 1525 2527 πρὸς
1551 2479 1646 2514 οἶκον
1670 2478 1784 2519 ἵξεσθε
1802 2478 1904 2513 1491.
1944 2478 2023 2515 ἵκου
2047 2479 2134 2526 πρὸς
2151 2478 2268 2517 οἴκους

1257 2529 1311 2561 OG
1330 2526 1409 2561 741.
1446 2526 1541 2566 λύσις
1571 2527 1701 2574 στρατῷ
1738 2527 1822 2573 πρὸς
1855 2526 1951 2562 οἷκον
1984 2529 2038 2561 El.
2059 2525 2140 2561 574.
2183 2525 2268 2572 πρὸς

1257 2574 1353 2610 οἶκον
1377 2574 1466 2621 ἦλθε
1489 2577 1545 2607 Ai.
1566 2573 1645 2608 436.
1683 2574 1810 2621 πότερα
1840 2574 1925 2621 πρὸς
1957 2573 2094 2616 οἴκους;
2120 2571 2203 2607 460.
2220 2590 2268 2598 —-·

1256 2622 1340 2668 πρὸς
1366 2622 1493 2669 δόμους
1519 2620 1640 2667 μολεῖν
1658 2620 1738 2656 509.
1771 2622 1829 2656 τὸν
1855 2621 1965 2657 παῖδα
1987 2620 2085 2657 τόνδε
2102 2621 2187 2668 πρὸς
2206 2619 2267 2655 δό-

1255 2668 1598 2762 θῗὶοῗᾟοὺίὺᾶἔᾛ
1622 2667 1856 2762 32³2?ssAE
1874 2665 2267 2762 ἕέόῗιῖῗὲυὲηῗλθιόοᾝὲς

1256 2783 1300 2788 —
1324 2764 1382 2798 τὸν
1408 2763 1535 2798 σκοπὸν
1561 2729 1645 2810 πέδς
1669 2729 1955 2797 ναῦνγάποστελῶ
1980 2765 2041 2796 Ph.
2064 2761 2144 2796 125.
2180 2760 2270 2808 πρὸς

1253 2814 1337 2844 ναῦν
1354 2810 1428 2856 εἶμι
1441 2809 1519 2844 132.
1549 2810 1623 2856 εἶμι
1639 2810 1724 2856 πρὸς
1741 2813 1823 2844 ναῦν
1840 2808 1922 2843 461.
1935 2813 2048 2845 -τοῦ
2065 2810 2151 2856 πρὸς
2162 2802 2267 2843 Ἴλιον

1255 2857 1377 2892 στόλου
1395 2860 1456 2891 Ph.
1468 2856 1548 2891 247.
1578 2857 1662 2904 πρὸς
1681 2857 1717 2891 δὲ
1734 2860 1836 2891 τοῦτο
1914 2857 2082 2903 είλυόμην
2100 2855 2266 2902 δύστηνος

1253 2903 1334 2938 289.
1353 2906 1560 2946 adrepebam.
1598 2902 1710 2939 ἐλθὼν
1730 2900 1910 2951 Ἀτρείδας
1933 2904 2018 2950 πρὸς
2043 2902 2164 2952 φίλους
2181 2900 2270 2951 3614-

1252 2963 1276 2985 π
1300 2952 1336 2990 ὸς
1361 2951 1384 2997 ἡ
1415 2955 1455 2990 ἇς
1473 2950 1687 2987 πεπλεύκατε
1703 2949 1785 2985 404.
1815 2949 1874 2986 ἐὰν
1893 2950 1992 2998 μόλω
2017 2951 2101 2998 πρὸς
2120 2948 2269 2987 Οἰταίανι

1302 2998 1364 3034 όνα
1405 2997 1461 3032 79.
1498 2999 1581 3047 πρὸς
1606 2998 1649 3033 τὰ
1671 2996 1926 3038 Χαλκώδοντος
1951 2996 2100 3046 Εὖβοίας
2127 2993 2272 3044 σταθμά

1275 3044 1331 3079 89.
1361 3046 1446 3093 πρὸς
1463 3045 1586 3081 ταύτὸν
1604 3044 1779 3093 ὁρμισθεὶς
1797 3044 1902 3080 πέδον
1919 3044 1999 3080 546.
2028 3044 2172 3092 πατρίαν
2189 3043 2263 3091 ἄγει

1252 3105 1276 3127 π
1299 3092 1334 3132 ὸς
1353 3092 1460 3128 αὐλάν
1479 3091 1546 3127 723
1558 3094 1609 3127 ch.
1631 3092 1667 3131 ἐς
1684 3090 1810 3139 Τροίαν
1828 3090 1927 3127 πλεῖν
1944 3092 2028 3140 πρὸς
2044 3092 2125 3132 τοὺς
2141 3087 2182 3128 Ἀ
2209 3102 2266 3125 αι·-

1251 3152 1268 3174 ο
1295 3152 1310 3178 ς
1328 3138 1408 3175 916.
1437 3138 1561 3187 εἴσειμι
1579 3139 1664 3187 πρός
1683 3151 1718 3173 σε
1736 3137 1835 3186 ψιλός
1853 3137 1933 3173 953.
1962 3140 2047 3186 πρὸς
2063 3138 2158 3187 ἡμᾶς
2196 3141 2232 3174 εὖ
2255 3134 2264 3149 ’

1252 3186 1345 3222 ἰόντα
1364 3186 1466 3221 1221.
1502 3187 1587 3235 πρὸς
1603 3185 1647 3222 τὰ
1663 3185 1787 3234 Τροίας
1813 3186 1912 3221 πεδία
1929 3199 1975 3220 sc.
1998 3186 2138 3222 ἐκπλεῖν
2158 3183 2223 3220 137
2249 3192 2266 3219 .ἰ

1250 3233 1334 3280 πρὸς
1351 3233 1433 3274 τοὺς
1451 3234 1488 3268 σὲ
1505 3233 1697 3272 παύσοντας
1715 3233 1841 3280 ἄλγους
1861 3232 1962 3267 1378.
1992 3233 2104 3269 ἐλθὼν
2122 3233 2207 3280 πρὸς
2223 3230 2262 3266 τὸ

1248 3278 1404 3328 Τρωϊκὸν
1422 3280 1576 3327 πόλισμα
1596 3279 1697 3315 1423.
1726 3279 1873 3327 πέμψεις
1898 3281 1984 3328 πρὸς
2001 3281 2070 3315 πάτ
2092 3294 2132 3320 ας
2155 3278 2263 3325 Οἴτης

1249 3327 1365 3363 πλάκα
1384 3327 1485 3362 1430.
1514 3328 1598 3376 πρὸς
1623 3327 1732 3376 πυρὰν
1751 3327 1838 3374 ἐμὴν
1862 3328 1983 3374 κόμιζε
2003 3292 2105 3362 1432.
2133 3327 2176 3362 πέ
2205 3326 2262 3374 ψω

1248 3375 1332 3421 πρὸς
1342 3369 1448 3410 Ἴλιον
1469 3373 1569 3409 1438.
1598 3373 1744 3422 ὄρμενον
1767 3374 1875 3410 ἀκτὰν
1901 3375 1984 3421 πρὸς
2011 3373 2156 3421 ἑσπέρου
2174 3339 2258 3410 θεοῦ
2287 3388 2288 3429 2
