2288 3600
0 88 238 186 {sia-87⁷3
909 125 1009 175 Καί
1877 128 1971 177 351

0 243 30 282 U!
46 243 126 279 775.
141 243 244 279 1381.
271 243 426 278 παιάνων
443 255 479 277 τε
495 241 555 278 καὶ
573 241 811 289 στεναγμάτων
828 240 927 276 ΟΒΞ).
967 244 1126 275 ambobus
1151 243 1356 274 coniunctim
1381 244 1610 284 praedicatur,
1638 244 1777 276 abusum
1804 245 1976 277 continere

36 304 94 328 wte
119 291 180 327 καὶ
204 290 227 327 θ
250 290 347 329 όνους
370 288 436 324 237
455 289 513 336 [cf.
535 291 589 323 OC
607 288 686 323 425.
711 287 828 334 1354}
857 289 932 336 ἔχοι
967 290 1206 331 particularum
1221 299 1259 321 τε
1337 287 1396 322 καί
1413 291 1529 322 Elmsl.
1551 291 1750 331 arbitratus,
1771 294 1883 323 tamen
1902 293 1977 324 aliis

0 297 44 376 ’.Ἃ
67 338 203 374 δύναιτο
228 303 308 372 315.
337 350 407 385 μητ
430 337 467 371 ός
489 350 525 372 τε
550 336 609 371 καὶ
626 335 753 382 πατρός
769 334 849 369 417.
879 334 932 370 σοί
968 337 1166 378 conquisitis
1183 336 1338 368 firmavit.
1366 337 1408 368 cf.
1431 342 1466 369 et
1481 338 1596 391 Herm:
1616 335 1763 384 πατρίδα
1778 348 1814 370 τε
1830 337 1894 384 τὴν
1913 337 1976 384 σὴν

0 385 37 422 αὶ
50 390 124 425 τοῖς
151 389 226 424 σοῖς
249 385 380 423 τέκνοις
404 350 484 418 425.
513 384 600 429 ἐμοῦ
616 395 653 417 τε
668 382 829 417 κάκείνου
848 381 927 416 714.
967 381 1027 417 καὶ
1082 381 1175 421 ίλους
1193 380 1273 416 850.
1301 380 1393 429 ἄγεις
1418 381 1449 418 θ’
1473 382 1496 417 ἃ
1519 395 1544 431 χ
1591 383 1670 424 ζεις,
1698 383 1758 418 καὶ
1775 384 1977 430 παρίστασαι

0 433 35 475 υξ
55 445 93 468 τε
116 432 201 468 κάπὶ
223 431 381 467 mohs:
404 431 491 478 ἀνὴρ
517 430 653 477 ἀπήνης
669 428 749 463 802.
779 429 879 475 ὀλβία
895 441 932 464 τε
969 428 1026 476 βίᾳ
1076 427 1129 463 16.
1157 432 1256 463 τανῦν
1284 428 1323 463 τέ
1347 440 1398 463 σοι
1424 429 1520 464 δοκεῖ
1546 395 1730 479 λᾎέχθαι,
1767 432 1859 479 χῶτε
1883 427 1977 466 ταῦτ’

0 479 55 521 Ξὺν
72 479 200 526 ὀλβίοις
217 477 296 512 929.
327 443 444 525 ὃτόμοις
466 490 502 512 τε
519 478 578 512 καὶ
601 477 698 511 πόσει
713 475 793 509 934.
822 476 931 510 εἰπεῖν
969 476 1155 524 ἐμηχανῶ,
1178 474 1278 509 1035.
1322 480 1385 522 γῆν
1410 488 1446 510 τε
1470 476 1716 522 προσκυνοῦν8’
1741 476 1815 523 ἅμα
1837 479 1895 513 καὶ
1919 479 1976 513 τὸν

0 527 43 562 ιαὶ
69 526 192 574 μαθεῖν
211 524 313 559 1234.
343 520 502 573 μητρῴαν
528 523 607 559 διπλ
633 538 651 558 ν
673 523 820 570 ἄρουραν
839 522 878 558 οὗ
894 535 930 557 τε
969 522 1059 558 θεῶν
1072 517 1251 569 Ὄλυμπον
1273 521 1372 558 1655.
1394 522 1482 558 αἵτε
1500 524 1621 563 παῖδες
1637 525 1696 573 χοί
1714 525 1976 586 προπέμψαντες

0 574 125 610 τέκνων
140 571 241 608 1257.
270 571 436 612 πολλάκις
452 585 489 607 τε
505 571 596 620 κούχ
637 571 703 611 παξ
723 569 823 604 1275.
843 570 932 605 ἀδά-
995 569 1076 605 ίλων
1097 568 1196 603 1667.
1225 569 1328 618 λόγου
1345 566 1373 605 τ’
1397 570 1496 606 ἄνοια
1513 571 1571 606 καὶ
1595 577 1727 619 φρενῶν
1754 570 1876 620 Ερινύς
1893 576 1973 607 Ant.

0 621 31 657 ἦν
59 633 95 656 τε
128 620 188 656 καὶ
217 618 433 666 δυσούριστον
466 618 554 653 1315
571 630 617 652 m.
653 617 779 665 τυφλός
808 630 845 652 τε
872 617 932 653 καὶ
990 616 1035 651 03
1058 619 1110 651 eh.
1146 613 1202 652 ὑπ’
1226 617 1358 652 οἰωνῶν
1382 630 1417 652 τε
1449 618 1507 653 καὶ
1534 624 1646 653 κυνῶν
1677 618 1779 667 βορᾶς
1811 619 1910 653 1017.
1947 620 1976 654 ὦ

0 680 38 704 ον
64 667 171 715 μηδέν
199 665 300 701 1389.
329 667 478 714 μητέρας
501 679 537 701 τε
587 665 705 701 ὢπόσα
726 664 835 699 1407.’
856 665 932 699 ἐπι-
967 665 1150 703 κτανόντας
1178 677 1214 698 τε
1243 665 1302 699 καὶ
1331 664 1495 704 θανόντας
1525 665 1708 711 βλέποντες
1740 665 1828 700 1263
1845 679 1899 700 an.
1929 667 1976 705 ὡς

0 726 68 750 κτα)
84 726 122 750 τε
137 715 196 750 καὶ
211 714 447 762 προτρέψομαι
461 712 561 746 1446.
615 717 653 750 ’ς
669 724 705 746 τε
721 712 780 747 καὶ
799 710 931 747 Σκότου
969 713 1059 761 ἔχων
1076 723 1111 746 τε
1135 712 1193 746 καὶ
1217 712 1428 759 κεκτημένος
1449 711 1549 746 1278.
1570 712 1593 759 ἡ
1611 714 1710 763 χάρις
1727 713 1842 748 κείνου
1858 726 1895 748 τε
1911 714 1975 748 κά-

0 760 54 800 w.
82 761 174 809 λόγω
199 773 234 796 τε
253 762 312 796 καὶ
338 760 450 795 σθένει
467 759 523 794 68.
553 725 672 807 Φοίβῳ
697 772 733 794 τε
749 758 855 806 κάμοί
871 757 927 792 86.
969 763 1034 806 μοῦ
1061 761 1116 792 Tr.
1137 757 1218 792 618.
1247 758 1431 804 ἐπίσταμαί
1455 771 1492 794 τε
1515 760 1573 794 καὶ
1600 762 1720 808 φράσω
1746 759 1826 795 626.
1855 761 1975 808 κόσμῳ

0 820 109 855 γσομαι
131 796 167 843 τέ
191 808 250 843 καὶ
274 809 312 843 σὺ
337 807 466 855 κρύψον
486 806 564 841 113.
595 805 724 851 Φοίβου
750 819 786 840 τε
802 805 930 841 καύτοῦ
966 818 1002 841 τε
1044 806 1148 853 αίρων
1167 807 1224 840 καὶ
1243 806 1349 855 στολῇ
1365 805 1445 840 764.
1473 808 1502 841 ὦ
1520 806 1608 855 λέχη
1625 820 1661 842 τε
1677 807 1736 843 καὶ
1752 804 1890 855 νυμφεῖ’
1906 808 1976 855 ἐμά

0 856 39 892 ός
54 854 133 890 793.
162 855 221 902 βία
243 867 280 890 τε
303 855 393 903 κούχ
418 855 506 889 ἑκών
525 852 603 888 935.
633 855 728 900 αὐτῷ
745 866 782 888 τε
803 854 861 888 καὶ
886 853 932 902 γῇ
967 852 1012 887 92
1039 880 1046 887 .
1075 852 1212 901 πάραλά
1227 852 1254 887 τ’
1270 853 1376 900 ἄντρα
1392 854 1451 888 καὶ
1466 854 1569 900 νέμος
1585 855 1745 890 ἐπάκτιον
1763 858 1816 888 Ai.
1837 854 1906 889 413
1920 858 1972 889 ch.

0 901 124 937 ε1125.
154 891 254 937 σύ’τε
279 903 376 950 κάγώ
404 900 504 936 1336.
535 900 748 940 ἀπόπτυστος
763 913 799 935 τε
815 900 932 935 κάπά-
967 900 1037 947 εἶμι
1061 900 1144 947 πρός
1165 913 1202 934 τε
1226 899 1354 948 λουτρὰ
1383 901 1442 935 καὶ
1467 901 1673 948 παρακτίους
1696 901 1866 949 λειμῶνας
1890 901 1971 937 654.

11 948 114 984 4383.
143 949 336 996 δύσποτμός
352 962 389 984 τε
404 949 464 984 καὶ
480 949 573 995 κακή
595 947 695 983 1433.
723 952 792 983 τῶν
811 953 878 982 σῶν
896 961 930 982 τε
967 948 984 983 ὁ
1008 947 1132 997 χρόνος
1159 947 1316 994 μαραίνει
1338 959 1374 982 τε
1394 948 1452 983 καὶ
1477 948 1594 996 φλέγει
1610 949 1679 983 714
1695 952 1747 983 ch.
1768 953 1825 984 ubi
1842 961 1908 984 non
1929 953 1978 983 vi-

0 1001 48 1031 Ειν
65 998 146 1030 Ant.
167 995 200 1030 6.
229 996 429 1044 πλησθῆναί
451 1008 488 1030 τε
503 996 562 1030 καὶ
579 995 668 1030 ἑλεῖν
689 994 754 1028 122
770 998 821 1028 ch.
849 995 932 1030 παί-
967 998 1027 1029 deo
1051 997 1239 1038 oppositum
1266 1006 1342 1028 cum
1360 997 1570 1038 Hermanno,
1610 999 1668 1030 sed
1692 996 1827 1045 φλέγειν
1855 1007 1976 1031 consu-

0 1043 41 1083 ῖές
56 1055 93 1078 τε
105 1043 165 1079 καὶ
180 1043 367 1091 πληγέντες
387 1043 463 1076 171.
493 1042 618 1091 ἀργαῖς
642 1055 679 1077 τε
704 1043 762 1077 καὶ
778 1042 930 1089 νόμοισιν
965 1044 1076 1076 mendi
1093 1047 1123 1075 et
1139 1043 1288 1075 abolendi
1311 1049 1475 1085 potestate
1492 1046 1631 1078 arbitror
1647 1046 1772 1078 dietum
1790 1055 1862 1078 esse
1879 1043 1972 1090 [vbb.

0 1110 12 1123 .›
29 1094 88 1125 νῦν
105 1103 141 1125 τε
157 1091 215 1126 καὶ
231 1091 337 1125 πάλαι
356 1089 432 1124 181.
460 1086 563 1128 ἄνους
584 1102 620 1124 τε
644 1090 703 1125 καὶ
720 1089 828 1137 γέρων
846 1088 926 1124 281.
965 1101 1001 1124 τε
1026 1089 1083 1124 καὶ
1109 1088 1225 1135 φλέγει
1250 1091 1375 1123 delevit
1400 1092 1503 1123 Dind.
1533 1102 1560 1124 c.
1590 1090 1761 1137 Heathio}
1793 1091 1925 1127 κλειναί
1947 1087 1976 1126 τ’

0 1137 122 1186 ληφθῇ
140 1150 177 1172 τε
191 1138 251 1173 καὶ
269 1139 318 1185 μή
337 1136 417 1171 328.
446 1136 533 1184 αὐτή
551 1150 587 1172 τε
602 1137 651 1185 χὴ
671 1137 829 1182 ξύναιμος
846 1135 925 1171 488.
965 1135 1125 1183 Ἀθῆναι,
1151 1136 1210 1171 καὶ
1243 1137 1282 1171 τὸ
1307 1136 1493 1184 σύντροφον
1526 1138 1622 1185 γένος
1651 1137 1732 1172 861.
1768 1138 1918 1185 ποταμοί
1943 1134 1976 1174 θ’

0 1188 61 1220 ναῖς
75 1197 111 1219 τε
127 1185 186 1220 καὶ
202 1184 326 1220 ταύτοῦ
345 1183 424 1218 513.
453 1179 509 1219 ὑπ’
534 1185 667 1219 οἰωνῶν
689 1196 725 1218 τε
742 1185 801 1219 καὶ
817 1189 930 1218 κυνῶν
968 1183 1037 1219 οἵδε
1054 1184 1111 1218 καὶ
1127 1183 1170 1218 τὰ
1187 1181 1328 1231 Τρωικὰ
1352 1183 1450 1219 πεδία
1466 1185 1649 1231 προσαυδῶ
1667 1184 1746 1219 862.
1775 1187 1923 1234 μνήμων
1947 1184 1977 1220 τ’

0 1232 26 1272 [ς
46 1230 147 1266 1017.
166 1231 353 1270 κτανόντας
370 1244 405 1266 τε
421 1232 480 1266 καὶ
498 1230 664 1266 θανόντας
678 1229 767 1265 1263
778 1242 822 1263 m.
839 1230 929 1279 ἔχων
966 1229 1107 1279 Ἐρινύς,
1127 1230 1186 1265 καὶ
1202 1230 1299 1265 τελεσ
1327 1230 1404 1278 όρος
1423 1228 1510 1278 Δίκη
1527 1230 1626 1266 1390.
1646 1232 1743 1281 νίκην
1759 1246 1796 1268 τε
1812 1234 1872 1269 καὶ
1888 1233 1975 1281 κρά-

0 1278 260 1326 αὶκεκτημένος
275 1278 373 1313 1278.
405 1278 555 1326 δυστυχῆ
572 1291 609 1312 τε
625 1280 683 1313 καὶ
702 1278 806 1325 βαρύν
819 1280 875 1312 Tr.
894 1278 925 1311 5.
966 1291 1024 1317 τος
1049 1280 1100 1311 El.
1122 1276 1178 1311 85.
1216 1290 1303 1325 πατρ
1327 1292 1342 1317 ς
1366 1282 1427 1313 τοῦ
1452 1283 1512 1314 σοῦ
1535 1291 1571 1314 τε
1595 1279 1710 1325 κάμοῦ
1732 1279 1811 1315 418.
1850 1280 1975 1329 φίλοισί

0 1325 111 1372 ιύμους
125 1338 161 1360 τε
177 1326 246 1361 κάκ
265 1326 380 1372 δόμων
394 1324 451 1359 34.
478 1325 610 1373 χαίρειν
626 1338 662 1360 τε
678 1325 737 1360 καὶ
755 1323 931 1372 στέρεσθαι
966 1336 1002 1360 τε
1027 1325 1187 1366 ξυνοῦσαν
1212 1326 1270 1360 καὶ
1291 1325 1420 1360 τέκνων
1438 1326 1526 1361 ὅσων
1544 1326 1622 1373 ἐμοὶ
1646 1327 1784 1362 δύσνοια
1801 1329 1849 1375 μὴ
1869 1328 1976 1376 πρόσ-

0 1374 52 1407 eh.
75 1372 236 1421 ίσχύοντά
250 1384 287 1407 τε
304 1373 362 1407 καὶ
379 1372 491 1412 ζῶντα
507 1372 566 1407 καὶ
579 1370 840 1407 θάλλοντα235.
861 1373 931 1407 κεί-
968 1384 1053 1407 εστιν
1078 1371 1158 1406 653.
1187 1371 1328 1408 ἔκτοθεν
1346 1372 1429 1418 βοᾶν
1456 1373 1495 1408 ἔα
1510 1374 1553 1408 τά
1578 1373 1613 1409 θ’-
1634 1373 1742 1421 αὑτῆς
1765 1375 1824 1410 καὶ
1847 1374 1891 1410 τὰ
1906 1381 1974 1410 τῶν

0 1430 31 1457 Β
41 1420 101 1455 καὶ
114 1420 177 1466 σὴν
190 1420 291 1468 χάριν
299 1419 380 1454 485.
398 1419 582 1465 ἐπίσταμαί
596 1432 632 1454 τε
645 1420 704 1454 καὶ
719 1432 743 1467 φ
766 1420 839 1455 άσω
847 1418 926 1453 626.
968 1419 1076 1466 φίλων
1100 1420 1191 1454 κακά
1207 1418 1287 1453 803.
1325 1423 1443 1463 Inepte
1456 1423 1547 1454 enim
1563 1424 1768 1455 divideretur
1784 1425 1971 1456 sententia:

0 1466 52 1516 ’κη
68 1478 105 1502 τε
122 1467 182 1502 καὶ
196 1470 346 1513 νυμφεῖα
363 1465 443 1500 920.
472 1466 561 1514 ἔχειν
578 1479 614 1501 τε
630 1467 689 1502 καὶ
708 1468 751 1513 μέ
774 1467 844 1502 λειν
862 1465 930 1500 952
967 1470 1035 1500 sine
1063 1468 1179 1510 deflere
1211 1472 1241 1499 et
1271 1478 1332 1500 sua
1355 1473 1385 1500 et
1416 1479 1550 1501 suorum
1573 1472 1673 1502 mala.
1711 1469 1789 1516 πρὶν
1821 1469 1915 1517 ἡμᾶς
1947 1465 1975 1504 τ’

0 1514 124 1563 φράζει
145 1527 182 1548 τε
206 1513 408 1561 κάδήλωσεν
434 1516 489 1547 Ai.
511 1513 566 1548 31.
601 1513 709 1549 κλίνει
731 1526 768 1549 τε
791 1514 930 1562 κάνάγει
968 1513 1107 1549 ὀλέσθαι
1131 1513 1373 1561 κάξερημῶσαι
1398 1514 1494 1562 γένος
1514 1514 1614 1550 1010.
1642 1515 1679 1550 εὖ
1698 1512 1731 1551 θ’
1755 1517 1893 1560 ἱκάνεις,
1921 1518 1975 1566 χῶ

0 1554 10 1598 ῑ’
26 1564 140 1596 κακοῦ
164 1573 201 1596 τε
226 1561 286 1596 καὶ
312 1560 512 1608 βαρυψύχου
538 1559 617 1594 319.
637 1561 740 1609 κείνῳ
764 1574 801 1596 τε
824 1560 931 1608 κάμοί
967 1562 1098 1608 φράσας
1123 1560 1270 1607 ἀζήμιος
1291 1559 1391 1594 1102.
1428 1564 1477 1595 Ne
1495 1564 1549 1596 hic
1565 1565 1701 1605 quidem
1725 1571 1814 1597 recte
1831 1567 1971 1607 dividas,

0 1605 208 1656 ἑἙύμμαχόν
233 1620 270 1643 τε
286 1608 345 1643 καὶ
363 1607 461 1654 φίλον
481 1606 581 1642 1053.
612 1612 693 1647 παῖς
715 1620 752 1643 τε
768 1609 828 1644 καὶ
844 1608 929 1656 γυνή
967 1619 1107 1651 quorum
1124 1611 1266 1641 alterum
1289 1611 1385 1641 alteri
1403 1620 1612 1652 consequens
1637 1617 1708 1644 est:
1737 1617 1818 1645 recte
1842 1615 1973 1652 venisti,

0 1651 23 1690 ³.
51 1654 101 1690 aa,
122 1657 170 1690 ών
193 1668 230 1690 τε
253 1654 482 1693 κάκέλευστος
509 1653 610 1689 1284.
640 1655 791 1691 ἀσπίδων
818 1668 855 1690 τε
871 1657 931 1691 καὶ
967 1661 1004 1688 ut
1030 1659 1086 1699 qui
1111 1656 1282 1697 indicavit,
1308 1667 1376 1688 non
1395 1660 1587 1697 pecc-averit.
1617 1659 1718 1691 Plane
1742 1661 1790 1692 ita
1814 1662 1914 1705 μῖσος
1937 1670 1976 1693 τε

0 1698 66 1739 ι’τοῦ
90 1696 92 1701 ’
123 1705 145 1736 1.
166 1701 221 1736 36.
257 1702 349 1750 γήρᾳ
364 1713 401 1736 τε
421 1702 615 1764 καὶχρόνιρ
633 1701 798 1756 42.-οἷδά
820 1715 867 1760 τε,
872 1703 932 1738 καὶ
967 1702 1032 1784 γὰρ
1056 1701 1214 1757 παλαιὸν-
1224 1702 1385 1750 ἐντέτηκέ
1410 1715 1487 1760 μοι,
1515 1703 1618 1739 κάπεί
1644 1704 1671 1739 0⁷
1695 1705 1838 1763 &0213'023
1859 1705 1977 1741 οὔποτ’

0 1748 147 1832 ἓὲἳιίέῗ
163 1748 932 1844 {²5⁶2ss{⁵233‘ss23’3'3ffl1ff'20224222a12213
967 1750 1221 1833 θξῖήῗζῗεέαίὲ
1238 1749 1497 1844 ἒῗῗρέίρζέἷίἶ
1523 1750 1864 1848 ἷῗῖήῖιξῖυἱάᾇξο
1880 1753 1975 1835 ῗῗῖξζ

29 1842 156 1890 ἡδονάς
171 1855 209 1878 τε
220 1832 444 1879 κάνάπαυλαν
461 1842 542 1878 873.
564 1844 650 1891 ἐμοῦ
665 1856 702 1879 τε
717 1844 806 1879 κούκ
823 1844 930 1880 ἄλλου
966 1844 1072 1892 ἄγραν
1090 1846 1176 1878 Dan.
1200 1843 1265 1876 177
1290 1847 1320 1877 si
1344 1851 1434 1878 recte
1451 1847 1654 1889 interpretor
1671 1850 1873 1881 versiculum
1897 1858 1975 1881 sen-

0 1890 146 1925 moe&
163 1903 200 1925 τε
215 1892 274 1926 καὶ
291 1890 388 1925 σκιάν
407 1890 508 1924 1159.
530 1890 677 1926 θανόντα
692 1904 729 1926 τε
743 1891 803 1926 καὶ
821 1892 931 1932 ζῶντα
966 1895 1091 1925 tentiae
1109 1902 1201 1924 nexu
1219 1893 1311 1925 nullo
1328 1898 1545 1926 constantem.
1573 1892 1671 1932 λίπος
1695 1890 1724 1927 τ’
1741 1894 1845 1933 ἐλάας
1862 1896 1920 1930 καὶ
1937 1895 1976 1930 τὸ

0 1933 27 1971 fi.
51 1937 184 1976 τούτοις
207 1951 243 1973 τε
266 1939 326 1973 καὶ
345 1939 550 1986 σοφωτέροις
579 1937 678 1972 1370.
708 1939 790 1986 ὁρᾶν
811 1951 848 1973 τε
871 1940 930 1974 καὶ
947 1950 948 1983 3
967 1938 1213 1974 ποικιλώτατον
1232 1937 1374 1986 ὄργανον
1391 1941 1518 1980 Polyid.
1539 1938 1618 1982 464,
1641 1940 1674 1974 4.
1702 1942 1832 1990 γαστήρ
1856 1954 1893 1977 τε
1911 1942 1974 1990 γὰρ

0 1989 146 2032 ’ῃγορεῖν
175 1984 275 2019 1471.
311 1984 413 2023 ἄπαις
436 1998 472 2020 τε
489 1985 534 2019 κά
558 1985 651 2026 ύναιξ
675 1988 715 2019 fr.
737 1987 871 2019 Atham.
893 1985 924 2019 5.
946 1986 948 2023 ἓ
966 1990 1026 2021 σοῦ
1043 1986 1102 2020 καὶ
1118 1984 1244 2033 γνάθος
1261 1985 1398 2033 πλήρης
1414 1989 1479 2020 inc.
1501 1985 1582 2029 727,
1602 1986 1634 2020 2.
1671 1989 1735 2021 Sed
1752 1992 1904 2022 consulto
1921 1993 1975 2023 hie

0 2031 128 2080 ςςέτχάριν
152 2044 190 2066 τε
212 2032 275 2067 κού
303 2031 359 2078 βίᾳ
385 2034 485 2066 Aeth.
507 1998 564 2073 26,
587 2032 616 2066 1.
654 2030 787 2069 Κίλλαν
811 2045 847 2068 τε
872 2033 929 2068 καὶ
966 2045 1031 2067 non
1049 2035 1321 2066 enumeravimus
1339 2044 1378 2066 ea
1393 2037 1631 2076 particularum
1653 2046 1688 2069 τε
1755 2036 1815 2071 καί
1831 2039 1973 2070 coniun-

0 2080 60 2125 βην
79 2080 174 2122 Oapt.
195 2077 251 2113 38.
280 2078 303 2126 ἡ
324 2079 400 2125 σιγή
424 2091 461 2114 τε
476 2079 591 2114 καὶτὰ
607 2076 707 2127 παῦρ’
733 2080 800 2126 ἔπη
819 2084 925 2113 Acris.
966 2086 1093 2113 ctarum
1110 2082 1281 2122 exempla,
1314 2083 1349 2113 in
1368 2083 1491 2123 quibus
1508 2083 1543 2114 id
1560 2084 1650 2124 quod
1666 2082 1742 2117 καὶ
1821 2083 1894 2118 καί
1911 2094 1972 2118 ne-

0 2122 34 2164 ᾏτ.
61 2124 238 2160 ἀπώλεσέν
263 2139 299 2161 τε
314 2127 439 2165 καύτὸς
468 2125 661 2166 ἐξαπώλετο
677 2130 769 2169 Erig.
791 2126 870 2170 225,
891 2126 924 2160 2.
965 2130 1107 2161 cessario
1119 2129 1320 2174 significant,
1343 2134 1382 2161 ut
1395 2139 1471 2161 cum
1484 2131 1701 2171 oppositionis
1711 2133 1853 2172 quadam
1867 2133 1972 2173 figura

0 2169 8 2214 J
74 2184 112 2207 τε
135 2173 194 2208 καὶ
220 2172 280 2221 ράξ
306 2175 433 2215 Polyid.
454 2171 534 2215 464,
556 2173 589 2207 2.
618 2173 794 2213 άπαιῶνάς
818 2186 855 2209 τε
870 2174 929 2209 καὶ
964 2178 1018 2207 vel
1032 2176 1072 2207 de
1088 2175 1214 2207 duobus
1231 2175 1315 2207 idem
1331 2178 1385 2207 vel
1402 2176 1440 2207 de
1458 2177 1569 2208 eodem
1585 2178 1650 2209 duo
1665 2179 1907 2219 praedicentur.

0 2218 38 2266 ψ.
61 2218 158 2258 efflet<
175 2221 290 2261 Polyx.
312 2219 392 2263 469,
416 2220 445 2253 1.
475 2220 574 2256 ἀνθεῖ
588 2233 625 2255 τε
641 2221 699 2256 καὶ
723 2220 833 2269 φθίνει
858 2225 925 2254 inc.
1011 2220 1044 2255 4.
1076 2223 1204 2254 Porro
1228 2227 1527 2255 annectuntur
1552 2228 1794 2257 sententiae
1815 2231 1853 2258 et
1874 2237 1975 2267 par-

0 2262 55 2307 3'23.
83 2264 253 2314 Ἀρτακῆς
270 2279 306 2302 τε
323 2268 382 2302 καὶ
399 2266 588 2315 Περκώσιοι
602 2266 681 2301 776.
711 2270 797 2303 Sunt
812 2271 849 2302 in
861 2271 925 2311 his,
966 2274 1024 2302 tes
1065 2272 1384 2301 sententiarum
1418 2269 1677 2305 πολυσυνδέτως
1710 2275 1868 2306 iterato
1900 2272 1973 2307 καί

0 2309 46 2356 [ηε
61 2314 170 2349 καὶ...
184 2314 243 2349 καί
260 2325 326 2348 non
343 2317 428 2348 male
446 2318 640 2358 substituas,
661 2326 727 2349 non
744 2319 930 2349 necessario
965 2319 1032 2349 vel
1057 2327 1146 2348 cum
1169 2327 1213 2349 τε
1237 2319 1354 2348 varie
1379 2321 1625 2358 composito.
1654 2316 1739 2354 ὅπου
1763 2318 1795 2355 θ’
1813 2320 1830 2355 ὁ
1848 2319 1973 2368 χείρων

0 2363 49 2398 ζῑιι.
71 2374 112 2386 ὁ-
140 2362 154 2404 n
181 2363 246 2395 Sed
269 2364 400 2404 quando
424 2366 600 2395 sententiae
616 2365 669 2395 vel
686 2366 833 2396 membra
850 2374 927 2396 sen·
967 2363 1083 2408 μεῖζον
1102 2360 1212 2396 σθένει
1228 2361 1436 2410 κάποφθίνει
1450 2363 1492 2397 τοὶ
1509 2365 1643 2412 χρηστὰ
1657 2366 1711 2412 χώ
1730 2366 1838 2405 δειλὸς
1855 2363 1975 2413 κρατεῖ

0 2402 105 2452 §mum
122 2410 330 2451 colligantur,
347 2421 384 2443 τε
463 2409 521 2444 καί
538 2412 746 2452 interpositis
761 2413 929 2443 vocabulis
965 2411 1026 2443 Ph.
1047 2408 1127 2443 457.
1164 2410 1192 2444 ὦ
1219 2413 1285 2456 πῦρ
1311 2411 1349 2445 σὺ
1372 2410 1432 2445 καὶ
1457 2413 1523 2445 πᾶν
1548 2411 1651 2458 δεῖμα
1682 2414 1741 2448 καὶ
1766 2414 1973 2461 πανουργίας

0 2454 69 2497 μή
81 2457 206 2497 solent3
229 2466 292 2489 nec
307 2461 421 2489 tamen
435 2459 489 2489 vel
505 2459 590 2489 hanc
606 2460 753 2498 regulam
766 2463 928 2500 perpetuo
964 2457 1122 2505 τέχνημα
1145 2455 1224 2489 927.
1253 2457 1312 2491 καὶ
1335 2456 1428 2491 ταῦτ’
1451 2457 1576 2493 ἐπίστω
1599 2459 1659 2493 καὶ
1682 2461 1815 2508 γράφου
1842 2467 1972 2509 φρενῶν

0 2499 92 2539 itam
114 2505 311 2545 reperimus.
347 2506 398 2537 De
415 2505 595 2545 hyperbato
619 2507 678 2537 tali
695 2516 725 2537 v.
747 2506 866 2538 Elmsl.
889 2507 929 2538 ad
966 2503 1033 2539 ἔσω
1050 2501 1151 2537 1325.
1180 2503 1256 2551 πρὶν
1322 2503 1403 2551 μόλ,
1416 2517 1443 2547 ς,
1464 2505 1524 2539 καὶ
1539 2511 1608 2540 τῶν
1626 2507 1704 2553 παρ’
1720 2506 1806 2554 ἡμῖν
1823 2508 1972 2556 ἐντυχὼν

0 2549 78 2590 νῖῗ-’ῘΤ
102 2547 170 2583 340
198 2551 251 2582 ed.
273 2552 453 2583 Markland.
496 2550 569 2588 δῖος
600 2546 628 2584 τ’
661 2546 842 2590 Ὀδυσσεὺς
874 2553 928 2611 χώ
964 2549 1206 2598 Ἀσκληπιδῶν
1234 2551 1334 2586 νόσου
1359 2515 1558 2600 gugney-0533,
1585 2553 1644 2588 καὶ
1676 2554 1719 2589 τὰ
1751 2555 1970 2602 πέργαμα

0 2593 65 2642 μς
77 2595 208 2642 τούμοῦ
225 2597 351 2644 πατρός
368 2599 429 2630 Ph.
449 2595 528 2630 344.
556 2597 595 2632 τό
609 2597 638 2631 τ’
656 2592 758 2633 Ἴλιον
775 2599 834 2632 καὶ
849 2611 928 2637 τους
965 2599 1091 2645 πέρσας
1115 2598 1227 2646 φανῇς
1255 2597 1344 2632 1332
1368 2610 1439 2641 sqq.
1468 2602 1496 2634 ὦ
1521 2599 1647 2634 πλοῦτε
1671 2601 1730 2636 καὶ
1753 2602 1890 2648 τυραννὶ
1914 2603 1972 2637 καὶ

0 2638 95 2683 fita<
107 2643 254 2690 εἰσορῶν
272 2643 465 2691 φυλάξομαι
481 2642 561 2677 454.
590 2644 628 2679 τό
653 2640 681 2678 τ’
706 2645 762 2680 αἰσ
778 2646 846 2693 -ρὸν
864 2645 927 2694 ἔχ-
963 2645 1070 2693 τέχνη
1094 2646 1220 2693 τέχνης
1234 2647 1293 2678 OR
1310 2644 1388 2679 380.
1417 2645 1522 2681 ἄθλια
1545 2647 1603 2681 καὶ
1629 2647 1721 2683 δεινὰ
1747 2651 1807 2684 καὶ
1826 2649 1973 2697 δύστηνα

46 2689 158 2724 καὶτὸ
174 2691 323 2738 χρηστὸν
341 2690 477 2729 εὐκλεές
491 2689 570 2725 476.
599 2691 648 2738 μὴ
668 2702 751 2726 σαυτ
771 2706 789 2726 ν
806 2688 838 2727 θ’
855 2691 928 2739 ἅμα
965 2693 1144 2740 προύφάνη
1163 2691 1242 2737 790.
1270 2693 1324 2740 χώ
1343 2693 1405 2739 μὲν
1423 2694 1552 2734 νεάζων
1567 2694 1626 2728 καὶ
1648 2696 1762 2743 χρόνω
1790 2696 1892 2744 μείων
1915 2709 1973 2743 γε-

32 2759 71 2772 ...
90 2736 222 2775 κτείνας
237 2737 318 2786 γένῃ
337 2736 416 2770 772.
444 2737 539 2785 ἀφυᾷ
553 2737 581 2772 τ’
605 2737 686 2773 ὄντα
701 2740 765 2775 κού
783 2739 928 2774 θέλοντα
964 2741 1032 2787 γώς
1057 2741 1112 2773 Oc
1131 2738 1210 2773 374.
1240 2740 1278 2774 σὺ
1302 2740 1365 2786 γάρ
1392 2738 1426 2786 μ’
1458 2741 1494 2779 ὅς
1519 2741 1607 2787 εἰμι,
1635 2742 1716 2777 κάπ’
1740 2730 1819 2778 ότου
1845 2744 1972 2790 πατρὸς

61 2783 109 2821 εἰς
134 2782 212 2818 ὅσον
235 2784 280 2818 τά
303 2782 329 2818 τ’
357 2785 397 2819 ἐκ
421 2787 505 2822 νεὼς
533 2784 688 2819 στείλωσι
711 2790 842 2828 ναῦται,
869 2787 928 2821 καὶ
963 2787 1083 2834 γεγώς,
1109 2787 1170 2821 καὶ
1185 2791 1249 2834 γῆς
1267 2786 1386 2821 ὁποίας
1401 2786 1508 2833 ἠλθεν
1526 2789 1674 2835 εἰρηκὼς
1691 2795 1808 2837 κυρεῖς
1823 2789 1903 2824 572.
1926 2791 1974 2825 εἰς

0 2820 216 2879 ᾖεὺξώμεθα
231 2829 330 2864 1076.
351 2829 496 2879 Νύμφαι
511 2826 539 2865 τ’
558 2831 689 2879 ἔνυδροι
705 2832 927 2879 λειμωνιάδες
966 2834 1003 2867 σὲ
1019 2833 1112 2879 κάμὲ
1128 2833 1187 2869 καὶ
1202 2834 1241 2867 τὸ
1259 2836 1324 2867 πᾶν
1341 2833 1437 2880 γένος
1455 2833 1534 2868 754.
1555 2836 1679 2883 φόνους
1698 2849 1750 2872 σοι
1765 2838 1824 2873 καὶ
1840 2837 1972 2885 γάμους

0 2875 125 2921 Quo<
140 2876 248 2924 ἄρσην
264 2877 354 2911 1454
370 2890 424 2911 an.
452 2879 573 2925 γνώμη
590 2891 626 2912 τε
645 2879 753 2938 φίλων
795 2882 822 2915 ὠ
840 2893 928 2914 παν-
963 2881 1022 2915 καὶ
1047 2880 1222 2929 ξυμφορὰς
1238 2884 1299 2915 τοῦ
1318 2884 1378 2915 σοῦ
1407 2881 1529 2929 διῆκας
1554 2883 1721 2929 στόματος
1738 2883 1818 2918 962.
1845 2884 1903 2919 καί
1921 2896 1973 2919 σοι

0 2919 87 2970 {emp
112 2923 241 2970 δαίμων
274 2923 363 2958 1467
380 2937 434 2958 an.
472 2926 608 2963 στάντες
631 2939 652 2960 τ
682 2927 716 2965 ἐς
742 2928 781 2973 ὀρ
809 2928 844 2962 ὸν
869 2927 928 2962 καὶ
965 2927 1140 2962 θωπεῦσαι
1173 2927 1297 2969 καλόν,
1326 2927 1384 2962 καὶ
1415 2928 1475 2962 τὰς
1507 2925 1658 2975 Ἀθήνας
1694 2930 1794 2965 1004.
1823 2932 1882 2966 καὶ
1912 2933 1971 2967 τὸν

0 2964 92 3015 §tec
105 2968 241 3018 ὕστερον
266 2973 324 3005 OB
340 2971 396 3005 50.
426 2971 540 3018 σωτήρ
565 2967 594 3006 τ’
617 2971 724 3008 ἵκοιτο
740 2974 800 3009 καὶ
825 2974 926 3009 νόσου
965 2973 1130 3021 ἀγρευτάν
1146 2972 1308 3010 Ἀπόλλω
1324 2975 1383 3009 καὶ
1399 2976 1605 3023 κασιγνήταν
1625 2976 1711 3011 1091
1728 2981 1779 3012 oh.
1801 2977 1858 3023 ἀφ’
1874 2978 1892 3013 ὑ
1924 2984 1972 3013 ῶν

0 3015 5 3051 .’
83 3025 130 3052 ιος
159 3017 236 3052 150.
271 3017 295 3064 ἥ
323 3030 359 3052 τε
388 3018 570 3066 σύμμαχος
599 3017 663 3054 Δίκ
714 3021 772 3068 χοί
805 3021 927 3060 πάντες
964 3022 1022 3056 καὶ
1052 3020 1156 3056 ταῖνδ’
1188 3020 1354 3069 ἀδελφαῖν
1378 3023 1436 3057 καὶ
1462 3024 1589 3069 πατρὸς
1611 3029 1728 3071 κυρεῖν
1762 3025 1840 3071 ἐμοί
1867 3025 1883 3058 1
1912 3024 1970 3060 90.

60 3062 95 3096 ’4.
123 3063 188 3099 ἀνά
210 3060 238 3098 τ’
266 3064 371 3112 ἄντρα
392 3066 451 3100 καὶ
475 3067 600 3112 πέτρας
623 3033 759 3100 477611.
788 3067 867 3103 ἄνευ
890 3080 927 3102 τε
963 3067 1125 3115 κᾶθηκας
1149 3067 1272 3103 ἄπολιν
1289 3068 1347 3103 καὶ
1373 3069 1496 3108 στολὰς
1511 3071 1636 3109 ταύτας
1681 3084 1698 3106 ο
1723 3076 1772 3107 εῖν
1793 3071 1893 3106 1357.
1913 3073 1972 3108 καὶ

0 3099 81 3175 ἔρος
95 3109 259 3156 [πλούτου
274 3111 397 3158 Dind]
422 3113 481 3147 καὶ
499 3111 605 3160 φίλων
621 3114 801 3159 τυραννίδα
816 3114 926 3162 θηρᾶν
963 3115 1055 3149 ταῦτ’
1077 3115 1228 3154 ἀκούσας
1253 3119 1367 3163 στεῖχε
1396 3115 1505 3163 κάξάγ
1529 3117 1607 3151 ελλε
1634 3084 1734 3152 1395.
1764 3119 1801 3153 σὲ
1825 3120 1884 3155 καὶ
1907 3119 1972 3154 πό-

0 3154 220 3194 symmeno&
236 3157 264 3191 ‘t'
290 3159 328 3193 ἐκ
345 3159 443 3194 σέθεν
467 3160 526 3194 καὶ
542 3160 779 3207 κατεκοίμησα
801 3161 927 3207 τούμὸν
963 3161 1069 3207 λισμα
1084 3163 1143 3196 καὶ
1160 3161 1279 3209 φίλους
1305 3161 1439 3202 ἐπαξιοῖ
1457 3130 1546 3197 149ίὸ
1563 3166 1614 3197 ch.
1641 3164 1795 3201 ἄθαπτον
1811 3166 1871 3201 καὶ
1887 3167 1970 3213 πρὸς

4 3201 196 3254 412201).
224 3205 332 3251 κῆδός
355 3218 392 3240 τε
408 3207 523 3241 καινὸν
548 3207 606 3242 καὶ
631 3206 852 3246 ξυνασπιστὰς
869 3208 927 3256 φί-
964 3209 1095 3243 οἰωνῶν
1114 3206 1219 3254 δέμας
1231 3209 1290 3243 καὶ
1307 3210 1390 3255 πρὸς
1407 3217 1519 3245 κυνῶν
1539 3210 1672 3246 ἐδεστὸν
1686 3209 1868 3248 αἰκισθέντ’
1887 3213 1970 3248 ἰδεῖν

13 3271 42 3294 3
92 3249 170 3285 379.
200 3251 304 3300 σκεύη
319 3265 357 3287 τε
372 3253 435 3300 γὰρ
454 3253 495 3299 σὴ
521 3254 579 3288 καὶ
594 3254 632 3288 τὸ
657 3254 820 3301 δύστηνον
837 3257 927 3301 κάρα
963 3258 1044 3288 Ant.
1057 3254 1201 3289 205.καὶ
1216 3251 1307 3290 τοῦτ’
1325 3256 1429 3298 ἐνίκα,
1451 3257 1543 3304 κάμὲ
1559 3259 1616 3293 τὸν
1635 3258 1844 3305 δυσδαίμονα
1860 3260 1970 3299 πάλος

10 3296 419 3392 ξῗαὶὴῖῗχῖίξζαὸἓοὲἷ
448 3299 926 3390 ἒῖῗίὲοἷίὶςςιῖἷιετᾎοῗέΞῗ
961 3300 1398 3441 ἓῖῗέῳξξῖἷιίὲιῖἷὸἕὲῗα
1415 3303 1971 3401 ἒῖξὲἕζέἔὲσῗξσῗῖἷὲξᾝζῖ

68 3413 91 3432 ,
119 3393 252 3433 quibus«
268 3403 333 3425 non
350 3395 391 3426 de
408 3395 535 3427 duobus
554 3396 641 3427 idem
659 3397 791 3428 divisim
810 3398 868 3429 sed
884 3398 925 3429 de
984 3394 1054 3434 ίους
1065 3395 1151 3442 χοὰς
1169 3395 1282 3430 ἔδωκα
1296 3395 1374 3431 901.
1390 3397 1451 3431 καὶ
1464 3397 1505 3444 δὴ
1522 3398 1648 3445 βεβᾶσι,
1661 3401 1715 3446 χώ
1729 3399 1827 3447 λόγος
1841 3412 1970 3448 σημαι-
