2288 3600
233 131 331 179 316

232 247 284 278 Αἰ.
305 243 384 278 812.
416 246 524 288 Vulgo
551 245 781 289 θέλοντες,
811 253 849 280 ut
875 246 941 294 οὐχ
966 245 1067 294 ἔδρας
1090 246 1187 294 ἀκμή
1213 250 1247 280 in

231 294 424 335 parenthesi
443 295 523 335 sint,
544 295 667 327 deinde
686 294 723 333 ὃς
742 294 889 329 σπεύδει.
913 296 1103 337 Scripturae
1121 296 1247 328 discre-

230 342 346 382 pantia
363 345 398 373 et
415 351 536 374 sensus
554 351 592 374 eo
609 343 713 382 ducit,
735 344 823 384 quod
836 344 1002 383 dedimus,
1023 344 1110 384 quod
1129 346 1248 389 σγῆμα

232 392 283 420 est
307 387 396 422 κατὰ
432 388 471 422 τὸ
506 388 769 435 σημαινόμενον.
814 391 898 422 Nam
929 388 994 437 οὐχ
1021 388 1121 436 ἕδρας
1150 383 1247 436 οἷκμή

230 436 356 467 dictum
379 437 475 477 quasi
497 434 561 484 οὐχ
582 435 735 482 ἱδρυτέον
753 439 914 479 scriptum
928 442 1018 470 esset
1031 435 1125 481 [secl.
1144 438 1244 470 Dind.

234 501 287 514 --.
300 483 415 515 Herm.
438 477 574 524 scripsit
591 494 621 516 σ.
642 481 801 522 θέλοντες
819 482 912 530 ἄνδρ’
930 483 966 522 ὃς
985 478 1164 518 ἐκσπεύδει
1180 482 1245 529 θ.].

234 548 275 554 -
289 531 390 563 τοῦτο
413 528 477 576 γὰρ
502 528 596 571 λέξαι
614 529 728 565 θέλεις
749 532 800 564 ΕΙ.
822 529 903 565 408.
925 532 939 574 ΙΙ
957 534 1026 564 Iam
1050 533 1250 573 explicanda

228 579 412 617 proprietas
429 581 585 610 sermonis
600 580 637 610 in
649 579 709 611 hoc
723 581 833 612 verbo.
863 591 891 611 a.
914 578 951 612 εἰ
967 576 1068 613 θέλε
1079 591 1114 616 ις
1131 581 1158 611 si
1173 580 1248 619 pla-

232 628 293 663 cet,
321 624 380 656 Ph.
403 622 482 658 730.
506 626 559 657 El.
582 623 662 658 585.
684 627 742 659 ΟΒ
759 624 839 658 343.
863 644 903 649 —-
923 628 955 658 b.
978 625 1035 671 μή
1055 631 1089 658 et
1107 625 1153 659 ού
1173 624 1249 660 θέ-

231 669 322 704 λειν
339 672 438 712 nolle,
467 674 623 714 inprimis
641 675 803 715 oppositis
829 671 977 707 θέλειν
1005 685 1030 706 s.
1053 672 1165 707 ἑκὼν
1185 671 1250 706 εἷ-

230 729 315 751 vat:
342 722 377 750 et
394 729 527 752 rursum
546 717 658 754 θέλειν
677 723 827 762 opposito
845 718 952 754 ἄκων.
981 718 1025 765 ἢν
1051 719 1089 754 σὺ
1118 721 1166 765 μὴ
1187 718 1249 754 θέ-

231 764 295 813 λῃς
312 767 394 798 Ant.
416 763 472 798 45.
501 764 565 801 κᾶν
585 766 634 811 μὴ
653 765 760 815 θέλῃς
778 769 831 800 Ai.
857 765 957 800 1068.
977 770 1079 801 τοῦτο
1098 767 1159 813 μὲν
1179 761 1250 801 οὐδ’

230 810 274 856 ἢν
306 810 392 860 θέλῃ
419 814 479 845 Ph.
502 812 571 847 982
603 816 730 847 etiamsi
751 817 875 856 cupiat.
914 813 973 848 ἐάν
998 813 1027 847 τ’
1058 811 1249 861 Ἀγιλλέως

232 862 326 901 παῖς,
351 859 411 894 ἐάν
427 872 464 894 τε
483 861 531 906 μὴ
552 859 615 895 θέλ
661 859 750 895 1298
767 864 834 894 sive
850 863 927 894 vetit
944 864 1010 894 sive
1027 857 1125 894 nolit:
1152 861 1181 895 εἰ
1199 862 1248 908 μὴ

232 905 330 942 θέλοι
353 905 391 948 δ’,
421 906 551 942 ἄκοντα
568 907 629 953 (λα
654 908 718 952 ών)
744 910 804 941 ΡΙι.
827 907 906 941 618.
937 907 1066 955 ἐξάγειν
1083 907 1248 950 ἄκουσαν,

232 953 262 988 εἰ
287 952 438 989 θέλουσα
465 955 513 1002 μὴ
541 955 742 1001 πορεύσεται
767 957 823 989 OC
840 953 921 989 827.
944 975 985 980 —
1011 967 1039 989 c.
1061 956 1079 991 ὁ
1108 955 1249 991 θέλων

233 1006 285 1034 est
309 1004 454 1044 quisquis
477 1005 568 1044 vult,
605 1004 747 1045 quilibet.
776 1002 867 1049 κάρα
890 1002 1025 1048 τέμνειν
1050 1003 1167 1049 ἐφεῖτο
1196 1003 1244 1049 τῷ

232 1047 369 1084 θέλοντι
392 1050 453 1082 Ph.
474 1047 554 1083 619.
590 1053 709 1085 πατεῖν
734 1054 880 1098 παρεῖχε
904 1050 955 1095 τῷ
973 1049 1110 1085 θέλοντι
1132 1050 1251 1085 ναυτί-

232 1095 303 1131 λων
321 1097 375 1129 Ai.
391 1094 492 1129 1146.
514 1098 678 1130 Memorat
689 1099 792 1131 schol.
810 1100 946 1131 Hesiod.
970 1099 1094 1139 Theog.
1116 1109 1149 1140 p.
1166 1096 1246 1131 252.

235 1145 356 1176 Heins.
378 1143 424 1181 ὡς
441 1146 514 1182 τοῖς
532 1142 672 1179 θέλουσι
694 1149 762 1179 τῶν
781 1144 891 1191 φίλων
912 1144 1024 1190 μαίνει
1041 1144 1146 1185 ξυνών
1166 1147 1247 1177 Ant.

234 1189 314 1224 765.
336 1203 367 1223 v.
390 1190 567 1236 μαίνομαι.
591 1211 631 1216 --
652 1194 684 1225 d.
707 1191 851 1227 θέλων
878 1194 951 1225 sine
969 1195 1108 1225 articulo
1127 1198 1179 1225 est
1197 1195 1252 1225 lu-

234 1239 308 1271 bens
326 1249 352 1271 s.
374 1241 499 1272 volens.
537 1239 583 1277 ὡς
610 1238 745 1274 θέλοντι
769 1238 859 1274 τοῦτ’
889 1238 968 1284 ἐμοὶ
993 1239 1069 1274 τότε
1095 1239 1192 1274 πόλις
1213 1240 1252 1273 τὸ

233 1284 342 1332 δῶρον
366 1285 555 1332 κατήνυσεν
574 1287 630 1319 OC
648 1285 728 1320 431.
752 1286 815 1321 οὐκ
839 1285 965 1333 ἤθελες
983 1286 1120 1321 θέλοντι
1145 1298 1253 1333 προσ-

232 1331 357 1368 θέσθαι
408 1332 482 1380 άριν
509 1331 588 1366 767.
626 1335 715 1367 Hinc
737 1332 874 1369 θέλοντι
899 1334 1006 1380 κάμοὶ
1028 1334 1119 1369 τοῦτ’
1145 1333 1184 1368 ἂν
1210 1334 1252 1380 ἦν

233 1380 292 1412 OR
310 1378 376 1414 135
425 1385 478 1413 est
501 1383 602 1413 etiam
631 1392 684 1414 me
706 1383 836 1414 lubente
861 1384 907 1414 sic
932 1383 1039 1424 fieret,
1069 1393 1127 1423 090
1153 1384 1253 1414 etiam

232 1438 382 1470 cuperem
406 1430 448 1460 cf.
471 1430 588 1461 Valck.
617 1430 658 1461 ad
682 1431 761 1462 Her.
783 1427 816 1471 8,
842 1427 918 1462 101.
949 1431 1029 1462 Lob.
1059 1431 1100 1462 ad
1123 1431 1248 1470 Phryn.

231 1486 266 1518 p.
287 1474 320 1509 5.
366 1476 450 1509 Inde
477 1473 616 1510 θέλων
642 1486 885 1518 nonnunquam
914 1482 1002 1510 recte
1019 1478 1253 1518 interpreteris

230 1527 346 1564 sponte
368 1523 509 1564 faciens.
547 1524 718 1582 συγχώρει
742 1521 855 1557 θέλων
882 1525 942 1556 Ph.
968 1522 1067 1557 1343.
1105 1522 1248 1571 κρύψον,

231 1567 384 1616 θελήσας
401 1568 486 1605 ἄστυ
503 1569 562 1604 ’καὶ
580 1569 709 1615 δομους
730 1569 849 1614 μολεῖν
868 1572 923 1604 OG
934 1570 1002 1604 757
1020 1576 1133 1612 sponte
1150 1572 1253 1603 redum

231 1617 354 1658 factus.
383 1614 496 1653 θέλων
515 1616 706 1664 ἐγκλίνεται
724 1619 863 1651 Phaedr.
885 1621 926 1651 fr.
949 1616 1029 1659 607,
1051 1616 1084 1651 5.
1104 1617 1253 1660 (Iupiter

232 1664 365 1708 amori).
394 1683 436 1689 -
464 1675 494 1698 e.
524 1664 603 1699 ὅταν
626 1677 677 1703 τις
705 1665 739 1703 ἐς
763 1664 867 1700 πλέον
891 1664 978 1714 πέσῃ
1003 1669 1064 1700 τοῦ
1089 1659 1271 1703 θέλοντοςῗ

231 1712 287 1745 OC
307 1709 398 1745 1220
415 1713 467 1746 ch.
498 1712 613 1745 incidit
639 1715 674 1745 in
698 1714 748 1754 id,
781 1713 866 1755 quod
884 1715 919 1745 in
935 1713 1094 1754 cupiendo
1111 1715 1253 1745 nimium

232 1763 291 1800 est,
327 1761 350 1792 i.
375 1770 406 1792 e.
444 1762 479 1792 in
511 1760 671 1801 cupiendo
695 1761 831 1792 modum
854 1761 988 1793 excedit.
1027 1762 1068 1792 cf.
1099 1762 1189 1792 Reis.
1220 1765 1253 1792 et

233 1807 378 1847 Elmsl.,
414 1808 509 1839 illum
537 1810 639 1840 etiam
674 1809 709 1840 in
740 1808 973 1841 Coniectaneis
998 1819 1031 1849 p.
1057 1805 1134 1840 143.
1158 1826 1198 1831 -
1224 1810 1248 1839 f.

233 1859 451 1896 opponuntur
476 1852 628 1893 θελ’σας
661 1859 695 1887 et
729 1854 916 1902 φρονήσας.
963 1852 1068 1889 πιθοῦ
1101 1852 1253 1898 θελήσας

234 1899 409 1947 φρονήσας
431 1899 461 1934 τ’
486 1899 552 1936 ἄνα
587 1903 645 1935 OR
662 1899 730 1935 649
753 1904 1003 1944 pereleganter:
1034 1903 1200 1943 obsequere
1224 1906 1254 1933 et

235 1949 348 1981 lubens
365 1951 478 1981 animo
495 1953 526 1980 et
550 1959 583 1981 re
599 1951 679 1981 satis
705 1951 901 1990 introspecta
924 1951 1053 1982 consilii
1070 1953 1186 1981 certus.
1210 1968 1251 1973 —

235 2006 267 2037 g.
289 1997 340 2028 De
358 2000 525 2028 structura
542 1998 636 2029 verbi
653 1998 719 2028 iam
738 1998 911 2037 tetigimus
930 1994 1067 2031 θέλοντι
1091 1995 1169 2041 ἐμοὶ
1195 1994 1250 2042 ἦν,

236 2043 326 2084 quod
349 2044 507 2075 usitatius
532 2044 656 2076 dicitur
682 2041 884 2090 βουλομένῳ
907 2055 973 2077 τινι
998 2043 1097 2077 εἶναι.
1132 2046 1171 2076 ln
1190 2046 1254 2076 cir-

237 2091 481 2123 cumlocutione
508 2101 583 2123 cum
610 2089 681 2135 εἰμί
706 2093 942 2132 coniungitur:
976 2089 1016 2124 ἂν
1042 2085 1065 2138 ᾖ
1090 2088 1253 2131 θέλουσα,

238 2136 335 2171 πάντ’
354 2136 439 2183 ἐμοῦ
457 2136 636 2182 κομίζεται
652 2137 710 2170 OR
724 2135 805 2171 580.
833 2139 1005 2171 Postremo
1022 2148 1098 2170 cum
1117 2139 1258 2170 coniun-

238 2186 326 2217 ctivo
360 2186 595 2226 coniungitur,
632 2189 670 2217 ut
702 2182 906 2230 βούλεσθαιι
941 2183 1055 2223 θέλεις
1089 2183 1257 2230 μείνωμεν

240 2230 344 2265 αὐτοῦ
361 2230 632 2278 κάνακούσωμεν
650 2231 758 2279 γόων;
781 2233 835 2264 ΕΙ.
848 2230 905 2265 80.
934 2231 966 2266 τί
984 2243 1036 2266 σοι
1053 2230 1165 2270 θέλεις
1183 2226 1258 2277 δῆτ’

239 2277 391 2320 εἰκάθως
420 2280 478 2312 OR
495 2277 575 2312 651.
613 2280 664 2312 Cf.
686 2280 805 2312 Matth.
828 2280 885 2312 Gr.
916 2279 938 2324 5
956 2277 1036 2320 516,
1059 2277 1091 2312 3.
1121 2281 1252 2320 Pflugk.

239 2327 280 2359 ad
310 2327 392 2359 Eur.
421 2327 499 2359 Hel.
529 2324 628 2359 1427.
674 2328 891 2359 Recentiores
915 2328 1096 2360 indicativo
1119 2328 1193 2367 usi,
1221 2338 1254 2358 v.

241 2375 321 2406 Lob.
342 2374 383 2406 ad
400 2374 524 2413 Phryn.
546 2385 579 2416 p.
601 2371 680 2406 734.
1002 2373 1034 2418 (Ι
1051 2385 1085 2416 p.
1103 2371 1183 2415 789,
1204 2372 1259 2418 2.)

311 2465 448 2513 Θέμις
473 2467 487 2509 ΙΙ
512 2468 584 2501 Dea
601 2470 751 2500 antistita
776 2470 857 2500 iuris
882 2469 999 2500 divini.
1035 2465 1073 2501 οὐ
1098 2466 1159 2501 τὰν
1179 2464 1258 2505 Διὸς

239 2513 416 2561 ἀστραπὰν
440 2514 500 2548 καὶ
523 2513 584 2548 τάν
603 2513 762 2560 οὐρανίαν
788 2512 894 2560 Θέμιν
912 2516 963 2547 ΕΙ.
989 2512 1078 2548 1064
1096 2515 1146 2547 ch.
1176 2512 1258 2549 Θέ-

242 2573 314 2607 μις
340 2560 444 2608 δηλοῖ
466 2561 505 2596 τὸ
531 2560 661 2608 πρέπον
686 2561 746 2596 καὶ
768 2561 833 2606 τὴν
859 2560 1061 2606 σωματικὴν
1086 2560 1168 2596 θεάν
1193 2562 1258 2594 ΕΜ

241 2620 273 2650 p.
295 2607 376 2649 445,
401 2607 459 2642 13:
490 2610 574 2642 hanc
598 2611 878 2650 significationem
902 2611 1005 2642 ceteri
1031 2610 1260 2650 lexicographi

242 2667 306 2689 non
325 2658 466 2697 tetigere
479 2682 486 2696 ,
513 2655 552 2690 τὸ
569 2655 711 2702 πρέπον,
739 2654 888 2697 δίκαιον,
919 2654 1012 2696 ἄξιον
1030 2658 1255 2698 interpretati.

240 2702 251 2747 Η
268 2705 487 2746 impersonali
513 2714 578 2736 usu
602 2701 732 2748 θέμις
759 2701 852 2737 ἐστί
876 2705 1022 2736 maxime
1047 2714 1123 2735 cum
1148 2704 1260 2735 dativo

241 2761 403 2792 personae
420 2752 588 2791 significat
612 2753 640 2782 si
660 2761 720 2791 per
737 2751 791 2790 fas
808 2752 893 2782 licet.
922 2749 954 2784 εἴ
981 2761 1039 2796 μοι
1056 2749 1167 2794 θέμις,
1198 2748 1260 2783 θέ-

241 2792 390 2845 λοιμ’·ᾄν
410 2798 469 2830 Ph.
490 2795 570 2830 661.
600 2797 647 2835 ὡς
665 2795 704 2831 οὐ
722 2795 823 2854 θέμις
847 2792 872 2843 γ’
894 2795 1036 2842 ἐμοῦστι
1053 2799 1115 2831 σοῦ
1140 2794 1259 2843 μολεῖν

243 2843 323 2891 ἄτερ
348 2843 430 2879 812.
458 2842 491 2878 εἴ
509 2855 568 2890 μοι
585 2841 687 2888 θέμις
713 2839 738 2891 γ’
758 2856 801 2889 ην
820 2844 875 2878 OC
894 2842 974 2877 644.
1004 2845 1092 2877 Male
1109 2845 1256 2877 Brunek.

241 2894 372 2924 utinum
396 2893 648 2933 interpretatur.
685 2891 715 2925 εἰ
746 2888 845 2937 θέμις
875 2890 945 2926 ἐστί
975 2903 1032 2936 μοι
1056 2890 1117 2925 τάν
1143 2891 1258 2938 ἀφανῆ

244 2936 322 2974 θεὸν
356 2937 498 2984 σεβίζειν
534 2936 624 2972 1556
650 2938 703 2972 ch.
740 2937 855 2973 οὐκέτι
885 2949 944 2984 μοι
972 2936 1049 2972 τόδε
1077 2936 1259 2984 λαμπάδος

245 2985 332 3030 ἱερὸν
351 2984 449 3031 ὄμμα
466 2982 566 3030 θέμις
585 2985 668 3031 ὁρᾶν
684 2983 829 3031 ταλαίνᾳ
845 2987 927 3018 Ant.
942 2983 1012 3018 880
1020 2986 1073 3018 ch.
1094 2988 1141 3018 sic
1155 2987 1255 3018 Tricl.

242 3030 386 3066 τάλαινα
406 3034 464 3065 LA
481 3043 531 3075 pr.
554 3031 586 3066 εἴ
611 3043 668 3078 μοι
694 3030 795 3078 θέμις
816 3031 890 3066 τάδ’
918 3031 1024 3067 αὐδᾶν
1043 3033 1095 3065 ΕΙ.
1121 3030 1186 3065 127
1204 3034 1256 3065 ch.

244 3078 282 3113 οὐ
309 3079 372 3125 γάρ
399 3090 452 3114 σοι
476 3076 578 3124 θέμις
594 3077 674 3112 432.
698 3077 784 3114 οἷσιν
810 3078 849 3114 οὐ
875 3078 976 3125 θέμις
994 3076 1063 3112 493
1081 3080 1132 3112 ch.
1154 3077 1184 3113 εί
1201 3091 1260 3125 μοι

245 3125 344 3171 θέμις
376 3129 417 3159 fr.
445 3128 510 3159 inc.
541 3124 628 3165 678,
661 3124 714 3159 14.
759 3128 828 3160 Nec
853 3129 967 3159 minus
997 3137 1097 3168 saepe
1126 3128 1259 3159 dativus

244 3175 420 3206 omittitur.
450 3174 497 3211 ὡς
516 3172 555 3207 ού
573 3171 674 3218 θέμις
691 3172 838 3220 γίγνοιτο
850 3202 857 3215 ,
885 3173 930 3208 τὰ
948 3173 991 3208 πέ
1013 3172 1093 3218 γαμ’
1111 3171 1216 3207 ἄλλον
1233 3171 1256 3217 ἢ

243 3218 287 3265 ’μ’
305 3218 395 3253 ἑλεῖν
418 3221 480 3252 Ph.
502 3218 583 3254 346.
612 3219 682 3254 ἔστι
705 3219 806 3266 θέμις
824 3218 904 3254 662.
933 3220 963 3255 εἰ
1013 3221 1089 3266 έμις
1114 3222 1168 3253 Tr.
1190 3218 1259 3253 809

245 3269 422 3299 subiuncto
440 3264 540 3312 θέμις
565 3266 603 3301 δέ
624 3266 731 3312 (ἐστι)
746 3273 785 3301 ut
802 3270 868 3301 inc.
890 3266 971 3309 678,
995 3266 1037 3301 14
1063 3266 1095 3301 εἴ
1122 3279 1180 3312 μοι
1197 3266 1260 3302 θέ-

246 3325 322 3357 μις,
349 3312 451 3359 θέμις
477 3313 515 3348 δὲ
538 3312 678 3361 τάληθῆ
704 3313 827 3361 λέγειν.
863 3313 885 3349 ἃ
910 3314 959 3360 μὴ
986 3314 1087 3360 θέμις
1108 3313 1260 3349 λεύσσειν

245 3358 396 3395 δικαιοῦν
419 3362 474 3394 ΟΟ
496 3359 596 3394 1641.
629 3360 670 3396 θέ
700 3373 727 3400 ις
747 3361 784 3396 δὲ
801 3367 875 3400 πῶς
899 3360 972 3396 τάδ’
995 3361 1083 3403 ἐστί,
1109 3359 1209 3395 1729.
1231 3360 1261 3395 εἰ

246 3405 345 3453 θέμις
363 3407 471 3443 εἰπεῖν
490 3409 570 3441 Ant..
594 3374 755 3444 12552n.
776 3408 816 3446 οὐ
839 3407 939 3456 θέμις
956 3407 1083 3456 μαθεῖν
1101 3410 1156 3443 ΕΙ.
1178 3406 1257 3442 565.

1006 129 1145 195 Θέμις
1159 126 1233 167 ³—-
1265 130 1532 198 Θεοπρόπος

1985 142 2017 190 [1
2033 154 2067 186 p.
2085 141 2288 178 788-790.

1286 246 1325 282 οὐ
1343 247 1407 294 γὰρ
1424 245 1523 294 θέμις
1541 248 1603 294 ζῆν
1622 248 1713 295 πλὴν
1732 248 1828 288 θεοῖς
1845 248 1925 284 ἄνευ
1943 255 2062 285 κακῶν
2076 252 2115 283 fr.
2133 251 2199 283 inc.
2214 248 2283 284 683

1287 297 1375 328 Num
1394 294 1524 341 θέμις
1542 298 1591 329 sic
1607 298 1734 330 dictum
1754 299 1925 337 flectatur,
1954 308 1995 330 an
2019 299 2056 330 in
2073 298 2288 331 locutionibus

1286 344 1455 376 infinitivo
1490 345 1739 386 comprehensis
1771 345 1980 377 immutabile
2012 346 2072 386 sit,
2109 346 2288 386 quaesituri

1287 392 1470 423 nonnullis.
1516 393 1557 423 V.
1583 392 1750 424 Schaefer.
1783 392 1823 424 ad
1854 392 1962 432 Apoll.
1994 392 2099 425 Rhod.
2131 392 2234 425 schol.
2262 389 2285 424 2

1286 448 1318 479 p.
1340 435 1421 470 407.
1461 439 1588 470 Buttm.
1619 439 1676 471 Gr.
1703 437 1732 470 1.
1760 449 1794 479 p.
1814 435 1895 471 252.
1941 439 2066 480 Reisig.
2094 443 2164 472 not.
2189 449 2234 472 cr.
2260 450 2288 472 a(

1286 485 1340 517 OC·
1358 482 1446 517 1185
1464 489 1499 517 et
1517 486 1633 517 Herm.
1654 487 1694 518 ad
1715 483 1814 518 1191.
1844 486 1889 517 Et
1907 487 2036 519 Buttm.
2056 487 2192 528 quidem
2211 487 2288 519 nect

1286 535 1394 572 negat,
1417 533 1481 564 alio
1498 534 1639 574 insuper
1656 534 1726 566 loco
1743 534 1892 565 Platonis
1910 543 1992 566 usus
2010 534 2109 574 Gorg.
2124 530 2192 566 505
2205 533 2242 574 C,
2264 535 2288 566 ir

1286 589 1350 620 quo
1368 580 1445 611 libri
1464 589 1528 611 non
1547 581 1651 620 magis
1669 591 1769 622 quam
1787 591 1839 622 ap.
1858 581 1958 622 Soph.
1980 582 2121 614 variant.
2142 582 2192 612 lbi
2210 582 2288 613 enin

1285 627 1409 666 legitur
1426 628 1461 658 in
1479 628 1573 659 libris
1591 627 1679 660 ὥστε
1704 627 1791 673 μήτε
1810 625 1943 672 δρῶντά
1961 638 1996 661 σε
2012 625 2055 660 τὰ
2071 632 2139 661 τῶν
2156 626 2288 661 adnot<

1287 671 1573 718 δυσσεβεστάτων,
1602 673 1720 719 πάτερ,
1750 672 1850 719 θέμις
1868 674 1906 708 σέ
1922 673 1952 721 γ’
1972 673 2059 709 εἶναι
2074 677 2189 708 κεῖνον
2206 672 2288 708 ἀντι-

1287 719 1369 766 δρᾶν
1386 724 1517 758 κακῶς.
1555 723 1630 754 Sola
1647 723 1698 754 ed.
1722 723 1830 754 Colin.
1860 723 1940 754 alias
1959 721 2129 755 cum'Ald.
2157 732 2288 762 congru-

1286 778 1346 800 ens
1375 767 1503 813 θέμιν
1534 770 1684 801 cxhibet.
1723 770 1943 802 Scribendum
1978 771 2044 801 fuit
2078 766 2209 814 μηδέ,
2244 780 2285 802 au

1287 817 1399 856 potius
1433 814 1490 860 μή
1522 827 1564 861 γε
1598 827 1673 848 cum
1693 817 1807 848 Herm.
1826 817 1993 857 Reisigius
2013 814 2186 850 κακίστων
2219 815 2288 850 δυσ-

1288 860 1458 907 σεβέστατ’
1486 860 1525 896 ἂν
1604 862 1703 908 θέμις
1717 863 1754 897 σέ
1771 861 1799 908 γ’
1824 861 1878 909 εἴη
1895 864 2117 896 audacissime
2134 865 2285 904 refingen

1286 911 1406 942 locuni.
1444 911 1591 943 Vauvill.
1622 912 1728 952 Toup.
1757 912 1903 943 Brunck.
1924 916 1958 943 et
1982 911 2098 943 Herm.
2125 911 2204 943 olim
2230 912 2288 952 ips«

1289 956 1325 990 σέ
1343 955 1371 1003 γ’
1388 955 1486 997 εἶναι,
1508 958 1594 998 quod
1612 962 1640 989 te
1657 960 1775 990 attinet
1789 959 1977 998 significare
1994 962 2168 999 putarunt.
2207 959 2284 990 Nun

1287 1006 1360 1036 iure
1376 1005 1490 1036 Herm.
1514 1006 1548 1036 in
1563 1006 1762 1037 Buttmanni
1780 1007 1983 1038 sententiam
1999 1006 2173 1046 concessit,
2194 1009 2286 1038 motu

1289 1053 1433 1084 maxime
1452 1053 1539 1084 Xen.
1562 1053 1671 1085 Oecon
1689 1050 1723 1091 2,
1748 1050 1802 1093 11,
1824 1062 1925 1094 quem
1943 1053 2051 1085 locum
2069 1062 2227 1095 perverse
2244 1062 2288 1084 ex

1288 1100 1409 1140 plicuit
1419 1100 1559 1139 Reisig,
1581 1104 1615 1131 et
1624 1100 1746 1132 Aesch.
1765 1101 1882 1140 Suppl.
1896 1097 1978 1132 340.
2000 1101 2148 1140 Dawes„
2165 1100 2286 1132 Heath.

1288 1147 1377 1178 Pors.
1408 1157 1484 1188 app.
1516 1148 1557 1178 ad
1583 1147 1689 1189 Toup.
1718 1158 1751 1189 p.
1775 1144 1854 1179 345.
1891 1144 1991 1191 θέμιν
2016 1147 2199 1188 legendum
2223 1157 2283 1179 cen

1289 1204 1399 1233 suere,
1427 1195 1516 1234 quod
1535 1199 1709 1236 receptum
1726 1196 1767 1226 ab
1785 1195 1905 1226 Elmsl.
1921 1219 1928 1234 ,
1958 1195 2016 1226 sed
2033 1195 2160 1236 pingue
2177 1195 2288 1235 aliqui<

1290 1246 1323 1273 et
1341 1242 1515 1273 barbarum
1535 1245 1642 1273 sonat.
1682 1242 1751 1273 Nec
1767 1243 1916 1283 profecto
1934 1251 2082 1283 unquam
2102 1239 2201 1286 θέμιν
2220 1239 2288 1275 εἷνα

1289 1290 1324 1320 in
1343 1289 1440 1320 bonis
1465 1290 1624 1320 bonorum
1651 1290 1850 1330 scriptorum
1870 1289 1961 1321 codd.
1983 1289 2124 1330 reperiri
2148 1299 2288 1329 auguror

1305 1336 1319 1377 ΙΙ
1338 1336 1444 1367 Semel
1461 1346 1512 1377 ap.
1537 1337 1636 1378 Soph.
1659 1338 1781 1368 iustum
1799 1340 1828 1368 et
1845 1337 1899 1376 fus
1916 1337 2082 1376 significat
2099 1345 2165 1368 non
2179 1336 2288 1368 dictun

1290 1384 1505 1424 impersonali
1524 1384 1631 1416 modo..
1662 1381 1736 1416 ἐπεί
1758 1394 1817 1426 μοι
1840 1383 1904 1429 τὴν
1930 1380 2030 1428 θέμιν
2056 1381 2096 1416 σὺ
2115 1380 2288 1429 προύβαλε

1290 1431 1346 1462 Tr.
1367 1428 1447 1462 810.
1473 1449 1514 1454 —-
1533 1429 1547 1471 ΙΙ
1571 1432 1608 1462 Ιιι
1628 1431 1682 1463 OC
1706 1428 1790 1462 1131
1812 1431 1909 1462 multi
1933 1434 1967 1462 et
1990 1431 2069 1463 boni
2088 1431 2179 1463 codd.
2201 1429 2225 1475 ἤ
2244 1428 2286 1464 θέ

1290 1488 1366 1522 μις,
1406 1478 1461 1508 LA
1490 1474 1513 1521 ἢ
1543 1474 1658 1522 θέμις,
1696 1479 1786 1509 unde
1814 1479 1931 1510 Elmsl.
1969 1471 1990 1524 ᾗ
2028 1474 2128 1522 θέμις
2162 1478 2288 1520 recepit

1290 1526 1413 1556 firmari
1442 1536 1459 1556 a
1482 1525 1599 1557 Photio
1627 1526 1825 1565 arbitratus,
1856 1526 1914 1566 qui
1938 1526 2086 1567 explicat
2114 1525 2161 1562 ὡς
2184 1523 2288 1569 νόμος

1290 1572 1337 1609 ώς
1362 1575 1550 1617 προσῆκον.
1588 1574 1634 1604 At
1659 1582 1698 1604 ea
1721 1573 1904 1604 Homerum
1930 1575 2101 1614 spectant.
2126 1573 2182 1604 LB
2199 1573 2256 1604 PA
2277 1583 2288 1605 ε

1289 1616 1389 1664 θέμις
1407 1624 1441 1651 ct
1459 1623 1559 1651 recte.
1600 1620 1684 1652 Cum
1703 1621 1793 1651 enim
1813 1621 1888 1661 quis
1906 1621 1953 1651 ita
1970 1620 2138 1661 loquitur:
2169 1617 2288 1665 φιλήσι

1290 1664 1334 1707 θ’,
1362 1659 1384 1714 ᾗ
1411 1664 1522 1711 θέμις,
1549 1665 1587 1700 τὸ
1607 1665 1664 1700 σὸν
1681 1665 1784 1712 κάρα,
1813 1677 1895 1698 num
1913 1667 1991 1708 quis
2007 1667 2195 1699 auditorum
2209 1667 2288 1698 alite

1289 1715 1323 1746 id
1340 1714 1576 1745 intellecturus
1595 1724 1668 1746 esse
1686 1715 1855 1746 videbitur
1871 1724 1970 1755 quam
1984 1713 2194 1746 deosculabor
2209 1723 2288 1754 capu

1290 1765 1395 1798 tuum,
1419 1771 1483 1802 qua
1495 1764 1589 1801 parte
1606 1761 1662 1800 fas
1679 1765 1724 1792 est
1735 1763 1751 1791 Ρ
1776 1762 1840 1794 Sed
1858 1762 1946 1793 dixit
1962 1762 1989 1792 si
2007 1761 2062 1800 fas
2079 1761 2161 1793 Oed.
2178 1772 2186 1794 ι
2212 1770 2287 1792 sese

1290 1818 1356 1849 que
1375 1809 1488 1839 statim
1515 1809 1587 1849 ipse
1605 1813 1746 1849 revocat,
1778 1818 1844 1840 non
1863 1818 1937 1840 esse
1955 1809 2005 1840 fas
2022 1809 2118 1849 pium
2135 1808 2288 1840 hominen

1291 1856 1459 1887 Theseum
1486 1867 1504 1887 a
1529 1865 1603 1887 sese
1630 1856 1837 1887 contrectari.
1874 1849 1897 1902 ᾗ
1922 1852 2024 1899 θέμις
2049 1856 2215 1887 indictum
2232 1865 2286 1887 ess

1290 1903 1425 1942 tragicis
1450 1904 1515 1934 iam
1533 1904 1723 1935 observarat
1739 1904 1857 1935 Valck.
1877 1903 1919 1935 ad
1935 1902 2061 1934 Phoen.
2083 1899 2163 1934 902.

1362 1970 1414 2007 Θε
1427 1971 1583 2017 μιστός
1607 1977 1641 2004 et
1658 1970 1799 2018 θεμῖτός
1824 1972 1909 2014 quod
1926 1982 1987 2012 per
2003 1972 2058 2012 fas
2075 1974 2213 2005 licitum.
2243 1973 2288 2005 Te

1294 2022 1391 2052 nuior
1408 2021 1512 2052 forma
1531 2025 1634 2052 metro
1651 2024 1724 2052 tuta
1742 2024 1794 2052 est
1811 2016 1886 2054 ἀλλ’
1904 2017 1943 2053 οὐ
1961 2015 2100 2064 θεμιτὸν
2125 2017 2190 2066 γὰρ
2215 2022 2288 2053 zeto

1295 2065 1416 2112 μολεῖν
1443 2067 1498 2099 OG
1519 2064 1608 2100 1758
1626 2078 1680 2099 an.
1708 2065 1884 2111 [θεμιστὸν
1904 2067 1981 2108 LA,
2010 2068 2068 2100 sed
2092 2077 2186 2099 eraso
2213 2077 2242 2099 σ.
2266 2085 2288 2091 -

1293 2116 1405 2147 Verba
1420 2117 1514 2148 κεῖσε
1534 2112 1654 2159 μολεῖν
1672 2115 1780 2146 delev.
1795 2112 1911 2159 Both]
1930 2115 2095 2155 Turneb.,
2108 2118 2147 2146 ut
2162 2115 2288 2147 videtm

1295 2159 1347 2195 σοί
1374 2163 1517 2202 infersit,
1540 2162 1685 2193 Brunck.
1715 2159 1754 2195 οὐ
1779 2158 1918 2207 θεμιτὸν
1943 2155 2029 2194 κεῖσ’
2056 2159 2136 2195 ἐστί.
2167 2161 2240 2193 Erf.
2268 2172 2286 2195 ο

1295 2206 1434 2253 θεμιτόν
1458 2220 1544 2242 τινα.
1582 2209 1673 2241 Haec
1698 2210 1810 2241 onmia
1844 2209 2040 2240 verisimilia
2070 2212 2169 2249 sunt3
2207 2208 2288 2240 nihil

1296 2261 1405 2288 tamen
1434 2257 1538 2296 magis
1565 2254 1725 2301 θεμιστόν
1752 2257 1852 2288 scribi
1876 2256 1999 2297 potuit.
2045 2255 2167 2288 Contra
2191 2256 2226 2287 in
2253 2255 2288 2288 O]

1296 2300 1363 2336 993
1389 2301 1411 2348 ἦ
1449 2301 1568 2349 ῥητόν,
1614 2300 1637 2348 ἢ
1665 2301 1704 2336 οὐ
1731 2301 1892 2348 θεμιστὸν
1917 2300 2024 2336 ἄλλον
2042 2301 2183 2343 είδέναι;
2214 2303 2288 2334 codd

1295 2361 1410 2382 omnes
1435 2351 1644 2383 claudicante
1663 2360 1760 2382 versu
1786 2346 1809 2394 ἢ
1836 2348 1875 2383 οὐ
1901 2347 2054 2395 θεμιτόν.
2090 2350 2236 2382 Brunck.
2257 2359 2288 2382 as

1296 2399 1523 2430 sentientibus
1547 2398 1638 2430 Pors.
1667 2402 1701 2429 et
1724 2398 1827 2429 Dind.
1856 2394 1879 2442 ἢ
1906 2395 1985 2443 οὐχὶ
2010 2394 2160 2442 θεμιτόν.
2194 2397 2288 2429 ΙοΙιιιε

1296 2445 1393 2477 Both.
1410 2446 1527 2477 Elmsl.
1547 2442 1571 2489 ἢ
1591 2442 1630 2478 οὐ
1648 2442 1818 2489 θεμιστόν,
1848 2445 1935 2486 quod
1953 2446 2068 2477 Herm.
2089 2454 2133 2476 ex
2147 2443 2288 2483 Aeschyl

1295 2493 1451 2532 asseruit,
1479 2493 1630 2532 relegans
1648 2493 1744 2534 plura
1761 2492 1937 2532 cupientes
1954 2492 1995 2524 ad
2011 2492 2132 2524 Blomf.
2152 2491 2198 2531 gl.
2214 2491 2288 2532 Sept

1296 2536 1361 2571 691
1392 2544 1426 2571 et
1449 2540 1557 2571 eiusd.
1585 2540 1746 2571 addenda.
1783 2540 1965 2579 Vulgarius
1989 2539 2080 2571 enim
2097 2535 2249 2582 θεμιτόν,
2278 2547 2288 2571 ε

1296 2587 1461 2627 scriptura
1486 2597 1561 2618 cum
1587 2597 1641 2627 ap.
1661 2586 1818 2625 Aeschyl.
1847 2590 1920 2617 tum
1945 2586 2034 2627 apud
2058 2586 2138 2618 alios
2156 2586 2288 2617 fluctuat

1298 2634 1470 2665 Ert'urdtio
1485 2631 1645 2678 θεμιστόν
1659 2645 1676 2665 a
1689 2634 1848 2665 diverbiis
1861 2633 2110 2665 excludendum
2120 2633 2288 2664 videbatui

1368 2700 1618 2749 Θεογεννής
1645 2704 1702 2735 deo
1726 2706 1911 2743 yeneratus.
1954 2700 2044 2737 ἀλλὰ
2068 2699 2149 2737 θεός
2170 2712 2224 2736 τοι
2252 2712 2288 2735 κε

1297 2748 1480 2795 θεογεννές
1499 2752 1580 2782 Ant.
1594 2748 1663 2783 834
1680 2761 1733 2782 an.
1756 2748 1920 2795 θεογενής
1939 2760 1981 2782 ex
1998 2750 2032 2782 h.
2053 2750 2076 2781 Ι.
2097 2751 2194 2781 affert
2211 2749 2288 2781 Eusl

1297 2808 1329 2838 p.
1347 2795 1426 2837 859.
1469 2795 1511 2829 2:
1534 2799 1634 2839 idque
1648 2798 1816 2837 analogiae
1830 2797 2098 2836 convenientius,
2121 2797 2163 2828 cf.
2178 2796 2288 2829 Schael

1296 2845 1335 2876 ad
1355 2846 1452 2884 Greg.
1484 2845 1557 2877 Cor.
1585 2855 1618 2886 p.
1640 2843 1708 2876 577
1727 2849 1760 2876 et
1786 2845 1939 2884 inprimis
1970 2845 2051 2875 Lob.
2071 2844 2112 2876 ad
2130 2843 2253 2882 Phryn.
2274 2851 2288 2884 1

1297 2889 1376 2924 646.
1401 2890 1593 2937 [θειοτέρου
1612 2889 1729 2937 γένους
1746 2890 1964 2937 τυγχάνουσα
1981 2891 2070 2932 expl.
2085 2891 2202 2930 schoL,
2223 2889 2288 2922 und

1296 2935 1473 2985 θειογενής
1492 2940 1665 2971 Wieseler.
1682 2957 1722 2962 -—-
1743 2935 1825 2972 θεοῦ
1843 2937 1963 2984 γέννης
1982 2939 2122 2979 Nauck„
2144 2934 2236 2971 θεῶν
2252 2947 2288 2982 γε

1294 2987 1373 3023 νεᾶς
1399 2987 1552 3019 Schndw.
1573 2983 1759 3030 volebant]
2030 2982 2061 3028 [1
2079 2995 2113 3026 p.
2135 2980 2215 3023 790,
2234 2981 2288 3016 21.

1367 3041 1419 3079 Θε
1434 3038 1455 3078 δ”
1469 3043 1633 3090 δμητος
1654 3055 1675 3076 α
1698 3044 1756 3075 deo
1773 3044 1934 3076 conditus.
1963 3038 2121 3089 Ἀθηνῶν
2145 3046 2212 3076 τῶν
2230 3039 2288 3076 θεο

1297 3089 1437 3137 δμήτων
1463 3090 1532 3125 ἄπο
1564 3092 1616 3123 ΕΙ.
1639 3089 1720 3124 707.

1367 3147 1529 3185 Θεόθεν
1547 3150 1719 3182 divinitus.
1750 3147 1802 3186 οἷς
1820 3146 1883 3194 γὰρ
1911 3146 1951 3182 ἂν
1970 3145 2090 3195 σεισθῇ
2114 3145 2235 3182 θεόθεν
2254 3143 2288 3180 δό

1297 3209 1372 3243 μος,
1403 3196 1485 3231 ἄτας
1502 3195 1601 3231 οὐδὲν
1620 3195 1769 3231 ἐλλείπει
1787 3197 1868 3228 Ant.
1890 3193 1958 3228 584
1976 3196 2028 3228 ch.

1367 3265 1451 3302 Θειῖ
1463 3266 1630 3312 πρόπας
1670 3266 1840 3307 fatidicus.
1882 3262 2008 3298 τοῦπος
2047 3263 2086 3298 τὸ
2119 3262 2288 3310 θεοπρόπο

1298 3316 1352 3347 Tr.
1365 3312 1433 3348 822
1444 3315 1495 3347 ch.
1525 3315 1710 3355 Originatio
1728 3314 1879 3345 vocabuli
1900 3313 2043 3353 vulgaris
2061 3310 2127 3345 ἀπὸ
2144 3313 2206 3345 τοῦ
2224 3321 2288 3356 προ

1298 3363 1403 3395 ειπεῖν
1431 3361 1470 3395 ἐν.
1497 3360 1597 3402 θεοῦ,
1626 3372 1724 3404 quam
1752 3361 1817 3393 EM
1842 3361 1946 3392 refert
1969 3370 2002 3401 p.
2023 3356 2105 3399 446,
2124 3356 2147 3391 8
2164 3362 2198 3390 et
2215 3358 2288 3399 quai

1299 3413 1454 3452 spectant
1478 3409 1775 3451 interpretationes
1809 3419 1827 3441 a
1847 3408 1966 3441 Photio
1990 3410 2024 3439 et
2048 3405 2216 3446 Hesychio
2238 3411 2288 3448 pri
