2288 3600
13 172 65 223 [ιι
86 186 123 220 p.
143 171 361 223 ιιι-246]

16 279 100 328 ὗμιν
120 280 194 328 εἰμί
217 284 299 315 Ant.
332 279 435 316 1034.
484 280 527 316 τὰ
551 286 620 316 τῶν
645 292 685 316 σο
713 285 762 315 ῶν
786 278 1021 321 διδασκαλεῖα,

18 332 186 375 μουσικῆς
203 327 419 375 παιδεύματα
434 330 476 362 fr.
497 331 564 362 inc.
585 326 665 370 779,
686 292 721 362 3.

86 377 219 410 Deinde
250 377 452 410 adverbiales
484 378 661 408 locutiones
689 386 765 408 cum
785 375 971 408 nominibus
995 378 1025 407 et

13 424 310 504 wasme?
327 424 567 503 ‘ware
584 424 681 504 τι
701 421 1026 504 emessam&

89 496 98 503 .
190 496 198 503 .
556 495 563 502 ·
744 482 763 502 V
895 496 902 503 .

17 515 129 563 ὁρμήν
147 514 225 550 566.
264 481 567 563 ξπρένιίιίίοιίὲνοῧνεκα
584 481 664 550 77:ss
678 481 786 562 Xetapo'
802 515 925 551 ἐλπίδα
942 482 1022 549 882.

17 563 102 608 πρὸς
130 563 228 611 δίκης
253 565 311 598 OR.
338 562 438 597 1014.
490 562 558 598 ἀπὸ
582 565 724 611 γνώμης
750 565 804 596 Τι’.
835 561 914 597 389.
967 562 1026 597 σὺν

16 609 306 701 ἑὲξέηἷῖιῖιζῗο
323 612 421 700 3353
435 613 607 700 {3232'351'
609 613 815 702 ⁰⁵³⁰⁰¹¹3²1¹¹2
828 612 997 690 “iifflffi
1000 621 1028 702 3

144 683 152 699 ,
583 684 590 691 .
821 684 828 690 .
922 683 929 699 ,
999 684 1006 690 .

87 706 139 738 Ex
172 707 275 738 altero
306 716 428 746 genere
461 711 541 738 sunt
575 704 697 750 δόρει
726 706 808 738 bello
833 707 915 738 Ant.
946 702 1024 737 195.

17 750 174 797 δόμοις
198 752 287 785 domi
314 754 368 786 Τι’.
390 750 458 786 950
476 754 527 786 ch.
579 752 703 799 γένος
729 763 844 794 qenere
869 753 922 784 El.
943 749 1024 784 706.

16 801 59 832 cf.
79 798 196 832 Elmsl.
217 801 258 832 ad
275 800 330 833 OC
350 797 393 832 13
410 804 478 832 not.
494 813 502 841 ς
532 810 611 832 nam
634 801 768 832 additur
785 809 1027 840 nonnunquam

15 844 72 881 τό.
124 846 300 893 γνώμην
325 849 460 879 consilio
486 848 545 879 Ph.
575 844 654 887 910,
690 848 777 889 quod
810 852 845 880 et
876 847 1027 892 γνώμῃ

15 894 139 925 dicitur
154 895 210 926 Αἰ.
230 891 330 926 1374.
358 893 489 928 νυκτό
501 906 515 932 ς
533 895 595 927 ΡΙι.
608 891 687 927 606.
717 892 854 939 ὄνομα
870 895 931 927 Ph.
944 891 1024 926 605.

16 938 210 987 πλευράν
237 942 292 974 Tr.
314 938 394 974 681.
438 939 582 975 κῶλον
607 942 668 974 Ph.
689 939 747 974 42.
789 939 918 979 τέλος
943 942 1023 973 Ant.

15 984 96 1020 233.
146 985 272 1034 φύσει
298 989 353 1020 Ai.
384 985 485 1020 1301.
530 987 657 1035 φύσιν
683 989 735 1020 El.
766 985 845 1021 325.
889 987 1028 1034 ἄκρας

17 1033 175 1072 νυκτός
191 1036 247 1067 Ai.
269 1032 349 1068 285.
390 1033 575 1080 ἐκτέταμαι
599 1033 794 1082 φοβερὰν
821 1035 953 1082 φρένα
971 1035 1029 1067 OR

20 1079 86 1114 153
103 1082 155 1114 ch.
200 1082 326 1114 Tamen
349 1083 638 1115 adverbiascentes
661 1093 757 1115 casus
776 1084 895 1115 miram
912 1084 1029 1115 incon-

17 1131 175 1161 stantiam
199 1133 397 1162 monstrant.
442 1131 493 1162 De
511 1128 601 1176 ἔργῳ
614 1155 622 1171 ,
644 1127 767 1175 ἔργοις,
787 1127 893 1176 λόγῳ,
913 1127 1028 1175 λόγοις

17 1180 52 1208 et
74 1177 150 1213 τοῖς
172 1173 285 1222 ἔργοις
301 1178 427 1208 dictum
444 1177 542 1218 alibi,
570 1177 620 1223 τῷ
638 1174 724 1222 ἔργῳ
742 1181 856 1210 autem
873 1178 938 1210 dici
956 1179 1028 1209 sine

18 1224 103 1254 crasi
133 1233 201 1255 non
225 1226 351 1265 potuit,
387 1234 527 1265 eamque
549 1228 685 1267 propter
707 1226 885 1257 vastiorem
910 1234 1029 1256 sonum

19 1270 178 1302 evitatam
201 1272 308 1303 fuisse
332 1275 502 1312 putamus.
539 1273 617 1304 Alia
643 1271 828 1304 videamus.
873 1269 954 1306 οὐδὲ
979 1270 1029 1316 τῷ

17 1315 134 1364 χρόνῳ
151 1314 261 1362 φύσας
276 1320 378 1364 φανεῖ
390 1317 515 1364 φρένας
533 1318 588 1351 00
601 1315 670 1352 804
688 1318 820 1351 tandem
832 1318 1026 1360 aliquando,

20 1365 151 1406 proprie
168 1366 409 1406 lonqinquae‘tate
426 1367 524 1397 vitae.
552 1368 632 1399 νοῦν
651 1365 732 1412 σχὲς
749 1364 840 1399 ἀλλὰ
850 1365 900 1413 τῷ
912 1363 1028 1412 χρόνῳ

18 1410 101 1444 ποτέ
123 1412 178 1443 El.
209 1409 309 1444 1013.
352 1413 415 1444 His
443 1414 557 1444 confer
577 1409 672 1447 κούδ’
697 1411 732 1446 ἐν
759 1412 874 1461 χρόνῳ
904 1412 1026 1459 μακρῷ

19 1455 226 1505 διδαχθῆναι
255 1456 369 1496 θέλεις
397 1459 450 1491 El.
479 1456 567 1500 33ος
612 1461 699 1502 quod
729 1462 759 1493 si
774 1454 865 1502 *quis
894 1465 1029 1502 propter

18 1505 222 1538 adiectivum
245 1506 397 1539 additum
413 1506 632 1548 deprecetur,
659 1509 748 1541 sicut
770 1506 832 1587 την
859 1505 896 1540 δε
912 1505 1028 1553 [τήνδε

18 1550 142 1597 Dind.]
157 1550 187 1598 γ’
204 1549 243 1586 οὐ
261 1555 395 1600 μακροῦ
439 1552 536 1599 ρόνου
553 1557 661 1594 (mox)
677 1554 731 1588 OG
749 1552 795 1587 82
821 1580 829 1596 ,
850 1555 932 1587 haec
948 1564 1029 1587 con-

9 1599 180 1648 siderato:
213 1598 355 1645 ἔμφρων
383 1600 428 1646 μό
455 1612 483 1639 ις
508 1612 582 1638 πως
606 1600 664 1642 ξὺν
687 1600 803 1650 χρόνῳ
827 1599 1030 1636 καθίσταται

17 1646 74 1679 Ai.
97 1643 178 1679 306.
229 1646 292 1681 κού
319 1646 448 1694 μέμψει
471 1646 587 1696 χρόνῳ
611 1647 746 1694 γυναικὶ
767 1647 849 1695 τῇδε
875 1649 930 1682 Tr.
959 1646 1029 1681 470

17 1693 222 1735 (aliquando,
244 1696 281 1726 in
293 1699 487 1735 posterum).
517 1694 633 1741 χρόνῳ
651 1693 725 1730 ποτ’
742 1694 926 1742 ἐξέπραξαν
944 1698 1024 1728 Ant.

17 1736 97 1772 303.
124 1739 239 1788 χρόνῳ
255 1740 333 1788 γάρ,
353 1739 415 1775 οἷδ’
435 1741 513 1789 ἐγώ,
534 1743 657 1788 γνώσει
671 1742 752 1777 τάδε
768 1743 823 1776 00
841 1741 920 1776 852.

87 1788 259 1820 Αάίεσεὶυα
283 1790 570 1822 adverbiascentia
594 1792 756 1823 nonnulla
779 1791 971 1822 adsciscunt
996 1794 1031 1822 et

17 1835 180 1867 omittunt
210 1837 408 1878 articulum,
447 1839 543 1869 velut
579 1835 734 1884 δεύτερον
771 1838 827 1870 00
848 1834 928 1869 763.
964 1838 1025 1870 Ph.

21 1876 121 1914 1272.
164 1880 310 1928 τρίτον
343 1885 384 1916 fr.
413 1885 521 1917 Laris.
548 1881 604 1925 69,
628 1883 666 1925 1,
704 1886 771 1917 etsi
799 1886 958 1917 usitatius
989 1883 1029 1918 τὸ

17 1925 184 1974 δεύτερον.
222 1929 287 1963 Sed
310 1930 468 1963 dictiones
484 1932 684 1964 adverbiales
700 1942 745 1964 ex
761 1933 935 1965 adiectivis
952 1942 1028 1964 cum

16 1977 264 2029 praepositione
280 1979 419 2032 effectae
435 1980 505 2011 fere
524 1989 658 2020 semper
673 1981 845 2012 omittunt.
891 1977 926 2012 ἐν
948 1989 1029 2025 σμι-

17 2021 649 2121 3231¹2¹2·:.Z³...33÷‚2⁶1⁹.³⁶3.}¹;.3{2
665 2023 817 2106 22⁶3...
830 2023 1028 2106 isses?

17 2113 97 2149 673.
150 2115 185 2155 ἐς
210 2116 228 2151 ὀ
252 2116 312 2152 &bv
337 2120 392 2152 OG
413 2117 513 2152 1424.
543 2122 598 2153 Tr.
620 2117 700 2152 346.
752 2118 788 2154 ἐν
811 2118 905 2155 καθα
928 2120 956 2166 ᾧ
971 2120 1027 2153 OC

21 2161 111 2196 1575
129 2165 181 2197 ch.
244 2165 260 2206 ξ
278 2164 353 2200 ἴσου
373 2167 427 2199 Τι·.
449 2164 528 2199 322.
565 2165 622 2201 ἐπὶ
640 2166 782 2214 σμικρόν
798 2168 853 2200 El.
874 2165 896 2199 4
921 2166 955 2200 4.
993 2166 1028 2200 ἐν

21 2209 115 2256 μέσῳ
132 2208 212 2244 733.
241 2213 369 2245 Horum
386 2215 485 2246 etiam
502 2215 600 2256 plura
615 2216 651 2246 in
665 2216 714 2246 eis
726 2216 1028 2257 praepositionibus

20 2259 135 2300 quaeri
151 2264 304 2300 possunt.

90 2307 180 2338 Hinc
203 2308 306 2339 etiam
322 2308 408 2340 illud
424 2310 688 2349 proseminatum
700 2334 708 2350 ‚
736 2310 824 2350 quod
848 2309 1030 2342 obtestandi

21 2351 194 2394 formulae,
215 2355 338 2395 quibus
363 2354 440 2400 πρό
452 2367 468 2393 ς
494 2357 775 2398 praepositionem
792 2357 943 2388 adhiberi
959 2367 1030 2389 mos

23 2403 93 2440 est,
120 2402 259 2433 articulo
283 2411 394 2434 carere
412 2404 532 2435 solent.
576 2405 615 2435 In
633 2402 718 2449 πρὸς
735 2400 825 2437 θεῶν
841 2405 1029 2444 legitimum

0 2482 3 2484 ,
22 2454 99 2478 eum
125 2457 226 2480 usum
247 2458 322 2481 esse
345 2450 434 2491 apud
459 2451 600 2490 tragicos
625 2451 837 2482 observatum
853 2462 872 2483 a
888 2451 1030 2483 Porsono

0 2525 6 2534 μ,
22 2497 75 2525 est
95 2494 135 2526 ad
152 2494 241 2527 Med.
259 2493 341 2528 325.
385 2497 514 2528 Pariter
537 2498 696 2529 dicuntur
720 2496 804 2543 πρός
827 2495 856 2530 τ’
872 2495 1028 2542 ἐφεστίου

18 2535 119 2581 Διός,
147 2537 248 2589 εὐνῆς
271 2554 307 2576 τε
332 2546 396 2588 τῆς
422 2546 484 2589 σῆς
509 2544 564 2577 Ai.
585 2541 666 2577 492.
709 2544 792 2590 πρὸς
817 2544 945 2591 γενείου
971 2545 1026 2576 El.

0 2634 1 2637 Ἴ
24 2583 127 2620 1208.
178 2588 262 2634 πρὸς
292 2588 352 2623 νύν
377 2599 414 2623 σε
439 2589 566 2637 πατρὸς
591 2590 675 2636 πρός
696 2602 733 2624 τε
759 2590 888 2637 μητρὸς
915 2590 966 2624 ίκέ
1013 2603 1028 2629 ς

25 2630 185 2680 ἱκνοῦμαι
208 2637 268 2668 Ph.
293 2634 374 2670 468.
417 2636 500 2682 πρὸς
524 2636 628 2672 αὐτοῦ
653 2635 767 2683 Ζηνὸς
795 2636 919 2672 ἱκεσίου
945 2636 991 2671 48
1019 2663 1026 2671 .

23 2680 107 2728 πρὸς
131 2680 252 2726 ἀραίου
278 2679 356 2721 Διός
381 2681 468 2717 1181
488 2694 532 2716 m.
583 2684 667 2732 πρὸς
693 2683 799 2725 ξενίας
823 2686 878 2718 OC
896 2684 964 2718 515
982 2696 1026 2717 m.

23 2726 109 2774 πρὸς
124 2728 183 2763 νύν
200 2740 236 2763 σε
252 2734 390 2776 κρηνῶν
407 2730 492 2764 αἰτῶ
513 2728 613 2764 1333.
646 2733 819 2765 Formulae
836 2731 922 2778 πρὸς
940 2730 1029 2766 θεῶν

2 2803 3 2806 ,
23 2778 179 2817 exempla
201 2777 256 2809 hic
278 2787 345 2810 non
370 2779 569 2819 colligimus.
614 2779 679 2812 Sed
701 2780 731 2811 si
747 2780 789 2811 de
805 2780 880 2811 aliis
898 2789 1030 2821 quoque

0 2843 2 2846 >
24 2823 211 2856 obtestandi
234 2825 456 2858 locutionibus
480 2827 698 2866 pronuntiare
723 2827 891 2858 Porsonus
908 2827 1027 2867 voluit,

0 2879 4 2906 L
21 2871 155 2902 erravit.
199 2869 259 2904 καί
276 2881 312 2904 σε
336 2870 421 2917 πρὸς
437 2874 498 2905 τοῦ
516 2873 576 2905 σοῦ
591 2871 714 2907 τέκνου
730 2872 788 2906 καὶ
805 2870 896 2907 θεῶν
915 2872 1031 2907 ἱκνοῦ-

0 2917 10 2961 ἷ
26 2923 87 2960 μαι
102 2917 157 2949 Ai.
179 2914 259 2950 587.
302 2918 387 2964 πρός
413 2929 448 2952 σε
471 2921 531 2952 τοῦ
555 2917 631 2952 κατ’
646 2917 750 2965 ἄκρον
769 2916 907 2954 Οἰταῖον
923 2918 1032 2957 νάπος

0 3003 1 3006 ¹
26 2957 104 3000 Διὸς
125 2963 440 3010 καταστράπτοντος
462 2967 518 2998 Τι·.
538 2963 618 2998 436.
640 2983 682 2990 -·
708 2967 862 2999 Fortasse
880 2977 956 2999 cum
972 2967 1032 2998 hoc

25 3017 91 3041 usu
123 3012 274 3051 proxime
300 3014 475 3053 convenit,
512 3013 600 3053 quod
625 3011 721 3057 οἴμοι
746 3024 822 3045 cum
844 3015 1031 3053 genitivum

0 3055 177 3094 ‘additum
201 3062 379 3100 monstrat,
410 3060 550 3092 articulo
575 3069 684 3092 carere
706 3061 810 3100 solet,
837 3061 904 3092 nisi
927 3061 1032 3092 altero

2 3099 172 3139 {membro
196 3105 336 3147 insuper
359 3107 487 3138 adiecto
542 3111 582 3138 ut
607 3104 701 3151 οἴμοι
723 3104 892 3141 ’κελεύθου
916 3110 978 3152 τῆς
1004 3100 1032 3139 τ’

6 3147 113 3195 ,πῆς
129 3148 332 3198 δυσπραξίας
349 3131 523 3185 001395.
738 3152 787 3197 (ιι
802 3164 836 3195 p.
853 3151 932 3194 245,
957 3151 1033 3196 11.)

12 3218 34 3234 s
96 3196 188 3235 Quae
225 3199 334 3232 adhuc
374 3201 591 3241 exposuimus
623 3201 757 3239 singula
788 3201 947 3232 vocabula
978 3201 1031 3232 vel

47 3260 49 3265 .
66 3257 72 3270 ι
86 3244 209 3276 ·tiones
225 3255 287 3286 per
302 3256 338 3278 se
355 3250 519 3288 spectatas
537 3250 690 3286 tangunt.
726 3248 796 3278 Iam
814 3256 892 3278 vero
908 3248 1032 3278 articu-

7 3291 82 3338 ζ
105 3293 274 3324 omittitur
298 3293 401 3325 etiam
424 3294 460 3325 in
476 3295 624 3325 oratione
641 3294 796 3334 colliyata
811 3294 1033 3335 pluribusque

24 3352 34 3378 g-
57 3336 137 3369 rbis
153 3338 189 3370 in
206 3340 410 3372 sententiam
427 3341 630 3382 compositis.

20 3385 22 3388 '
40 3422 43 3427 ζ
98 3383 131 3416 h.
162 3384 354 3418 Pronomim·
369 3388 525 3427 relativo,
553 3397 628 3418 cum
645 3391 733 3419 certa
748 3386 788 3418 de
804 3389 898 3419 certis
913 3388 1033 3419 dicun-

1016 160 1069 212 ‘0

1974 159 2074 212 499

1061 281 1234 313 articulus.
1276 282 1336 314 νῦν
1360 278 1464 314 τόπον
1483 278 1657 327 ἐσχατιαῖς
1674 278 1847 326 προσιδεῖν
1864 277 1996 317 ἐθέλεις
2015 277 2075 313 ὅν-

1060 338 1136 362 τινα
1158 330 1270 362 κεῖται
1299 327 1360 359 ΡΙι.
1392 324 1459 359 144
1483 337 1537 360 an.
1552 352 1560 367 ,
1590 327 1677 369 quod
1699 327 1904 359 attractionis
1927 327 2075 368 speciem

1062 375 1177 407 refert.
1221 371 1299 422 τάχ’
1319 371 1360 407 ἂν
1376 373 1414 408 τὸ
1432 373 1489 408 σὸν
1528 374 1607 420 έρας
1622 373 1727 419 τιμὴν
1745 372 1823 419 ἐμοὶ
1837 371 1982 419 νείμειεν
1996 400 2004 415 ,
2029 371 2075 418 ἥν

1063 419 1091 454 σ’
1116 420 1222 469 ἐχρῆν
1249 420 1340 468 ἔχειν
1368 418 1468 454 1062.
1536 421 1636 467 όγους
1658 418 1818 462 ἄκουσον,
1841 419 1899 459 οὓς
1914 419 1993 466 ἥκω
2011 421 2076 466 φέ-

1063 479 1132 548 {1235
1151 466 1274 550 1337·-
1289 466 1904 561 ἕχῖἷνμέἆιῗρχῗὲἃὶεῗῖῗῒῖνῖἷξῗ
1918 466 2078 548 33⁶&ss

1063 526 1460 610 πατρῷαρῖιξὶγμτςτρῷα
1482 542 1618 608 ’,πῆμαίγ
1642 527 1775 600 ἅπαθέἑ
1802 559 1904 594 1196.
1953 558 2075 595 κοίλου

1063 608 1170 648 πέλας
1202 613 1312 656 κρατῆ
1338 621 1393 651 ος,
1430 607 1470 643 οὗ
1500 609 1543 644 τὰ
1568 607 1708 656 Θησέως
1732 606 1880 656 Περίῦου
1903 620 1941 642 τε
1963 611 2075 642 κεῖται

1064 652 1152 691 πίστ’
1175 656 1227 691 ἀεὶ
1252 656 1308 697 ξυν
1363 668 1453 701 ματα
1479 654 1579 690 1593.
1623 654 1739 702 θήκην
1767 655 1875 702 ἱεράν,
1903 654 1947 701 ἢν
1963 657 2075 693 κεῖνος

1065 715 1136 751 ³<
1146 702 1432 785 11336.Βά
1452 697 1698 785 351.ss
1717 702 1900 785 ἱξέλιῑῖ.
1908 701 1957 783 2⁶1³,
1963 701 2077 784 τοι

1064 777 1130 833 που
1146 778 1386 844 κεκρυμμένον
1405 764 1456 830 Εῗ
1478 762 1566 830 5Ἄ6μ
1579 762 1690 832 mik»
1699 762 1821 832 ρκακόϋ
1838 797 1920 843 πρὸς
1938 795 2072 843 ἀνδρός,

1065 840 1093 893 ᾧ
1115 844 1159 880 τὰ
1180 848 1240 879 νῦν
1265 844 1353 886 ξύνει
1370 843 1450 878 562.
1486 846 1553 879 Sed
1576 847 1619 878 de
1641 847 1762 878 omisso
1779 856 1856 878 cum
1871 846 2004 877 relativi
2022 847 2077 876 ut-

1065 895 1224 926 tructione
1241 894 1380 925 articulo
1396 894 1459 925 alio
1477 894 1546 925 loco
1563 894 1730 934 agendum
1752 897 1814 925 est.

1134 941 1158 972 i.
1196 941 1323 973 Nomen
1363 950 1438 972 cum
1476 942 1619 981 yenitivo
1651 942 1867 981 compositum
1899 939 2078 971 animalum

1065 988 1245 1029 aliquando
1263 988 1420 1020 comitem
1437 987 1548 1028 habet,
1574 997 1650 1019 cum
1668 997 1763 1019 casus
1779 988 1858 1019 inde
1875 996 2072 1028 suspensus,

1065 1037 1218 1077 quamvis
1236 1036 1456 1076 postpositus,
1475 1044 1541 1067 non
1558 1035 1720 1074 insertus,
1739 1044 1779 1066 eo
1797 1038 1896 1066 caret.
1938 1033 1977 1067 τὸ
1993 1044 2078 1067 ναυ-

1063 1081 1158 1116 τικὸν
1177 1076 1351 1127 στράτευμ’
1370 1079 1523 1128 Ἀχαιῶν
1542 1082 1602 1115 Ph.
1614 1079 1671 1114 59.
1698 1079 1731 1115 τί
1747 1080 1808 1127 τὴν
1825 1078 1976 1127 ἄβουλον
1993 1079 2078 1114 στά-

1066 1140 1116 1163 σιν
1133 1127 1291 1175 γλώσσης
1310 1127 1489 1175 έπήρασθε
1502 1129 1560 1161 OR
1573 1126 1652 1161 635.
1683 1127 1810 1207 §ef-que
1823 1125 1996 1174 Δῃάνειρα
2011 1126 2074 1172 τήν

1065 1174 1283 1221 πανυστάτην
1309 1174 1397 1209 ὁδῶν
1423 1175 1566 1209 ἀπασῶν
1592 1177 1647 1208 Τι·.
1667 1174 1711 1208 87
1741 1201 1749 1207 .
1791 1174 1871 1213 τοὺς
1889 1174 2016 1215 ζῶντας
2034 1172 2078 1208 αὖ

1066 1222 1222 1269 δεσμοῖσι
1246 1221 1415 1269 συνδήσας
1439 1221 1530 1267 βοῶν
1548 1225 1604 1255 Ai.
1626 1220 1683 1254 62.
1725 1222 1784 1256 τὸν
1809 1221 1993 1270 αὐτόχειρα
2009 1232 2078 1255 πα-

1063 1264 1178 1316 τρωου
1229 1269 1308 1304 όνου
1327 1270 1381 1303 El.
1403 1268 1483 1303 955.
1527 1271 1750 1312 Praeponitur
1765 1271 1955 1311 genitivus:
1975 1267 2078 1303 λεύσ-

1066 1305 1140 1351 σετέ
1157 1315 1208 1364 Θή
1235 1329 1276 1363 ης
1294 1316 1327 1351 οἱ
1343 1315 1535 1363 κοιρανίδαι
1552 1318 1635 1350 Ant.
1647 1314 1716 1350 940
1728 1327 1783 1350 an.
1811 1310 1985 1363 πειράσατ’
2001 1313 2068 1350 ἀλλ

1067 1362 1166 1410 ὑμεῖς
1193 1376 1230 1412 γε
1254 1368 1393 1410 κινῆσαι
1417 1375 1485 1398 πατ
1507 1363 1543 1402 ὸς
1569 1364 1608 1398 τὸ
1635 1363 1723 1398 δυσπ
1745 1363 1897 1398 όσοιστον
1921 1361 2078 1410 κάπροσ-

1063 1411 1192 1459 ήγορον
1217 1410 1326 1456 στόμα
1342 1412 1398 1444 00
1418 1375 1519 1444 1276.
1554 1413 1594 1444 In
1611 1412 1670 1444 Αἰ.
1695 1409 1710 1443 1
1738 1408 1784 1444 28
1799 1413 1878 1443 olim
1894 1412 1981 1443 male
1997 1412 2079 1444 scri-

1065 1461 1207 1491 bebatur
1224 1456 1416 1505 σκέψασθε,
1446 1459 1530 1505 πρὸς
1549 1456 1657 1499 θεῶν,
1685 1457 1794 1506 τύχην
1813 1457 1908 1492 δυοῖν
1926 1457 2076 1504 βροτοῖν.

1067 1507 1121 1538 Ex
1138 1507 1231 1539 codd.
1252 1507 1442 1538 Brunckius
1467 1505 1530 1551 τὴν
1548 1505 1656 1553 τύχην
1668 1532 1676 1547 ,
1703 1507 1791 1548 quod
1807 1507 1875 1538 iam
1891 1506 2003 1538 Bentl.
2024 1515 2079 1538 re-

1066 1554 1276 1586 stituendum
1310 1553 1522 1594 decreverat,
1558 1555 1713 1585 correxit.
1757 1553 1863 1586 Aliud
1890 1562 2000 1594 genus
2027 1555 2080 1585 est

1064 1612 1168 1681 'clv-oi:-
1181 1597 1631 1689 γίεῖοιιῇτὲεοῖζαῒῃὲἐπῖἐῖυε
1654 1648 1796 1680 articulo
1815 1647 1986 1688 praeditas
2010 1651 2076 1688 est,

1067 1705 1142 1727 cum
1160 1699 1267 1727 careat
1284 1705 1379 1727 casus
1396 1696 1465 1736 ille,
1487 1706 1506 1727 a
1522 1704 1587 1736 quo
1604 1696 1732 1735 regitur
1747 1696 1929 1735 genitivus.
1965 1695 2078 1727 Inter-

1066 1744 1146 1774 dum
1171 1752 1251 1774 sane
1276 1743 1454 1783 utrobique
1479 1743 1611 1784 positus
1635 1743 1747 1774 adest:
1776 1740 1815 1776 τὸ
1839 1741 1903 1789 γὰρ
1918 1740 2081 1788 κάταγμα

1065 1788 1225 1836 τυγχάνω
1249 1786 1376 1845 ρίψασά
1393 1801 1467 1827 πως
1483 1791 1547 1834 τῆς
1564 1788 1635 1827 οἰός
1652 1790 1708 1821 Tr.
1729 1786 1810 1823 695.
1853 1787 1872 1823 ὁ
1887 1791 1948 1823 τοῦ
1966 1790 2079 1823 κακοῦ

1065 1835 1231 1874 κοινωνός
1256 1833 1328 1868 129.
1356 1835 1414 1870 τὸν
1430 1838 1491 1870 τοῦ
1508 1835 1670 1881 μανέντος
1683 1834 1842 1881 ξύναιμον
1856 1834 2077 1870 ἀποκαλοῦν-

1064 1895 1119 1921 τες
1136 1885 1192 1916 Ai.
1213 1880 1293 1915 727.
1337 1883 1375 1917 τὸ
1398 1886 1459 1921 τᾶς
1476 1880 1623 1921 Πειθοῦς
1639 1882 1823 1930 πρόσωπον
1841 1885 1882 1916 fr.
1901 1885 1969 1916 inc.
1991 1881 2072 1916 743.

1064 1932 1151 1963 Aliis
1174 1932 1255 1963 locis
1281 1932 1452 1971 genitivus
1476 1931 1607 1963 medius
1633 1932 1772 1963 articulo
1800 1935 1836 1962 et
1863 1932 2075 1963 substantivo

1065 1982 1204 2018 regente
1236 1978 1416 2019 inseritur,
1442 1979 1535 2009 velut
1559 1979 1625 2010 iam
1649 1979 1880 2020 exemplorum
1903 1979 2076 2011 allatorum

1065 2026 1238 2057 nonnullis
1265 2029 1299 2056 et
1323 2025 1384 2057 Ph.
1409 2022 1487 2057 513.
1524 2026 1612 2057 Aliis
1637 2030 1796 2057 neutrum
1821 2026 1872 2058 flt.
1916 2019 1992 2059 ἀλλ’
2007 2022 2075 2070 ἡδὺ

1064 2071 1128 2119 γάρ
1159 2083 1213 2106 τοι
1243 2074 1362 2116 κτῆμα
1391 2075 1453 2117 τῆς
1485 2069 1583 2117 νίκης
1614 2069 1732 2116 λαβεῖν
1758 2072 1819 2104 Ph.
1848 2069 1915 2114 81,
1950 2073 1986 2104 in
2009 2081 2075 2113 quo

1064 2121 1219 2160 exemplo
1237 2120 1434 2160 explicando
1445 2143 1453 2159 ‚
1482 2129 1558 2151 cum
1578 2121 1706 2151 nullam
1722 2120 1894 2152 videamur
1911 2120 2075 2161 dispicere

1062 2167 1381 2208 breviloquentiam,
1411 2167 1544 2198 felicius
1560 2167 1753 2199 Hermanno
1769 2167 1904 2198 videtur
1918 2167 2075 2208 Apitzius

1063 2218 1217 2245 versatus
1235 2222 1308 2246 esse
1325 2214 1365 2245 ad
1383 2214 1437 2245 Tr.
1460 2210 1538 2246 151.
1577 2216 1640 2258 τῆς
1659 2211 1898 2259 ἀνδροφθόρου
1916 2210 2078 2259 πληγέντ’

1064 2259 1204 2307 ἐχίδνης
1230 2258 1336 2306 ἀγρίῳ
1353 2258 1550 2307 χαράγματι
1565 2261 1625 2292 ΡΙι.
1646 2257 1726 2292 266.
1772 2259 1813 2294 ού
1830 2258 1874 2305 δή
1894 2270 1931 2294 σε
1947 2258 2075 2307 δυσχέ-

1068 2318 1138 2353 ρεια
1161 2310 1221 2341 τοῦ
1244 2307 1440 2354 νοσήματος
1465 2306 1594 2341 ἔπεισεν
1612 2304 1692 2340 900.
1736 2306 1813 2352 πρὶν
1831 2305 1872 2340 ἂν
1888 2306 1998 2353 τέρμα
2013 2309 2075 2341 τοῦ

1067 2353 1141 2401 βίου
1159 2353 1267 2400 περάσ
1309 2355 1367 2387 OR
1386 2352 1488 2387 1530.
1523 2354 1638 2401 χῶταν
1656 2353 1703 2392 είς
1719 2353 1817 2392 τέλος
1834 2356 1895 2388 τοῦ
1911 2354 1973 2400 ζῆν
1991 2351 2074 2400 ἀφί-

1064 2413 1130 2448 κνῃ
1157 2401 1212 2434 00
1241 2399 1282 2434 15
1309 2399 1342 2435 0.
1394 2399 1485 2434 ἀλλὰ
1515 2403 1645 2439 κτενεῖς
1677 2403 1828 2448 νυμφεῖα
1858 2404 1918 2435 τοῦ
1949 2403 2074 2435 σαυτοῦ

1063 2449 1204 2488 τέκνους
1229 2450 1313 2482 Ant.
1333 2445 1413 2481 568.
1458 2447 1572 2496 φοινία
1596 2446 1686 2483 θεῶν
1710 2451 1780 2482 τῶν
1803 2448 1970 2495 νερτέρων
1996 2446 2019 2481 ἀ
2050 2447 2073 2493 ᾇ

1064 2494 1165 2533 κοπίς
1183 2493 1249 2528 601
1269 2497 1321 2528 ch.
1360 2494 1485 2543 τέχνης
1511 2498 1640 2540 σημεῖα
1661 2498 1724 2541 τῆς
1750 2494 1836 2541 ἐμῆς
1859 2493 1975 2529 κλύων
1991 2492 2012 2527 9
2037 2492 2071 2527 8.

1065 2541 1086 2577 ἆ
1109 2555 1131 2576 α
1156 2541 1428 2590 δυστυχεστάτην
1446 2540 1612 2577 κέλευθον
1630 2540 1725 2589 ἕρπω
1741 2547 1810 2576 τῶν
1828 2540 2074 2589 παρελθουσῶν

1066 2589 1083 2624 ὁ
1107 2595 1153 2624 ῶν
1169 2587 1269 2622 1213.
1298 2587 1536 2636 ἀμφίθρεπτον
1554 2587 1642 2634 αἷμα
1657 2593 1724 2623 τῶν
1743 2588 1836 2635 ἐμῶν
1856 2593 1994 2635 σφαγῶν
2013 2590 2069 2621 Τι·.

1065 2635 1144 2670 572.
1177 2640 1239 2682 τῆς
1263 2634 1455 2683 ἀμφιρύτου
1476 2634 1673 2681 Σαλαμῖνος
1695 2635 1714 2670 ἔ
1740 2647 1786 2669 ων
1807 2634 1934 2682 βάθρον
1949 2634 2076 2684 ἀγχιά-

1064 2682 1128 2718 λου
1145 2685 1199 2716 Ai.
1223 2681 1288 2716 135
1306 2694 1360 2715 an.
1402 2677 1526 2728 ζητεῖτ’
1545 2682 1651 2721 ἰόντες
1669 2681 1729 2716 τάν
1755 2682 1810 2729 ρὸς
1829 2681 1945 2723 ἔξοδον
1961 2682 2074 2728 κακήν

1065 2728 1145 2763 806.
1190 2729 1270 2764 ὅταν
1296 2728 1334 2763 δὲ
1357 2728 1488 2774 δαίμων
1515 2728 1689 2776 πλάστιγγ’
1707 2728 1819 2777 ἐρείσῃ
1836 2732 1897 2764 τοῦ
1915 2728 1988 2775 βίου
2006 2740 2075 2763 πα-

1065 2776 1244 2824 λίντροπον
1264 2779 1304 2809 fr.
1325 2779 1391 2810 inc.
1413 2774 1491 2818 964,
1513 2775 1546 2809 5.
1584 2778 1650 2810 Sed
1673 2782 1762 2809 recte
1779 2778 1872 2809 abest
1888 2778 2068 2809 articulus:

1064 2827 1172 2858 ταῦτα
1203 2822 1267 2870 γὰρ
1292 2822 1389 2870 φέρει
1410 2822 1508 2869 νίκην
1530 2818 1559 2857 τ’
1584 2818 1637 2870 ἐφ’
1660 2823 1746 2869 ἡμῖν
1772 2822 1831 2857 καὶ
1854 2822 1979 2869 κράτος
2003 2827 2073 2856 τῶν

1069 2869 1252 2917 δρωμένων
1278 2872 1332 2902 El.
1362 2868 1418 2903 85.
1496 2870 1520 2916 ἡ
1547 2881 1602 2904 σοι
1624 2865 1753 2917 πρόνοι’
1776 2863 1801 2916 ἦ
1822 2873 1884 2904 τοῦ
1901 2868 1984 2904 θεοῦ
2005 2881 2074 2916 φυ-

1066 2916 1196 2952 λακτέα
1212 2918 1267 2950 oc
1288 2915 1388 2950 1180.
1772 2903 1823 2961 (ιι
1839 2928 1872 2959 p.
1894 2914 1974 2958 246,
1997 2915 2073 2960 18.)

1138 2966 1160 2996 l.
1189 2965 1243 2997 Ad
1267 2966 1426 3004 yenitivos
1438 2966 1612 3005 partitivos
1629 2965 1744 2997 omissi
1761 2965 1893 2996 art-iculi
1910 2965 1950 2996 de
1966 2965 2074 3006 pluri-

1067 3013 1132 3043 mis
1155 3021 1260 3053 pauca
1283 3012 1438 3052 exempla
1454 3012 1630 3052 ponimus:
1659 3012 1756 3053 plura
1771 3012 1807 3043 in
1823 3009 1885 3051 τίς,
1907 3012 1985 3052 πᾶς,
2005 3021 2073 3044 πο-

1067 3055 1129 3096 λύς
1142 3085 1150 3100 ,
1174 3060 1210 3090 in
1228 3059 1420 3090 nominibus
1438 3055 1477 3091 ἀν
1489 3056 1496 3068 ’
1508 3068 1525 3103 ρ
1537 3083 1546 3099 ,
1565 3056 1760 3104 ἄνθρωπος,
1782 3056 1912 3103 βροτός,
1933 3056 2074 3104 στρατός

1068 3106 1185 3146 quaeri
1208 3108 1377 3146 poterunt.
1421 3102 1470 3142 τίς
1480 3068 1533 3138 Ἰδέ
1558 3098 1592 3150 μ’
1618 3102 1737 3151 ἐκφύει
1763 3102 1894 3151 βροτῶν
1916 3105 1974 3137 OR
1989 3101 2070 3136 437.

1069 3150 1146 3185 ὅσον
1169 3162 1207 3198 γε
1230 3148 1295 3184 κάν
1319 3149 1396 3196 ἐμοὶ
1447 3149 1519 3197 νήμ
1546 3162 1562 3188 ς
1588 3150 1638 3185 ἔνι
1656 3148 1757 3183 1239.
1802 3149 1912 3189 οὐδεὶς
1930 3150 1994 3197 γὰρ
2011 3148 2074 3184 άν-

1068 3197 1157 3243 δρῶν
1183 3195 1365 3242 (δείκνυσι)
1391 3196 1406 3230 1
1435 3195 1491 3230 59.
1557 3209 1622 3231 που
1647 3196 1782 3244 θνητῶν
1808 3200 1983 3243 φανοῦμαι
2001 3209 2074 3243 μη-

1070 3243 1162 3283 δενὸς
1195 3243 1406 3291 προσ’γορος
1434 3242 1535 3277 1437.
1588 3243 1722 3290 βλέπειν
1755 3243 1838 3290 πρὸς
1869 3243 1927 3278 τὸν
1949 3242 2072 3290 εὐσεβῆ

1068 3291 1199 3372 ῗροτῶν
1216 3291 1271 3324 00
1283 3256 1369 3324 279.
1398 3289 1433 3329 ἐς
1449 3293 1611 3324 τοσοῦτον
1629 3289 1741 3328 αἰκίας
1758 3293 1873 3324 πεσεῖν
1891 3288 1969 3323 748.
1998 3288 2073 3328 ἅλις

1091 3337 1178 3383 όγων
1214 3335 1314 3371 1016,
1367 3341 1529 3383 μαρτυρῶ
1560 3336 1721 3375 κάκιστος
1755 3335 1947 3383 ἀνθρώπων
1977 3336 2074 3383 ἥκειν

1074 3383 1174 3418 1265.
1224 3388 1344 3419 κακῶν
1366 3383 1506 3418 κάκιστε
1534 3382 1634 3418 1384.
1685 3383 1748 3417 ὅσα
1772 3382 1918 3430 δένδρων
1943 3382 2075 3418 ὑπείκει

6 3435 101 3471 ,‚·'·r,
129 3431 226 3471 vulgo
242 3434 398 3476 quidem,
426 3434 484 3466 sed
501 3434 641 3466 minime
658 3443 792 3475 semper
806 3435 1035 3475 praemittitur
1070 3434 1152 3465 Ant.
1171 3429 1252 3466 713.
1296 3436 1432 3477 πρῶτος
1457 3429 1611 3478 ἀγγέλων
1629 3429 1731 3466 ὄκνου
1750 3441 1786 3464 σε
1802 3429 1896 3466 λύσω
1915 3432 1968 3464 Τι·.
1992 3428 2070 3464 180.

1720 3485 1792 3521 32*
