2288 3600
222 137 322 206 30ss

219 253 258 287 τὸ
277 252 338 299 ζῆν
357 251 482 290 παντὸς
499 250 638 298 ἥδιστον
657 249 770 297 [ἥδιον
788 253 893 286 Dind.
916 263 943 284 c.
958 249 1126 296 Meinek.]
1142 251 1181 299 γέ
1204 263 1242 289 ας

221 303 262 334 fr.
281 302 388 333 Acris.
406 297 463 341 65,
482 298 512 333 1.
533 298 730 346 τυραννίδος
746 297 889 346 ἡδίστην
908 297 1008 346 ἕδραν
1022 300 1140 332 Alead.
1161 297 1177 331 1
1206 296 1240 340 9,

222 346 254 381 3.
300 349 355 381 Sic
388 358 478 379 unus
511 348 579 380 cod.
617 348 721 379 Paris.
744 348 782 379 B.
813 348 905 381 Stob.
934 344 999 388 91,
1028 344 1093 379 27:
1144 348 1243 387 vulgo

223 394 420 442 αἰσχίστηνε
459 395 518 427 sed
544 396 683 427 minime
706 395 816 437 turpis
839 396 959 435 regalis
984 395 1131 434 dignitas
1154 395 1242 436 apud

222 443 352 484 heroes,
394 452 456 474 nec
482 452 624 484 usquam
649 452 702 483 ap.
725 442 825 483 Soph.
849 446 1035 474 contemtae
1062 441 1238 474 indicium.

223 491 420 531 Corruptela
432 490 554 522 similis
571 490 633 530 illi,
665 499 764 530 quam
781 490 818 521 in
836 487 1012 536 αἴσχιστος
1030 493 1064 521 et
1082 487 1099 522 ἔ
1127 486 1242 526 θιστος

222 539 310 570 docti
328 541 498 569 notarunt.
523 534 723 582 -ἥδιστον
750 531 778 568 δ’
805 534 873 583 ὅτῳ
899 535 1039 582 πάρεστι
1063 534 1169 583 λῆιις
1195 535 1242 569 ὦν

222 583 285 631 ἐρᾷ
311 585 427 617 Oreus.
450 581 530 625 326,
552 581 587 616 2.
614 582 754 629 ἥδιστον
773 582 886 629 ζῶμεν
913 582 984 630 βίον
1004 585 1080 616 Ter.
1102 581 1181 624 517,
1205 580 1238 615 4.

224 650 265 655 -
284 632 380 664 Adde
407 632 552 664 adverbii
576 633 731 673 exempla
755 632 838 663 duo:
869 628 979 665 οὕτως
1003 628 1098 668 ὅπως
1119 628 1244 675 ἥδιστα

223 680 279 711 Tr.
301 676 381 712 330.
409 678 447 713 τὸ
471 676 546 712 κατ’
570 676 667 724 ἦμαρ
692 677 787 711 ὅπως
810 676 933 723 ἥδιστα
957 676 1136 725 πορσύνων
1164 679 1239 710 Ter.

223 728 263 758 fr.
287 723 367 767 520,
388 724 419 758 1.
443 745 483 750 -
503 726 517 768 ΙΙ
533 727 585 759 De
599 727 734 758 homine
753 727 880 758 dictum
897 727 1042 758 maxime
1059 729 1192 766 yratum
1209 729 1244 757 et

222 777 391 815 acceptum
409 775 587 814 significat.
609 771 742 806 εἰκάσαι
759 771 836 818 μέν,
854 771 942 818 ἡδύς
954 771 1097 818 (βαίνει)
1115 770 1238 805 ΟΒ82.

221 819 360 866 ἥδιστος
381 819 408 854 δ’
425 819 513 867 ἀνήρ
532 822 593 853 Ph.
616 817 695 853 530.
724 818 863 865 ἥδιστος
882 818 1062 866 δεσμώτης
1088 818 1156 853 ἔσω
1175 817 1243 854 θα-

222 870 278 901 κεῖ
304 870 358 900 Ai.
384 865 462 900 105.
500 865 635 908 Νῦσαν,
665 865 708 913 ἣν
735 867 752 902 ὁ
780 866 954 913 βούκερως
978 860 1120 914 Ἴακχος
1144 865 1240 912 αὑτῷ

225 918 330 961 μαῖαν
348 913 493 961 ἡδίστην
511 915 605 960 νέμει
624 917 663 947 1“ι·.
685 916 752 946 inc.
773 912 854 956 782,
872 913 905 948 3.
935 916 1136 956 Quanquam
1155 915 1244 954 Nysa

223 964 340 995 eodem
366 964 461 995 modo
486 964 605 994 nutrix
622 963 762 1003 dicitur,
794 964 859 1004 quo
878 962 1058 994 Cithaeron
1084 966 1191 994 mater
1209 965 1244 993 et

224 1012 325 1043 altrix
342 1010 474 1052 Oedipi,
496 1011 555 1042 ΟΒ
574 1006 676 1042 1092.
701 1029 741 1033 —
762 1011 981 1051 Relinquitur
996 1011 1089 1042 locus
1106 1010 1241 1041 dubita-

224 1059 327 1090 tionis
344 1059 466 1099 plenus
486 1058 542 1089 Tr.
565 1054 632 1089 122
649 1058 700 1088 ch.
731 1056 777 1090 ὧν
806 1055 1072 1103 ἐπιμεμφομένα
1091 1054 1118 1089 σ’
1143 1054 1243 1090 ἁδεῖα

225 1104 306 1151 μέν,
336 1103 435 1138 ἀντία
461 1099 488 1137 δ’
515 1102 613 1138 οἴσω.
651 1104 788 1136 Clarum
816 1108 868 1136 est
885 1106 1012 1136 moneri
1031 1105 1240 1145 Deianiram,

225 1162 267 1184 ne
286 1154 388 1184 nimis
400 1153 485 1184 male
511 1153 552 1184 de
579 1162 614 1184 se
633 1156 667 1183 et
684 1152 829 1184 Hercule
848 1155 972 1193 speret.
1003 1149 1104 1185 ἁδεῖα
1130 1155 1243 1183 autem

228 1201 373 1233 Brunck.
403 1210 468 1231 sec.
499 1200 698 1231 Triclinium
721 1200 862 1240 pluralis
881 1201 1013 1231 numeri
1031 1209 1103 1231 esse
1122 1200 1241 1239 voluit,

226 1245 416 1284 ἀναττικῶς
441 1247 499 1278 ille
518 1247 607 1278 haud
633 1247 735 1278 dubie
748 1272 756 1288 ,
784 1250 823 1278 ut
838 1248 994 1288 probaret
1011 1250 1124 1278 tamen
1141 1247 1243 1278 Butt-

226 1304 347 1326 manno
361 1304 407 1334 gr.
426 1294 484 1326 Gr.
505 1292 536 1335 1,
553 1291 634 1326 253.
663 1294 735 1326 Hoc
749 1294 830 1325 satis
843 1295 1006 1326 refutavit
1023 1294 1160 1334 Herm.;
1183 1303 1246 1325 nec

227 1352 330 1374 sensu
346 1343 433 1373 bene
451 1343 659 1374 conveniunt
676 1341 822 1373 iucunda
839 1351 883 1374 sc.
905 1341 1024 1373 auditu
1038 1346 1071 1373 et
1089 1341 1246 1373 adversus

226 1390 368 1431 aliquem
393 1399 469 1421 cum
492 1389 737 1430 reprehensione
754 1387 854 1421 dicta.
889 1385 975 1433 ἡδύς
993 1392 1124 1430 oportet
1150 1388 1245 1420 bene-

225 1437 340 1468 volum
365 1440 399 1469 et
424 1445 546 1471 comem
571 1436 771 1476 significare.
811 1436 864 1468 Sic
888 1440 1042 1468 constant
1070 1437 1241 1477 opposita:

230 1483 307 1516 bene
324 1484 382 1515 tibi
395 1485 470 1515 volo
484 1508 491 1524 ‚
519 1483 576 1515 sed
594 1487 704 1515 tamen
721 1483 778 1515 tibi
795 1483 1016 1515 contradicere
1034 1485 1168 1515 comiter
1183 1493 1245 1515 au-

227 1531 316 1563 debe.
354 1531 425 1563 Hoc
451 1532 559 1563 voluit
584 1531 836 1562 scholiastarum
861 1540 971 1571 unus,
1009 1541 1085 1563 cum
1111 1531 1247 1571 scripsit

201 1576 486 1625 χπαραιτουμένη
521 1576 558 1611 δὲ
591 1576 643 1623 τῷ
668 1576 817 1619 ἁδεῖα,
856 1577 902 1615 ὡς
932 1576 1067 1611 ἐναντία
1098 1575 1247 1624 λέγουσα

204 1625 272 1674 τῇ
287 1624 430 1673 ἀνάσσῃ.
460 1623 592 1670 [αἰδοῖα
616 1626 702 1657 coni.
733 1626 860 1666 Musgr.
891 1635 959 1657 non
985 1627 1072 1657 male
1097 1626 1138 1657 ad
1166 1635 1245 1657 sen-

226 1674 381 1706 tentiam.
403 1674 520 1706 Herm.
546 1676 652 1704 metro
678 1674 893 1705 consulturus
918 1670 1033 1706 ἀδειαε
1063 1673 1148 1704 nihil
1173 1674 1245 1713 qui-

227 1720 320 1762 dem,
349 1721 481 1762 inquit,
510 1720 591 1751 mihi
615 1723 645 1751 te
658 1723 792 1760 propter·
808 1722 955 1761 querelas
973 1723 1046 1752 tuas
1074 1720 1246 1760 reprehen-

227 1767 317 1799 denti
333 1767 545 1800 metuendum
562 1770 608 1798 est
622 1779 632 1797 .·
660 1771 770 1799 tamen
785 1765 1003 1812 repuynabo]

298 1834 348 1871 'H
360 1836 498 1875 δωνός
517 1837 666 1871 Edonus.
696 1838 906 1877 Singularem
925 1839 983 1869 vix
1001 1839 1142 1869 arbitror
1160 1847 1248 1870 com-

227 1895 356 1927 parere.
391 1881 556 1928 Ἠδωνῶν
582 1882 740 1930 βασιλεύς
769 1887 850 1918 Ant.
872 1882 941 1919 956
960 1886 1010 1922 ch.
1042 1903 1083 1908 —
1116 1886 1248 1917 Tonum

227 1934 360 1973 generis
376 1934 471 1966 docet
487 1934 565 1965 Arc.
586 1943 618 1974 p.
637 1929 694 1974 66,
716 1929 749 1964 6.
966 1931 997 1976 (Ι
1016 1942 1048 1974 p.
1067 1929 1148 1973 764,
1170 1929 1248 1975 21.)

298 1985 440 2025 Ἠθάς
457 1991 623 2024 adsuetus.
651 1988 743 2036 ήθάς
769 1989 839 2037 εἰμί
863 2003 937 2028 πως
960 1996 1030 2025 τῶν
1054 1990 1159 2037 τῆσδε
1179 1988 1247 2035 μύ-

229 2037 302 2073 θων
328 2039 383 2070 ΕΙ.
405 2035 474 2071 372
499 2040 540 2071 cf.
562 2039 682 2070 Matth.
712 2039 770 2071 Gr.
801 2036 942 2083 §346a
976 2044 1044 2071 not.
1078 2038 1108 2071 1.
1146 2036 1243 2083 [Lob.

228 2086 335 2118 Paral.
355 2082 457 2130 263]

293 2137 481 2182 ”Ηιθεος
497 2142 593 2189 [Lob.
611 2145 695 2177 Prol.
714 2142 755 2177 51
775 2154 811 2176 n.
829 2142 884 2176 59.
906 2145 1002 2176 Path.
1019 2142 1053 2186 2,
1074 2142 1150 2189 41.]
1168 2144 1250 2176 ado-

230 2194 362 2224 lescem.
385 2190 418 2225 οἱ
435 2189 462 2224 δ’
480 2189 532 2225 ἐπ’
547 2186 663 2238 ἠθέων
680 2190 796 2225 λεκτοί
814 2192 872 2224 ΟΒ
888 2189 940 2224 18.
963 2190 1011 2236 [οἱ
1030 2186 1101 2225 δεπ’
1116 2188 1248 2238 ἠϊθέων

232 2240 291 2271 LA
313 2249 364 2281 pr.
386 2242 425 2271 ut
440 2239 587 2281 videtur,
617 2237 649 2272 οἱ
674 2237 712 2273 δέ
734 2233 764 2273 τ’
786 2235 917 2285 ἠϊθέων
936 2249 1001 2271 rec.
1026 2258 1080 2271 —.
1102 2240 1155 2271 De
1174 2249 1248 2271 cor-

231 2287 366 2328 ruptela
388 2298 420 2318 v.
442 2286 547 2320 Dind.
576 2287 629 2319 ed.
656 2287 720 2319 Ox.
750 2283 803 2331 3.]
845 2287 1062 2318 Homericum
1085 2283 1206 2332 ἠίθεος
1232 2297 1250 2318 a

231 2334 342 2376 poetis
378 2334 503 2366 Atticis
532 2338 685 2375 spretum
713 2337 784 2375 est,
827 2345 860 2366 v.
893 2334 1011 2366 Valck.
1044 2335 1085 2374 ad
1120 2334 1247 2366 Phoen.

233 2377 315 2422 951,
336 2381 550 2423 eundemque
567 2385 602 2413 et
618 2381 753 2413 Ruhnk.
775 2381 816 2413 ad
834 2380 921 2413 Tim.
942 2391 976 2423 p.
1001 2378 1068 2413 152
1090 2382 1130 2413 de
1147 2382 1253 2420 signi-

233 2429 387 2460 ficatione
403 2429 575 2461 vocabuli:
604 2429 827 2468 grammaticis
852 2432 928 2471 post
951 2429 1013 2460 hos
1031 2428 1252 2461 memorandis

234 2485 318 2517 opus
331 2485 398 2508 non
411 2479 474 2508 est.

298 2528 440 2572 τΗθος
457 2537 639 2576 enyo-niam.
669 2533 698 2568 εἰ
719 2532 849 2580 τούμὸν
873 2531 962 2580 ἦθος
978 2532 1055 2580 ἄρτι
1081 2531 1253 2568 παιδεύειν

234 2583 326 2619 νοεῖς
343 2582 398 2614 Ai.
419 2578 500 2615 595.
530 2582 558 2616 ὦ
585 2581 708 2628 μιαρὸν
733 2579 823 2628 ἦθος
849 2580 910 2615 καὶ
932 2581 1092 2628 γυναικὸς
1116 2578 1253 2628 ὕστερον

235 2631 317 2661 Ant.
331 2625 413 2662 746.
440 2629 543 2662 Paulo
561 2631 660 2662 aliter
676 2631 803 2662 dictum
823 2628 872 2674 μή
890 2639 949 2662 νυν
969 2626 1003 2662 ἓν
1020 2626 1111 2674 ἦθος
1128 2630 1254 2674 μοῦνον

236 2673 271 2710 ἐν
290 2674 406 2721 σαυτῷ
424 2675 533 2723 φόρει,
562 2677 609 2714 ὡς
635 2671 704 2722 φῂς
721 2674 761 2710 σύ
773 2703 781 2718 ,
809 2674 934 2710 κούδὲν
950 2673 1056 2717 ἄλλο,
1085 2670 1177 2710 τοῦτ’
1195 2674 1255 2722 ὀρ-

235 2720 308 2803 ’ἑθῖῶς
334 2721 426 2771 ἔχειν
451 2725 533 2757 Ant.
555 2721 635 2758 705.
672 2724 881 2757 Structuram
900 2725 1067 2757 sermonis
1089 2724 1256 2764 explicuit

271 2781 354 2803 erm.

301 2822 506 2863 υΗκιστα.
528 2830 543 2872 ΙΙ
559 2831 706 2862 minime.
734 2827 788 2863 οἶν
813 2827 883 2876 ἐγὼ
903 2823 1017 2874 ἥκιστ’
1043 2826 1085 2862 ἂν
1107 2825 1255 2874 ήθέλησ’

240 2874 425 2910 ὀλωλότοιν
449 2874 566 2910 κλύειν
590 2877 651 2909 Ph.
672 2874 753 2909 427.
796 2877 868 2909 Hac
891 2877 1137 2917 significatione
1163 2876 1253 2908 nude

239 2925 386 2965 positum
411 2925 447 2955 in
466 2925 682 2965 responsione
700 2925 880 2966 frequens:
909 2921 970 2956 Ph.
993 2920 1073 2956 522.
1095 2923 1154 2956 ΟΒ
1169 2919 1249 2955 623.

239 2971 295 3003 Tr.
316 2967 384 3002 319
417 2971 470 3002 El.
492 2968 548 3003 82.
575 2968 646 3003 800
670 2974 705 3003 et
735 2969 863 3016 ἥκιστά
885 2981 923 3016 γε
947 2971 1005 3003 ΟΒ
1031 2967 1133 3003 1386.
1156 2988 1197 2994 —
1224 2970 1239 3012 ΙΙ

241 3018 326 3050 Cum
352 3019 519 3058 significat
550 3020 746 3058 minimum,
782 3027 850 3050 non
882 3022 950 3050 tam
979 3018 1173 3050 adverbium
1203 3020 1256 3049 est

240 3075 340 3106 quam
358 3066 498 3106 pluralis
514 3066 670 3097 adiectivi
687 3066 858 3097 defectivi.
895 3066 967 3097 Hoc
983 3066 1070 3097 clare
1093 3068 1187 3106 patet
1211 3074 1255 3096 ex

239 3112 323 3151 Mys.
344 3114 386 3144 fr.
407 3109 488 3144 359.
516 3110 675 3159 ἄμοχθος
698 3110 742 3171 γὰ
789 3109 910 3149 οὐδείς.
941 3110 959 3145 ὁ
983 3105 1011 3144 δ’
1034 3108 1146 3156 ἥκιστ’
1163 3109 1255 3158 ἔχων

243 3157 470 3206 μακάρτατος,
500 3161 589 3200 quod
606 3164 658 3191 est
673 3171 717 3193 τα
742 3123 919 3207 ἔλάχιστα.
949 3159 1015 3191 Sed
1031 3159 1176 3191 redeunt
1191 3160 1258 3191 huc

242 3207 343 3238 etiam
362 3204 447 3239 ὅπου
465 3203 591 3250 ἥκιστα
609 3205 727 3251 μέλλω
743 3205 824 3244 τοὺς
841 3204 1000 3246 ξυνόντας
1016 3203 1174 3252 ἀλγυνεῖν
1191 3206 1252 3238 Ph.

242 3249 312 3284 482
329 3257 364 3285 et
387 3250 460 3286 τάδ’
492 3251 559 3300 οὐχ
582 3251 692 3298 ἥκιστ’
723 3250 764 3287 ἂν
788 3247 946 3299 Ἰοκάστη
970 3250 1066 3299 λέγοι
1089 3253 1148 3286 ΟΒ
1167 3250 1257 3285 1053

243 3301 330 3340 quod
348 3301 485 3341 quidem
502 3301 567 3332 iam
586 3302 621 3332 in
639 3301 790 3334 adverbii
807 3304 961 3333 naturam
978 3301 1207 3340 degeneravit.

308 3362 322 3376 ‘'
331 3366 364 3403 H
374 3382 397 3404 κ
407 3383 447 3403 ω.
469 3370 597 3402 Formis
608 3372 700 3403 verbi
719 3372 898 3412 separatim
912 3371 1161 3411 componendis,
1181 3380 1258 3402 cum

244 3418 324 3448 satis
350 3421 478 3449 constet
504 3419 637 3450 nonnisi
668 3420 849 3459 praesentis
880 3417 1060 3458 imperfecti
1087 3421 1121 3450 et
1149 3417 1260 3458 futuri
1293 3415 1395 3451 αὐτὸν
1411 3414 1487 3462 ἥξοι
1504 3417 1610 3462 μοῖρα
1626 3415 1711 3461 πρὸς
1730 3412 1850 3452 παιδὸς
1868 3411 1985 3447 θανειν
2003 3410 2043 3445 71

1011 130 1224 200 Ἠδωνός
1251 163 1313 172 -
1333 127 1474 199 “Ηκω

1263 1670 1364 1759 {iffa
1382 1715 1581 1804 κλύηξτωὸς
1597 1714 1709 1774 ἥξοντ’
1726 1678 1987 1763 Ὀρέστηνοὲἕιι.
2015 1717 2077 1749 τοῦ
2093 1725 2173 1749 mm

1984 142 2016 191 [1
2028 156 2063 198 p.
2079 142 2288 199 763—7693}

1280 261 1380 284 usum
1397 261 1484 293 esse,
1505 260 1589 292 opus
1605 261 1673 285 non
1692 255 1755 284 est.
1789 251 1871 292 Um
1895 251 1911 294 u
1930 253 2085 296 proprius
2106 252 2136 284 is
2158 255 2229 292 est,
2258 256 2288 296 ui

1280 301 1404 331 venisse
1428 303 1463 331 et
1486 298 1595 330 adesse
1619 299 1798 339 significet.
1828 296 1876 336 εἰς
1903 297 1939 332 σὲ
1965 309 2010 332 πο
2040 296 2102 332 πὸν
2126 296 2206 345 ἥκω
2231 299 2288 344 Pp».

1280 343 1361 379 501.
1389 344 1452 391 τὴν
1480 344 1542 392 σὴν
1565 343 1645 391 ἥκω
1668 344 1769 394 χάριν
1797 343 1898 379 1413.
1926 343 1987 379 τίν’
2006 357 2090 393 ημιν
2114 342 2213 391 ἥκεις
2235 343 2288 380 τοῖ

1280 390 1362 427 θεοῦ
1381 392 1504 439 φήμην
1557 391 1662 439 έρων,
1693 393 1752 425 ΟΒ
1773 389 1819 425 86
1836 393 1950 426 aderat
1973 394 2064 427 enim
2081 402 2221 436 peregre
2238 393 2288 437 ad·

1279 442 1434 472 veniens.
1464 452 1530 486 μαν
1558 439 1648 474 άνειν
1688 439 1730 486 ὰρ
1748 438 1881 486 ἥκομεν
1904 437 1992 479 ξένοι
2009 451 2034 474 π
2057 438 2094 478 ὸς
2111 437 2223 474 ἀστῶν
2241 439 2288 486 Ο(

1282 485 1336 520 12.
1365 486 1408 521 τὰ
1425 485 1463 520 δὲ
1488 490 1545 521 νῦν
1571 482 1632 521 τιν’
1672 499 1753 533 γκειν
1773 485 1875 534 λόγος
1893 485 1993 521 οὐδὲν
2011 451 2138 526 ἄξοντα
2157 479 2224 530 133
2241 487 2288 523 ch.

1278 532 1358 568 ’ἥκω
1375 533 1439 581 γὰρ
1460 533 1547 580 ἱερὸς
1565 533 1709 581 εὐσεβής
1726 545 1763 568 τε
1776 531 1856 567 288.
1879 534 1907 568 ὦ
1922 532 2052 575 τέκνον,
2073 531 2191 580 ἥκεις;
2214 531 2288 568 328,

1305 593 1358 615 κω
1375 580 1439 628 γὰρ
1465 581 1532 630 οὐχ
1558 582 1604 620 ὡς
1632 581 1715 628 δρᾶν
1738 593 1770 615 τι
1794 579 1979 628 βουληθείς
1997 578 2077 614 732.
2099 580 2184 628 πρὸς
2198 579 2288 616 πόλιι

1280 628 1297 662 δ
1326 627 1626 687 ἐπίσταμαυῆκων
1640 626 1720 662 734.
1749 627 1848 687 ἥκεις
1861 623 1920 687 ἔμ’,
1934 627 2024 687 ἄξων
2038 626 2118 661 784.
2138 626 2218 676 ἥκω
2235 626 2288 695 ⁷⁹⁶}

1280 688 1343 756 211¹?
1352 673 1879 770 aazssssizffgafffi’e,aa
1897 686 2094 757 ἔξιτε
2103 673 2216 770 ἑῑςι.
2230 670 2288 768 εἰς

1281 769 1402 805 σιλέων
1427 768 1525 816 ἥκεις
1551 770 1684 819 φέρων,
1718 768 1808 805 1172
1834 771 1947 803 aderat
1963 772 2055 803 enim
2072 771 2228 802 nuntius.
2255 767 2288 807 ‘td

1281 815 1308 851 δ’
1335 817 1370 851 ἐν
1396 816 1515 863 δόμοις
1539 817 1689 865 (φέρων)
1716 816 1831 855 ἔοικας
1854 815 1952 863 ἥκειν
1976 816 2035 851 καὶ
2051 814 2129 865 τάχ’
2153 812 2288 865 ὄψεσθσῖ

1279 865 1371 899 κακά
1400 863 1499 898 1280.
1530 867 1708 898 Introierat
1722 867 1814 897 enim
1832 875 1967 897 scenam
1995 864 2114 897 Creon.
2142 861 2221 909 ἥκει
2240 856 2288 901 56-

1279 925 1366 993 2²33*
1390 908 1791 1007 ἑεῖΐὲῑῑῑὲςᾋὲἓῖ.
1804 909 2288 1006 ἢιέιιιῑῑῖὲρέτῆξιξῐέἒ.

1278 1004 1698 1102 Ἑξῑᾪὸῗρὲτῗζτῇζὸῖὃῆἶε
1713 1005 1979 1095 ῗιλῗὶῗ,’ῗωῗὲζῖἕ
1989 1004 2288 1101 ιξῖἰῖἔὲἱιλέῖῗὲξ

1280 1103 1369 1143 apud
1387 1103 1468 1135 alios
1494 1104 1559 1134 rari
1577 1112 1620 1134 ex
1645 1102 1744 1143 Soph.
1767 1102 1973 1143 exemplum.
2004 1099 2058 1135 σοὶ
2082 1099 2197 1148 φέρων
2219 1098 2288 1146 ἥκιρΙ

1279 1147 1402 1196 λόγους
1426 1147 1525 1196 ἡδεῖς
1551 1150 1604 1182 El.
1633 1146 1712 1182 666.
1743 1145 1821 1195 παρ’
1846 1146 1968 1195 ἀνδρὸς
1994 1143 2177 1186 Φανοτέως
2200 1139 2288 1202 ἥκω]

1282 1197 1334 1228 El.
1356 1194 1414 1229 45.
1452 1196 1501 1243 μὴ
1529 1195 1589 1230 καὶ
1614 1194 1688 1241 μοίθ
1765 1191 1773 1204 ⁷
1797 1194 1930 1242 ἥκοντα
1953 1196 2015 1229 Ph.
2040 1192 2094 1228 13.
2118 1213 2159 1218 —
2186 1193 2236 1242 μά

1282 1237 1336 1290 ἄρ’
1352 1242 1456 1290 ἡμεῖς
1472 1241 1606 1290 ἥκομεν
1624 1245 1676 1276 El.
1690 1208 1770 1276 375.
1792 1241 1887 1280 ὅπως
1903 1241 1968 1290 γὰρ
1984 1240 2118 1288 ἥκομεν
2131 1244 2213 1275 Ant.
2230 1239 2253 1274 4
2268 1253 2288 1290 ,ι

1281 1295 1319 1323 ιιι
1334 1293 1536 1323 revertimus.
1565 1289 1662 1337 ἥκετ’
1688 1290 1783 1336 ἐμῶν
1806 1289 1972 1336 καμάτων
1999 1287 2218 1336 παραμύθιον
2242 1288 2288 1335 ΕΙ.

1285 1335 1351 1370 130
1365 1349 1409 1370 m.
1432 1339 1524 1371 Haec
1543 1341 1611 1371 sola
1629 1343 1710 1371 sunt
1726 1339 1917 1380 imperfecti
1931 1339 2062 1379 proprie
2079 1338 2168 1370 dicta
2183 1328 2251 1369 exe*

1281 1387 1348 1427 pla.
1372 1403 1413 1409 —-
1433 1384 1532 1424 ποίας
1549 1384 1614 1432 γὰρ
1632 1383 1744 1419 ἀστῶν
1760 1380 1851 1432 ἥξετ’
1868 1383 1918 1418 εἰς
1933 1382 2088 1430 ὁμιλίας;
2117 1384 2176 1417 ΟΒ
2194 1381 2261 1417 148
2273 1409 2288 1433 ,2

1282 1430 1369 1472 ἵξετε
1399 1438 1531 1466 exstare
1555 1435 1678 1466 dicitur
1700 1435 1736 1465 in
1760 1434 1886 1474 aliquot
1910 1433 2002 1465 codd.
2041 1433 2180 1464 fortasse
2205 1441 2248 1473 ex
2264 1431 2288 1463 τί

1285 1477 1374 1513 1491
1392 1482 1538 1521 illatum,
1559 1482 1618 1513 ubi
1630 1482 1689 1512 LA
1701 1477 1792 1526 ἥξετ’
1808 1490 1859 1522 pr.
1871 1490 1932 1520 m.,
1951 1476 2023 1518 ἵξεσ
2044 1473 2056 1490 '‘
2074 1477 2127 1524 s.]
2144 1469 2288 1534 erayssjq

1283 1523 1313 1574 γ’
1328 1525 1400 1562 ἴσθι
1417 1538 1470 1562 σοι
1485 1525 1615 1562 τούτων
1632 1527 1733 1575 χάριν
1750 1525 1877 1580 ἥξοντα
1893 1527 1949 1560 OC
1960 1523 2047 1559 397.
2075 1523 2215 1572 ἥξουσιν
2235 1523 2288 1561 ἄν

1284 1571 1906 1668 {Qifff'ssaffzffifflsszffi32³2&
1933 1571 2035 1655 ἕξει
2057 1561 2288 1654 endi&

1304 1635 1458 1717 γληῃμὲν
1483 1667 1574 1715 ἥξειν
1600 1633 1805 1716 πατρίρ898.
1839 1633 1889 1716 ἄῖίι
1906 1631 1932 1667 χ
1954 1680 1991 1702 ον
2013 1631 2141 1714 ἥξομεν
2165 1656 2218 1700 ΕΙ.
2239 1655 2261 1700 5
2284 1692 2288 1716 ,

1282 1764 1314 1799 τί
1340 1749 1466 1812 φῂς,ἥ
1489 1776 1585 1802 οντος
1609 1776 1632 1810 η
1661 1762 1867 1809 μέλλοντος;
1897 1760 1976 1795 318.
2006 1762 2044 1796 σὲ
2066 1773 2135 1796 πατ
2157 1761 2195 1811 ὸς
2277 1805 2278 1808 ¹

1284 1812 1395 1852 ζῶντα
1409 1823 1441 1845 τι
1473 1811 1562 1858 ωρόν
1579 1809 1659 1844 811.
1691 1810 1725 1844 ἐς
1742 1809 1869 1856 δόμους
1917 1807 1981 1849 Εειν
2007 1811 2062 1842 Tr.
2086 1773 2164 1843 188.
2186 1807 2270 1860 φρόν

1283 1857 1438 1940 {aiii
1454 1856 1748 1939 12330202334352&
1766 1855 1991 1938 {431050532
2009 1855 2155 1937 3²5³:ss
2170 1852 2288 1936 2¹5³*

1284 1933 1364 1987 cum⁷
1377 1964 1508 1986 cursum
1526 1955 1678 1986 fluminis
1699 1931 1877 1994 si’gnificat.
1905 1950 1985 1998 ἥκει
2002 1950 2114 1998 δῆμον
2131 1950 2190 1985 τὸν
2276 1942 2280 1948 .

1283 2000 1379 2035 κείου
1402 2002 1516 2033 Inach.
1546 2002 1587 2033 fr.
1608 1997 1690 2041 265,
1711 1997 1744 2032 6.
1768 2019 1808 2025 —
1835 2000 1850 2042 11
1876 2001 2032 2040 Fiyurate
2048 1999 2183 2031 dictum.
2206 2015 2259 2025 -ε

1281 2050 1450 2090 pervenire
1476 2052 1507 2080 et
1527 2048 1677 2080 devenire
1693 2049 1840 2089 aliquem
1858 2047 1898 2080 ad
1915 2048 2019 2079 finem
2034 2048 2219 2079 terminum
2251 2080 2255 2089 ζ

1285 2093 1375 2142 ἡνίκ’
1394 2093 1434 2129 ἂν
1454 2094 1496 2141 δὴ
1516 2094 1599 2142 πρὸς
1616 2093 1737 2142 γάμων
1754 2088 1856 2140 ἥκητ’
1873 2093 1988 2140 ἀκμάς
2004 2094 2063 2126 ΟΒ
2078 2089 2178 2126 1492.
2207 2104 2226 2127 ο

1285 2138 1364 2177 πόθ’
1389 2140 1463 2188 ἥξει
1478 2147 1547 2175 τῶν
1565 2140 1681 2188 ἄκρων
1700 2140 1782 2176 ἄνευ
1801 2140 1907 2175 πόνου
1933 2143 1974 2174 fr.
1995 2142 2123 2181 Polyid.
2148 2137 2217 2173 463
2241 2154 2244 2155 ’
2264 2141 2279 2147 ”

1285 2191 1432 2231 gendum
1461 2187 1540 2236 ἅψει
1571 2201 1603 2222 v.
1632 2187 1759 2235 ἅπτω].
1789 2186 1881 2235 ἥξεις
1905 2188 1954 2226 εἰς
1976 2187 2015 2223 τὸ
2038 2186 2206 2235 μόρσιμον
2233 2188 2240 2196 ’
2274 2192 2286 2225 ,’

1287 2235 1365 2279 690,
1387 2235 1420 2270 2.
1442 2255 1482 2261 —
1502 2239 1533 2269 b.
1555 2238 1639 2269 Inde
1657 2241 1690 2269 et
1708 2237 1830 2269 adduci
1842 2237 1953 2278 aliquo
1971 2240 2007 2268 et
2021 2235 2127 2276 rediyz‘
2144 2237 2181 2267 in
2201 2249 2207 2261 ι
2245 2249 2250 2263 ι

1287 2285 1366 2317 dam
1380 2287 1603 2317 necessitatem
1619 2289 1654 2316 et
1671 2289 1785 2316 contra
1798 2283 1953 2325 proyredz·
1968 2284 2078 2324 aliquo
2102 2283 2223 2315 temeri
2259 2283 2272 2320 f

1288 2336 1322 2364 et
1346 2333 1504 2364 iniuriae.
1535 2330 1552 2365 ὁ
1581 2329 1609 2364 δ’
1637 2329 1754 2366 ἐνθάδ’
1777 2329 1874 2376 ἥκων
1905 2331 1966 2363 Ph.
1988 2327 2056 2363 377
2080 2340 2117 2362 eo
2148 2343 2175 2357 ιι
2192 2342 2199 2356 ι
2267 2365 2270 2369 ,

1287 2381 1310 2412 i.
1325 2390 1354 2411 e.
1370 2389 1408 2411 eo
1423 2380 1570 2411 convicio
1588 2380 1733 2419 graviter
1749 2380 1912 2411 irritatus.
1935 2376 2020 2424 ὁρᾶς
2035 2374 2076 2411 ἵν’
2092 2374 2209 2422 ἥκεις,
2228 2385 2249 2407 υ

1289 2427 1367 2468 quid
1383 2430 1538 2468 sequatur
1553 2426 1611 2459 ΟΒ
1628 2422 1708 2459 687.
1729 2426 1785 2458 OC
1797 2422 1878 2458 937.
1907 2411 2022 2465 ἕξοιδά
2039 2435 2076 2458 σε
2093 2423 2133 2458 οὐ
2149 2421 2248 2470 ψιλὸν
2275 2429 2282 2465 j

1288 2471 1425 2520 τοσήνδ’
1450 2471 1545 2519 ὕβριν
1576 2471 1708 2518 ἥκοντα
1732 2473 1787 2506 OC
1807 2469 1909 2506 1030.
1945 2470 1994 2510 εἰς
2020 2469 2090 2506 τόδ’
2117 2469 2220 2517 ἥξεις,

1289 2519 1381 2567 λέγω
1399 2532 1436 2567 γε
1453 2518 1631 2554 τούνδικον
1649 2521 1707 2553 ΟΒ
1726 2517 1816 2552 1158
1833 2518 1960 2557 sostei<
1985 2516 2142 2565 ὄλεθρον.
2163 2535 2205 2542 -
2223 2527 2264 2550 c.»

1289 2568 1449 2601 veniendo
1467 2569 1598 2600 deflexa
1614 2571 1705 2609 sunt,
1731 2577 1809 2599 cum
1832 2564 1929 2612 ἥκειν
1946 2568 2107 2607 oriqinem
2123 2567 2226 2606 sign'·
2243 2581 2249 2593 ο-
2262 2567 2271 2607 ’7

1290 2620 1363 2647 tum
1381 2617 1483 2647 etiam
1500 2625 1570 2647 rem
1584 2616 1684 2647 alicui
1700 2616 1942 2655 continyentem
1957 2617 1993 2646 et
2009 2616 2162 2646 eventum
2173 2637 2182 2653 ,
2220 2626 2223 2632 ·
2276 2614 2277 2617 ’

1291 2663 1464 2703 vaticinii,
1494 2663 1663 2694 universe.
1693 2659 1794 2708 βῆναι
1817 2658 1935 2695 κεῖθεν
1962 2657 2040 2694 ὅθεν
2066 2671 2130 2707 περ
2172 2670 2245 2694 κει»
2264 2689 2276 2704 ·.

1293 2707 1383 2742 1227
1407 2711 1458 2742 ch.
1495 2711 1537 2742 de
1562 2710 1714 2742 mortuis.
1748 2710 1947 2749 continyere.
1992 2710 2121 2754 σημεῖα
2173 2701 2182 2716 ’
2212 2703 2249 2752 ἤ
2266 2706 2286 2748 „⁴

1290 2755 1399 2790 τῶνδέ
1426 2768 1485 2803 μοι
1510 2754 1691 2803 παρηγγύα
1713 2755 1769 2788 OC
1787 2752 1844 2788 94.
1866 2753 1945 2789 οὐδέ
1970 2765 2046 2804 σφιν
2071 2752 2184 2804 ἀρχῆς
2200 2755 2266 2799 τῆ,

1291 2802 1407 2851 ὄνησις
1429 2801 1502 2850 ἥξει
1519 2801 1600 2836 452.
1636 2804 1800 2837 Similiter
1823 2804 1950 2834 dictum
1979 2797 2139 2850 ἔχθιστον
2164 2797 2223 2847 φθ,
2246 2797 2283 2840 {1⁴⁴

1290 2848 1384 2885 τοῦθ’
1409 2849 1488 2897 ἥκει
1510 2850 1612 2897 πατρί
1644 2847 1734 2883 1177
1751 2854 1803 2882 est
1820 2851 1912 2882 enim
1930 2850 1970 2881 ab
1986 2847 2165 2884 accidendo
2181 2842 2226 2880 αᾶ

1290 2908 1340 2930 res
1356 2900 1513 2931 tralatum
1529 2900 1667 2939 evenire,
1688 2901 1838 2929 eventum
1855 2897 1978 2938 hahere,
1999 2897 2132 2937 expleri.
2162 2896 2247 2934 ltem
2281 2897 2283 2901 ’

1291 2946 1402 2978 morbo
1426 2947 1478 2977 vel
1502 2947 1690 2977 calamitate
1715 2946 1913 2983 ingruente:
1967 2954 2021 2976 κει
2045 2941 2110 2991 γὰρ
2135 2932 2232 3026 uffa
2254 2943 2276 2960 ·’

1291 2991 1418 3074 ἓρόνου
1436 2993 1497 3024 Ph.
1518 2990 1598 3025 758.
1627 2990 1707 3037 ἥκοι
1752 2989 1794 3037 ὰρ
1812 2987 1852 3024 ἂν
1875 2988 1953 3025 θεία
1974 2988 2073 3024 νόσος
2087 2990 2143 3023 Ai.
2165 2986 2182 3024 1
2211 3026 2213 3030 ,
2233 3023 2237 3031 ,
2255 2992 2264 3031 ⁴}

1314 3038 1434 3074 έδοικα
1496 3039 1519 3086 ἡ
1540 3037 1572 3072 ’κ
1596 3037 1679 3073 θεοῦ
1712 3049 1736 3071 π
1760 3036 1830 3084 ηγή
1856 3049 1906 3075 τις
1930 3035 1978 3083 ἥκ
2026 3034 2120 3084 [ἥκει
2136 3037 2206 3082 Diu
2226 3030 2286 3076 ’,ᾗ

1292 3085 1422 3132 apogn]
1441 3052 1521 3119 25²9.
1551 3088 1709 3127 Inyruere
1726 3087 1767 3118 de
1785 3095 1820 3116 re
1838 3087 1953 3117 futura
2005 3095 2059 3118 κει
2074 3083 2138 3132 γὰρ
2153 3034 2235 3131 *tffig*
2271 3085 2275 3088 ”

1292 3132 1390 3180 ἀνδρὶ
1421 3131 1592 3180 θέσφατος
1626 3130 1700 3179 βίου
1728 3131 1872 3177 τελευτή
1906 3127 1961 3164 OC
1982 3128 2072 3164 1472
2095 3131 2196 3166 adeat.
2239 3126 2269 3167 2⁴·-

1290 3178 1425 3227 Ἐρινύς
1456 3182 1510 3213 El.
1530 3177 1599 3214 487
1617 3180 1668 3212 ch.
1713 3181 1811 3213 Viam
1837 3180 1947 3210 firmat
1974 3177 2092 3212 σκόπει
2119 3175 2262 3222 κλύοηᾋᾎ-

1293 3222 1387 3274 σέμν’
1409 3226 1452 3262 ἵν’
1475 3225 1555 3274 ἥκει
1570 3229 1631 3261 τοῦ
1649 3225 1732 3262 θεοῦ
1749 3224 1971 3272 μαντεύματα
1986 3226 2044 3258 ΟΒ
2061 3222 2129 3258 953
2146 3236 2164 3267 q
2184 3238 2201 3250 ⁴
2246 3221 2267 3248 '³‘

1293 3275 1491 3316 exciderant,
1513 3275 1547 3307 id
1565 3279 1630 3316 est,
1650 3284 1751 3316 quam
1769 3274 1940 3305 mendacia
1954 3274 2025 3305 visa
2041 3275 2131 3304 sunt.
2151 3267 2225 3318 ἥξει,
2252 3265 2284 3313 ς]

1293 3320 1380 3356 αὐτά
1404 3322 1462 3354 ΟΒ
1478 3319 1558 3355 341.
1587 3319 1711 3355 οὐκοῦν
1740 3317 1763 3353 ἅ
1791 3317 1820 3366 γ’
1845 3317 1919 3365 ἥξει
1944 3318 2004 3353 καὶ
2033 3317 2070 3377 σὲ
2098 3317 2168 3367 χρὴ
2211 3334 2226 3361 ‚·
2266 3334 2280 3341 v·

1294 3367 1374 3415 ἐμοί
1397 3365 1467 3402 342
1491 3369 1592 3402 schol.
1610 3381 1616 3400 :
1646 3365 1935 3415 παραγενήσεται,
1951 3369 2243 3445 -φαντὲσεται.ᾰ-’
