2288 3600
0 125 58 203 15».
73 147 293 200 aaa-cm

25 281 26 284 =
47 255 301 307 Ἐξῐστημι.
347 261 478 294 Mediae
516 261 639 292 formae
666 262 700 291 et
725 259 826 291 activi
850 259 993 290 aoristus

0 309 63 344 lter
86 309 301 341 intransitive
326 309 502 348 dicuntur,
534 309 569 339 et
590 307 653 338 hae
678 309 790 348 partes
813 305 902 337 solae
929 314 992 338 ex-

0 358 78 388 tant.
122 355 259 398 Proprie
284 356 408 387 dicitur
433 355 474 386 de
491 353 627 386 vitando
643 354 785 385 alicuius
803 361 988 392 conquam.

0 403 165 449 ιρονοῦντα
188 400 253 448 γάρ
278 412 328 435 νιν
355 400 419 436 οὐκ
435 399 475 434 ἂν
493 398 631 447 ἐξέστην
649 397 742 445 ὄκνῳ
759 400 815 431 Ai.
836 396 893 432 82.
940 399 992 431 De

0 450 147 483 nutantia
163 453 200 482 et
215 453 334 482 struet.
354 460 386 481 v,
409 450 492 486 Lob.
534 448 624 480 Hinc
645 448 804 479 universe
831 450 882 478 est
899 445 988 485 cedo,

0 506 21 529 o
36 497 136 528 locis.-
164 493 332 535 ἐξίσταται
357 494 395 529 δὲ
421 494 541 532 νυκτὸς
563 493 685 539 αἰανὴς
702 490 830 531 κύκλος
847 491 891 540 τῇ
911 490 993 526 λευ-

0 541 131 589 οπώλῳ
149 542 274 590 φέγγος
299 541 414 589 ἡμέρᾳ
440 540 574 588 φλέγειν
599 542 653 574 Ai.
676 537 746 573 672
771 544 805 572 et
827 541 869 572 de
885 543 992 572 certa-

0 592 86 623 ιὶπσε
131 588 183 624 σοί
207 585 240 636 γ’
265 588 353 624 ἑκὼν
380 588 592 634 ἐκστήσομαι
613 589 673 620 Ρ11.
698 584 814 626 1053.,
843 587 926 619 Inde
951 587 991 619 ad

0 637 164 671 §accedendi
203 641 237 669 et
275 637 447 679 deficiendi
486 636 766 676 significationem
808 635 987 666 delabitur.

0 681 57 719 ὑδὲ
81 682 175 728 μένει
198 686 277 722 νοῦς
300 686 374 721 τοῖς
391 687 508 720 κακῶς
527 682 744 729 πράσσουσιν,
767 678 842 714 ἀλλ’
860 679 993 721 ἐξίστα-

0 740 29 766 u
53 731 135 764 Ant.
157 728 237 764 564.
282 732 371 764 Hinc
394 731 533 762 ductum
559 727 658 775 μόλις
684 727 767 774 μέν,
795 726 939 774 καρδίας
966 725 993 760 δ’

0 775 152 823 Ξίσταμαι
174 777 213 812 τὸ
232 777 314 824 δρᾶν
332 779 414 810 Ant.
440 775 528 809 1105
553 788 574 808 a
596 778 740 818 pristina
756 777 917 807 sententia
935 774 992 806 de-

0 827 47 857 ιιὶο
63 826 87 857 i.
107 835 136 857 e.
158 823 322 870 πείθομαι
347 822 485 870 [καρδίᾳ
505 822 589 868 LA].

45 893 52 907 ’
62 892 90 930 E
100 893 116 935 ξ
127 887 258 929 ἴσωτέ
269 907 286 928 ο
297 907 313 932 ς
338 895 544 937 aequandus.
590 891 768 933 ἐξισωτέον
793 891 832 926 τὸ
850 894 931 939 γοῦν
950 889 993 925 'lo‘

0 938 141 981 ντιλέξαι
158 943 216 975 OR
232 939 312 974 408.

44 1011 51 1022 ³
63 1010 91 1048 E
103 1010 119 1051 ξ
130 1023 140 1046 ι
150 1024 200 1059 χν
210 1024 228 1046 ο
239 1023 258 1045 σ
269 1023 291 1045 κ
301 1023 318 1045 ο
331 1023 354 1044 π
366 1010 419 1046 ἐω
447 1013 618 1051 in-ueatiyo,
636 1020 822 1051 persequor.
865 1007 993 1047 ἵππους

0 1058 230 1108 ξιχνοσκοπῶν
250 1060 305 1091 Tr.
328 1056 409 1091 271.
455 1060 587 1091 Tralate
611 1058 757 1089 medium
773 1058 912 1089 dicitur:
933 1057 991 1090 τὸν

0 1106 32 1144 ἣν
49 1106 154 1154 μόρον
173 1105 307 1140 διώκων
325 1099 706 1153 κάξιχνόσκοπούμενος
724 1105 778 1136 Ai.
801 1102 880 1136 997.
918 1098 992 1137 κατ’

0 1164 72 1202 (νος
98 1151 303 1188 ἀκολουθῶν
328 1154 427 1185 schol.
458 1154 552 1193 Pal.,
580 1154 620 1184 ct'.
651 1153 772 1184 Blomf.
800 1152 843 1190 gl.
867 1151 988 1184 Aesch.

0 1203 56 1236 ho.
76 1199 146 1235 222
164 1197 202 1245 (ἴ
217 1205 256 1233 ut
274 1202 307 1232 in
327 1200 442 1244 thesi).

24 1278 27 1281 ’
43 1270 51 1282 ‘
61 1268 90 1306 E
100 1268 116 1311 Ε
125 1283 143 1305 ο
155 1270 172 1304 δ
183 1283 201 1305 ο
213 1282 224 1304 ι
235 1282 260 1304 π
269 1281 288 1303 o
299 1280 316 1318 ρ
327 1269 343 1304 έ
354 1283 382 1305 ω
408 1271 564 1311 eyredior.
594 1268 854 1316 *ἐξοδοιπορεῖν
872 1266 993 1315 στέγης

0 1320 29 1352 ΙΙ.
50 1317 96 1351 20
113 1317 207 1363 [secl.
230 1317 344 1363 ch.].

0 1394 4 1406 ι
20 1371 140 1416 ··”Εξο
153 1375 198 1411 δο
210 1389 226 1415 ς
244 1375 258 1420 ΙΙ
276 1380 426 1418 cyr-ossio.
466 1377 513 1414 ὡς
540 1374 591 1409 ἐπ’
609 1374 716 1420 ἐξόδῳ
734 1372 831 1408 κλύω
848 1379 916 1408 τῶν
934 1372 991 1407 ἔν-

0 1421 74 1466 βῦεν
90 1436 146 1472 χω
171 1427 290 1462 οῦντος
308 1425 360 1456 ΕΙ.
386 1421 485 1457 1322.
530 1421 632 1469 τήνδε
651 1420 679 1455 δ’
698 1419 814 1460 ἔξοδον
833 1419 991 1477 ὀλεθρίαν

1 1472 118 1509 ιιντος
136 1471 152 1506 ἐ
177 1470 264 1511 πίζει
283 1470 398 1518 φέρειν
417 1472 470 1503 Ai.
494 1468 573 1503 798.
604 1470 737 1527 ζητεῖτε
754 1467 896 1514 τάνδρὸς
915 1467 991 1508 ε’ξο-

10 1519 14 1525 ’
53 1517 167 1564 κακήν
194 1517 274 1551 806.
325 1517 410 1564 πρὸς
435 1515 551 1557 ἔξοδον
577 1527 757 1563 στειχουσα
780 1517 861 1547 Ant.
886 1513 988 1556 1184,

5 1567 60 1600 ed
76 1567 239 1608 quomodo
262 1567 386 1598 Bernh.
409 1566 504 1605 Synt.
525 1575 558 1606 p.
584 1562 649 1596 174
667 1574 741 1596 cum
769 1565 991 1604 sequentibus

4 1623 16 1643 2·
51 1611 158 1647 λάδος
174 1610 258 1647 θεᾶς
273 1614 433 1653 coniungi
451 1613 614 1651 voluerit,
642 1621 707 1643 non
726 1611 830 1652 capio.
854 1628 895 1633 -
916 1607 991 1649 ἐξό-

11 1667 15 1670 ”
36 1665 53 1694 ζ
69 1659 183 1707 ἕρπειν
199 1659 301 1698 κενάς
320 1661 374 1692 Ai.
396 1657 464 1692 287
494 1660 655 1691 inutiliter
669 1660 765 1690 στένε.
789 1675 830 1681 -—
849 1657 864 1699 ΙΙ
881 1658 991 1689 Alit-er

42 1716 99 1740 um
123 1709 165 1740 de
189 1707 328 1748 foribus.
379 1703 440 1740 τίν’
465 1704 507 1739 αὖ
534 1704 573 1738 σὺ
596 1703 700 1750 τήνδε
725 1704 810 1750 πρὸς
835 1703 991 1750 θυρῶνος

57 1766 102 1793 ις
120 1757 246 1801 φωνεῖς
263 1753 380 1800 φάτιν;
403 1754 456 1785 ΕΙ.
479 1750 548 1785 328
573 1763 636 1794 qua
650 1757 746 1793 parte
763 1751 988 1792 eyrcdz‘untur,

12 1808 50 1846 ι5,
70 1802 135 1849 πρὸ
158 1806 228 1835 τῶν
255 1799 392 1841 πυλῶν,
423 1803 458 1832 in
476 1800 620 1840 publico.
643 1818 684 1823 —
704 1800 718 1841 ΙΙ
743 1800 832 1831 Hinc
850 1799 891 1831 ad
910 1809 990 1839 pro-

180 1852 214 1881 et
240 1852 300 1881 iter
322 1850 532 1880 transfertur.
579 1846 724 1879 Mediam
748 1847 843 1888 quasi
861 1849 989 1887 partem

24 1906 66 1929 ἰι-
82 1897 248 1939 propriam
264 1897 446 1928 dictionem
469 1898 503 1926 et
519 1896 693 1935 figuratam
712 1897 817 1934 tenet,
840 1903 916 1925 cum
933 1902 990 1924 ex-

15 1959 27 1971 a
123 1954 162 1975 ea·
187 1947 273 1975 terra
299 1944 352 1975 vel
376 1943 500 1974 ditione
525 1942 702 1981 significat.
756 1938 907 1987 ἀσφαλεῖ
931 1938 990 1973 σὺν

98 1990 154 2024 OG
167 1987 266 2023 1288.
294 1990 407 2022 Attica
420 1990 512 2020 enim
525 1993 564 2020 ut
581 1992 654 2021 tuto
671 1989 762 2020 abire
779 1989 895 2020 liceret
913 1997 991 2020 con-

22 2057 33 2065 -=
51 2044 107 2071 um
125 2038 276 2077 Polynici
298 2040 378 2068 erat.
402 2054 443 2059 -—
461 2035 524 2081 τὴν
541 2031 746 2080 Ἡράκλειον
765 2032 880 2073 ἔξοδον
898 2046 991 2080 γοω-

16 2120 18 2122 ,
111 2086 167 2117 Tr.
196 2082 252 2117 51.
306 2082 404 2130 θροεῖ
426 2083 473 2121 ὡς
497 2080 549 2117 ἐπ’
575 2081 699 2128 ἐξόδῳ,
729 2086 890 2123 tanquam
911 2091 991 2122 pro-

107 2142 122 2163 ⁸
139 2129 218 2164 532.

19 2182 238 2229 ”Ἐξοιδα.
259 2191 285 2222 l.
308 2190 455 2222 Formae.
486 2186 637 2227 ἔξοιδα
653 2185 783 2220 Ρ11.79.
805 2185 885 2220 407.
907 2185 987 2220 474.

24 2234 79 2270 ’7.
101 2237 158 2270 OR
171 2234 247 2269 105.
277 2237 332 2269 OC
349 2233 431 2268 270.
454 2233 532 2267 360.
556 2232 636 2268 567.
657 2232 737 2268 985.
762 2232 862 2267 1028.
888 2232 987 2267 1171.

38 2282 85 2317 15.
128 2285 181 2316 ΕΙ.
202 2281 271 2316 222
288 2294 332 2315 m.
371 2280 451 2316 527.
492 2280 593 2315 1251.
627 2280 726 2314 1448.
781 2278 919 2320 ἔξοισθα
936 2282 991 2314 OC

30 2326 79 2363 7.
109 2331 163 2363 ΕΙ.
184 2328 285 2363 1244.
316 2328 477 2369 ἐξειδέναι
496 2330 549 2361 ΕΙ.
566 2327 645 2362 658.
675 2330 733 2362 OR
749 2325 826 2361 129.
856 2326 992 2367 ἐξειδώς

25 2374 134 2420 ζβθθ.
164 2378 222 2410 OR
238 2375 295 2412 37.
318 2396 358 2402 -
378 2375 420 2415 ἐξ
448 2371 515 2422 ’δη
542 2378 623 2409 Ant.
643 2373 723 2409 460.
767 2376 823 2408 Sic
839 2377 987 2408 Brunck.

26 2418 192 2471 Γἐξῄδειν.
215 2418 343 2470 ἐξῄδης
362 2426 417 2456 Tr.
431 2389 564 2457 9881111.
596 2424 695 2455 Tricl.
719 2416 862 2469 ἐξῄδεις.
892 2423 992 2455 Miror

27 2470 158 2507 ”surum
175 2473 292 2504 futiles
309 2473 503 2504 Atticismos
521 2472 723 2503 sectantium
742 2471 913 2502 neminem
931 2480 992 2502 ex-

25 2523 31 2526 ·
97 2529 184 2560 esse,
205 2520 265 2560 qui
279 2520 457 2559 corrigeret
475 2512 661 2564 ἐξῄδησθα,
682 2518 770 2558 quod
783 2527 844 2559 per
857 2527 991 2550 versum

34 2566 196 2610 Julicebat
221 2564 379 2610 [correxit
396 2566 509 2598 Cobet.
532 2566 591 2597 NL
608 2575 641 2606 p.
663 2562 751 2597 215:
781 2566 990 2606 obtempera-

25 2617 51 2658 fss
62 2611 183 2654 Dind„
196 2611 310 2657 ch.].
326 2631 366 2636 —
378 2614 421 2645 11.
444 2612 538 2644 Usus.
560 2612 694 2643 Fortius
712 2615 764 2643 est
780 2622 881 2652 quam
898 2610 986 2652 οἶδα,

18 2661 52 2694 ff
83 2676 89 2687 ι
119 2681 124 2687 -
145 2670 171 2692 s.
188 2662 320 2701 penitus
337 2662 417 2692 scire
434 2661 639 2700 significans.
674 2660 746 2690 Aut
761 2658 850 2690 nude.
867 2659 992 2691 dicitur

28 2712 146 2749 'suasu
158 2733 166 2748 ‚
193 2711 232 2740 ut
249 2708 418 2739 sententia
435 2711 548 2738 tamen
567 2706 737 2738 commode
755 2706 986 2738 subaudiatur.

32 2749 79 2781 ’Ἧι
101 2754 164 2786 Ph.
186 2751 266 2786 474.
295 2755 348 2786 ΕΙ,
369 2750 499 2785 222111.
524 2750 624 2784 1448.
663 2749 762 2790 ἔξοιδ’
778 2750 916 2786 ἀκούων
934 2753 991 2785 OR

29 2796 66 2827 :²³
84 2801 139 2833 ΕΙ.
156 2798 235 2833 527.
265 2799 302 2834 εὖ
317 2795 345 2832 δ’
363 2797 501 2838 ἔξοισθα
518 2796 721 2845 πειραθεῖσά
734 2810 800 2833 που
816 2799 869 2831 El.
887 2797 986 2831 1244.

91 2861 95 2875 2
114 2862 131 2876 u
155 2858 233 2880 casu
250 2851 365 2889 quarto
382 2849 436 2879 vel
454 2848 629 2888 infinitivo.
673 2844 764 2879 τοῦτ’
782 2844 799 2879 ἐ
822 2847 850 2880 ὼ
874 2844 991 2884 καλῶς

76 2894 171 2927 ..Oc
187 2892 268 2927 270.
311 2891 402 2928 τοῦτ’
427 2893 443 2927 ἐ
466 2894 494 2927 ὼ
521 2896 640 2939 σαφῶς
665 2890 776 2931 ἔξοιδα
823 2890 880 2925 60.
932 2893 991 2927 καὶ

37 2933 75 2986 ζ’
97 2938 152 2988 ὑφ’
176 2939 280 2986 ἡμῶν
306 2939 404 2975 οὐδὲν
430 2939 447 2974 ἐ
467 2939 567 2977 ειδὼς
587 2938 691 2973 πλέον
709 2939 766 2972 OR
783 2938 840 2972 37.
885 2940 991 2974 κακὸν

85 2982 174 3022 τοῦτ’
191 2985 369 3027 ἐξειδέναι;
394 2985 472 3020 129.
502 2981 577 3020 ἀλλ’
596 2985 631 3020 ἓν
647 2985 711 3032 γὰρ
730 2985 788 3020 οὖν
807 2985 921 3026 ἔξοιδα
935 2987 990 3019 OC

39 3069 56 3083 ¹
100 3033 143 3069 τὰ
168 3033 196 3068 δ’
222 3033 313 3069 ἄλλα
336 3033 446 3068 πάντα
473 3031 599 3072 ἐπαξιῶ
617 3043 653 3066 σε
672 3031 726 3067 δαί
755 3028 802 3067 ον’
819 3028 885 3067 ὄντ’
903 3031 991 3072 ἐξει-

41 3080 139 3123 El.
161 3079 240 3114 658.
287 3079 417 3122 ἔξοιδα,
447 3079 520 3121 ναί,
550 3082 658 3114 ταῦτα
681 3077 724 3112 12
752 3078 782 3112 1.
829 3082 898 3112 Aut
915 3091 989 3112 aen-

53 3143 74 3169 J..
94 3129 228 3161 relative
243 3129 453 3169 suspenditur
469 3140 488 3160 a
504 3129 614 3159 verbo.
654 3124 767 3165 ἔξοιδα
785 3122 812 3160 δ’
829 3127 876 3164 ὡς
895 3125 990 3172 μέλει

38 3172 39 3206 Ξ
114 3171 213 3208 1037.
259 3173 357 3214 ἔξοιδ’
374 3173 511 3209 ἀκούων
527 3171 637 3214 τῶνδ’,
661 3172 697 3207 ὅς
714 3171 785 3208 ἐσθ’
804 3173 821 3208 ὁ
839 3185 863 3207 π
886 3173 989 3207 οστά-

48 3215 49 3219 ’
84 3224 107 3249 *⁸
130 3219 230 3254 1171.
273 3221 333 3256 καὶ
356 3220 396 3255 σύ
414 3233 480 3255 που
499 3221 617 3266 παρὼν
636 3217 772 3258 ἔξοισθα
792 3218 858 3254 158
886 3246 892 3253 .
937 3219 989 3267 ἆρ’

39 3265 43 3313 ξ
60 3298 71 3310 ,Α
94 3271 97 3273 ”
115 3262 308 3316 [ἐξῄδησθῚ
326 3267 404 3303 ὅσον
421 3268 464 3314 ἠν
482 3267 603 3314 κέρδος
622 3268 675 3300 Tr.
695 3265 773 3300 988.
803 3269 893 3300 Dein
908 3278 989 3308 par-

41 3313 44 3353 ἶ,
75 3347 77 3350 ,
144 3316 297 3356 additur,
324 3317 379 3348 vel
403 3316 519 3348 obiecti
544 3315 597 3346 vel
622 3314 755 3346 subiecta·
773 3324 870 3355 casu,
900 3315 989 3355 quod

44 3392 46 3399 ,
113 3375 138 3389 12
173 3363 384 3404 potissimum
419 3363 479 3394 sibi
512 3363 678 3394 conscium
708 3371 775 3392 ease
807 3362 983 3401 significat.

43 3417 51 3461 ³3
136 3411 218 3451 παῖ,
247 3407 346 3457 φύσει
371 3419 406 3443 σε
434 3409 483 3456 μὴ
509 3406 687 3455 πεφυκότα
703 3409 844 3453 τοιαῦτα
860 3410 987 3454 φωνεῖν

699 135 886 208 ’Etiam
894 158 944 205 μι
971 170 1033 178 -
1056 134 1068 153 ’
1078 138 1292 194 Εξοπίσω

1939 142 2034 189 251

1028 257 1088 290 Ρ11.
1111 253 1167 288 79.
1213 254 1327 296 ἔξοιδα
1350 255 1415 303 γάρ
1438 267 1487 290 νιν
1514 255 1639 290 παντὸς
1655 254 1694 290 ἂν
1712 255 1816 303 λόγου
1833 255 1971 304 γλώσσῃ
1989 255 2044 291 θι-

1050 302 1130 338 όντα
1146 301 1226 336 407.
1273 301 1386 343 ἕξοιδά
1412 314 1448 336 σε
1474 302 1514 337 οὐ
1537 301 1636 349 ψιλὸν
1653 301 1785 348 ἥκοντα
1801 303 1856 338 Oc
1879 301 1979 337 1028.
2002 322 2042 328 —-

1030 346 1128 390 εξοιδ’
1152 347 1240 396 ἀνὴρ
1258 350 1305 384 ὤν
1323 351 1378 383 OC
1395 348 1475 383 567.
1521 348 1718 396 θανουμένη
1744 350 1807 397 γὰρ
1834 344 1939 399 ἐξῄδη
1959 354 2039 384 Ant.

1028 395 1109 432 456.
1152 396 1220 443 ἐγὼ
1239 396 1276 431 δὲ
1292 396 1351 431 τὸν
1370 397 1453 444 ἐμὸν
1470 396 1612 442 (αἰῶνα)
1629 393 1727 438 ἔξοιδ’
1745 398 1874 446 ἔγουσα
1892 397 2044 444 δυστυχῆ

1029 445 1083 477 Tr.
1106 442 1139 477 5.
1163 463 1203 468 —
1225 445 1336 478 Semel
1362 443 1498 485 ἐξειδώς
1514 450 1673 487 tanquam
1699 440 1903 478 adiectivum
1919 447 2044 487 geniti-

1030 503 1108 524 vum
1127 493 1189 524 sibi
1207 492 1283 524 addi
1302 494 1448 533 patitur:
1471 489 1555 526 ἴστω
1571 492 1677 539 μέγας
1697 490 1797 532 Ζεὺς,
1818 493 1866 526 ὧν
1883 487 1912 538 γ’
1931 489 1971 527 ἂν
1991 491 2045 532 ἐξ-

1029 537 1128 576 ειδὼς
1145 542 1241 585 κυρῶ
1261 540 1318 572 Tr.
1339 536 1419 571 399.
1752 539 1783 584 (1
1802 551 1834 582 p.
1852 537 1919 573 625
1938 539 2046 584 med.)

1100 592 1426 643 Ἔξοικήσιμος
1453 598 1640 631 habitabilis
1666 602 1699 629 et
1726 600 1896 632 habitatus.
1947 597 2046 646 εἴπερ

1031 643 1148 724 ἐστξίΜγἲ
1167 643 1386 691 ἐξοικήσιμος
1401 644 1437 689 (ὁ
1455 643 1575 689 τόπος)
1590 646 1645 678 OC
1663 643 1707 677 27
1735 658 1764 677 v.
1787 647 1911 687 Reisig.
1933 657 2041 678 enarr.

1100 746 1360 795 Ἔξοιμώζω
1386 752 1557 782 lamentor.
1602 749 1727 797 γόοισιν
1755 745 1934 797 ἐξῴμωξεν
1960 753 2042 785 Ant.

1029 795 1110 830 427.
1155 797 1173 832 ὁ
1192 792 1220 830 δ’
1237 796 1340 835 εὐθὺς
1366 791 1544 844 ἐξῴμωξεν
1562 797 1714 845 οἰμωγὰς
1740 797 1867 845 λυγράς
1887 800 1939 831 Α1.
1961 797 2041 832 317.

1032 856 1062 877 v.
1083 843 1244 891 γοάομαι.

1101 901 1280 952 Ἐξοίχο
1292 915 1366 948 μαι
1391 904 1506 936 evado.
1553 902 1589 942 ὅς
1608 915 1649 948 με
1667 903 1765 951 ψιλὸν
1782 902 1866 950 ὄμμ’
1883 903 2045 939 ἀποσπά-

1030 962 1091 990 σας
1109 949 1235 998 ἐξοίχει
1253 948 1311 996 βίᾳ
1327 952 1382 984 OC
1400 948 1480 983 867.

1101 1008 1134 1055 [*
1151 1004 1426 1055 Ἐξοιστράω
1451 1012 1581 1050 emyito
1612 1022 1641 1043 v.
1671 1009 1857 1055 ἐξοπτάω]

1101 1064 1346 1113 Ἐξόλλυμι
1378 1070 1560 1108 exstinyuo.
1606 1070 1721 1101 Solum
1747 1071 1831 1110 perf.
1852 1067 1886 1101 2.
1908 1070 2042 1110 legitur,

1025 1118 1146 1157 perisse
1163 1117 1368 1156 significans.
1421 1114 1508 1149 *σοῦ
1534 1115 1661 1162 πατρὸς
1686 1114 1896 1154 ἐξολωλότος
1922 1117 1978 1148 Tr.
1999 1114 2045 1149 84

1030 1162 1124 1208 [secl.
1140 1161 1281 1207 Bentl.].
1304 1163 1411 1194 Locus
1426 1164 1563 1195 vitiatus
1578 1165 1768 1203 manifesto,
1785 1174 1885 1205 quem
1897 1164 2040 1196 Brunck.

1028 1212 1289 1252 transpositione
1308 1220 1425 1242 sanare
1443 1214 1581 1243 conatus
1599 1215 1669 1243 est:
1700 1222 1729 1243 v.
1755 1213 1867 1243 Herm.

1099 1263 1196 1308 Ἐξό
1208 1281 1233 1313 μ
1244 1267 1261 1302 ι’
1265 1267 1286 1302 λ
1297 1281 1314 1303 ο
1325 1276 1340 1302 ς
1362 1271 1566 1310 pereyrinm.
1605 1267 1708 1310 ξένων
1726 1268 1790 1316 γὰρ
1809 1268 1964 1315 ἐξόμιλος
1981 1268 2045 1315 ἥδε

1027 1328 1079 1354 τις
1104 1315 1201 1361 βάσις
1228 1314 1358 1360 [στάσις
1382 1314 1549 1361 Meinek]
1568 1317 1621 1349 Tr.
1643 1314 1712 1349 964
1730 1318 1781 1349 ch.
1836 1318 1886 1349 Ab
1905 1318 1947 1350 H.
1969 1318 2045 1350 Ste-

1028 1365 1139 1405 phano
1164 1365 1242 1396 inde
1267 1366 1534 1404 interpretantur
1559 1366 1742 1403 insuetam,·
1769 1365 1884 1396 Herm.
1916 1375 2046 1406 compa-

1030 1415 1099 1443 rato
1114 1412 1193 1442 Eur.
1211 1412 1258 1443 ΙΑ
1269 1408 1336 1443 735
1352 1412 1408 1443 ubi
1425 1415 1536 1443 exstat
1554 1409 1784 1456 ἐξομιλεῖν
1796 1439 1803 1452 ,
1825 1413 1935 1452 eyredi
1950 1412 2047 1444 domo

1030 1460 1065 1490 in
1082 1462 1227 1496 coctum,
1257 1470 1279 1491 α
1298 1460 1484 1498 percyrinis
1508 1469 1671 1498 cyre-saum
1698 1459 1827 1491 turbam
1844 1461 2046 1501 interpreta-

1030 1508 1096 1538 tur.
1126 1506 1196 1537 Hoc
1213 1506 1384 1537 diversum
1402 1509 1466 1537 est.

1100 1558 1197 1602 Ἐξο
1209 1576 1233 1608 μ
1245 1560 1407 1608 μᾶτόω.
1454 1565 1496 1595 Et
1521 1566 1689 1596 oculatum
1714 1565 1862 1605 faciendi
1880 1569 1914 1596 et
1931 1575 2046 1597 excae—

1029 1611 1128 1643 candi
1145 1612 1389 1650 significatione
1407 1612 1533 1643 dictum
1551 1616 1784 1653 exposuerunt
1802 1613 1919 1644 Vale-k.
1936 1614 2041 1644 Diatr.

1028 1668 1062 1700 p.
1086 1656 1152 1690 197
1178 1662 1212 1690 et
1228 1659 1352 1690 Iacobs.
1383 1669 1436 1690 an.
1465 1659 1504 1690 ad
1523 1659 1648 1692 Athen.
1668 1670 1701 1701 p.
1726 1656 1803 1691 194.
1847 1660 1901 1691 Ex
1919 1660 2047 1691 Phineo

1029 1707 1069 1738 fr.
1092 1702 1160 1737 634
1178 1705 1281 1737 schol.
1310 1706 1369 1738 Ar.
1390 1707 1480 1738 Plut.
1502 1703 1569 1738 635
1589 1708 1686 1738 affert
1711 1704 1964 1751 ἐξωμμάτωται
1988 1705 2046 1740 καὶ

1028 1750 1286 1797 λελάμπρυνται
1303 1751 1420 1796 κόρας.
1450 1754 1521 1785 Hoc
1538 1758 1743 1795 postremum
1761 1763 1820 1795 pro
1836 1751 2047 1788 λελεύκωται

1029 1810 1055 1831 5.
1076 1797 1243 1844 λεύκωμα
1261 1798 1318 1832 ἐπὶ
1333 1803 1403 1832 τῶν
1422 1798 1616 1847 ὀφθαλμῶν
1640 1798 1721 1847 ἔσχε
1734 1829 1741 1841 ,
1769 1810 1854 1842 quae
1878 1802 1979 1833 schol.
2008 1798 2042 1833 2.

1029 1850 1081 1879 est
1098 1848 1278 1887 sententia,
1301 1847 1366 1878 dici
1384 1857 1449 1879 non
1469 1849 1620 1889 potuisse
1641 1849 1706 1880 iam
1721 1849 1915 1880 Hemsterh.
1937 1850 2046 1880 visum

1029 1898 1099 1934 est3
1129 1891 1408 1939 ἐξομματοῡσθαι
1431 1899 1544 1926 autem
1571 1896 1673 1927 schol.
1703 1897 1725 1927 Ι.
1746 1906 1774 1927 c.
1796 1899 1830 1927 et
1852 1897 1931 1927 inde
1948 1896 2042 1928 Suid.

1030 1939 1282 1985 ἐπιτεταμένως
1301 1940 1402 1987 ὁρᾶν,
1422 1943 1466 1982 gl.
1487 1942 1592 1974 Paris.
1622 1940 1763 1987 ὄμματα
1789 1941 1910 1988 ἔλαβεν
1935 1944 2046 1984 expli-

1029 1992 1124 2028 cant⁷
1153 1989 1188 2020 id
1212 1989 1301 2029 quod
1316 1991 1351 2020 in
1370 1989 1555 2030 Phineum,
1578 1990 1704 2031 quippe
1722 1994 1891 2022 caecatum
1908 1991 2047 2022 minime

1029 2036 1196 2067 convenit.
1240 2035 1452 2076 Ambiguitas
1476 2047 1494 2068 a
1520 2037 1696 2069 scholiasta
1719 2038 1832 2077 agnita
1848 2038 1993 2069 maxime
2011 2039 2047 2069 in

1029 2079 1308 2127 ἐξομματοϋσθαι
1325 2084 1425 2124 inest,
1449 2085 1536 2125 quod
1554 2094 1620 2116 non
1633 2085 1697 2116 alia
1714 2085 1754 2116 de
1768 2095 1865 2116 causa
1877 2085 1928 2116 illi
1941 2085 2047 2117 inter-

1028 2134 1207 2171 pretantur
1223 2130 1264 2161 de
1282 2131 1411 2162 oculato
1425 2156 1432 2170 ‚
1459 2132 1525 2163 nisi
1551 2132 1638 2171 quod
1664 2133 1711 2163 sic
1729 2132 1769 2163 ad
1786 2129 2047 2177 λαμπρύνεσθαι

1029 2181 1146 2218 aptum
1164 2181 1198 2208 et
1215 2178 1489 2219 Aristophanem,
1510 2179 1566 2219 qui
1587 2188 1733 2218 versum,
1755 2183 1794 2210 ut
1812 2189 1882 2211 mos
1900 2180 2044 2220 comicis,

1030 2225 1070 2256 ad
1088 2233 1165 2256 suos
1183 2234 1265 2255 usus
1283 2226 1471 2258 transtulit.
1515 2226 1579 2257 Sed
1606 2227 1640 2257 in
1667 2227 1808 2265 satyrica
1826 2227 1939 2258 fabula
1955 2224 2047 2271 λαμ-

1029 2268 1216 2316 πρύνεσθαι
1248 2281 1307 2312 pro
1331 2268 1600 2316 ἐκκαθαίρεσθαι
1625 2283 1650 2304 5.
1680 2270 1918 2319 ἐκκορείσθαι,
1944 2276 2047 2305 everri

1029 2319 1093 2350 dici
1113 2319 1281 2350 commode
1298 2319 1431 2360 potuit,
1460 2320 1549 2351 unde
1575 2329 1701 2360 pronus
1725 2325 1778 2352 est
1795 2321 1834 2352 ad
1852 2321 2047 2353 excaecandi

1029 2367 1095 2397 vim
1115 2367 1277 2397 transitus
1289 2391 1296 2405 ‚
1327 2376 1393 2407 qua
1411 2367 1561 2407 Sophocli
1579 2377 1655 2398 cum
1675 2368 1814 2399 ridicula
1830 2369 2046 2407 ambiguitate

1028 2413 1156 2444 dictum
1174 2416 1236 2444 est.
1267 2412 1373 2453 Magis
1392 2415 1493 2445 etiam
1511 2414 1689 2446 ridiculum
1705 2415 1841 2446 Plutum
1861 2416 2045 2456 spectanti—

1029 2461 1091 2492 bus
1109 2460 1379 2492 Atheniensibus
1398 2461 1503 2505 videri
1521 2462 1686 2501 oportuit,
1710 2463 1768 2503 qui
1786 2463 1875 2502 quod
1892 2463 1932 2494 de
1949 2472 2047 2493 excu-

1028 2507 1148 2539 tiendis
1165 2512 1199 2539 et
1216 2509 1309 2548 quasi
1325 2508 1510 2539 evertendis
1527 2509 1631 2540 oculis
1648 2509 1775 2541 dictum
1794 2510 2041 2549 meminissent,

1028 2554 1069 2585 de
1087 2554 1266 2586 reddendis
1284 2559 1318 2586 et
1334 2555 1525 2596 aperiendis
1542 2562 1741 2596 usurpatum
1755 2557 1921 2588 audirent.
1945 2553 2044 2600 [Tra-

1014 2603 1142 2641 rgicum
1168 2603 1346 2642 utriusque
1373 2612 1489 2634 versus
1516 2603 1537 2634 1.
1560 2613 1586 2635 c.
1616 2605 1764 2634 extentis
1783 2604 1925 2635 colorem
1943 2613 2046 2642 agno-

1029 2650 1091 2680 scit
1108 2646 1231 2692 Dind.]
1252 2670 1261 2678 .
1735 2649 1765 2693 (1
1783 2660 1815 2691 p.
1839 2646 1906 2681 626
1924 2651 1946 2682 l.
1972 2648 2045 2693 12.)

1098 2703 1345 2751 Ἐξόμνυμι
1386 2709 1487 2748 ciero,
1527 2708 1738 2739 iureiurando
1771 2708 1848 2740 dato
1881 2719 1976 2748 neyo.
2019 2706 2043 2753 ἢ

1028 2748 1138 2799 ’ξομεῖ
1152 2753 1190 2787 τὸ
1210 2753 1259 2799 μὴ
1279 2751 1404 2789 εἰδέναι
1422 2755 1503 2786 Ant.
1525 2751 1604 2786 535.

1099 2809 1348 2857 Ἐξομοιόω
1383 2814 1521 2844 similem
1554 2813 1665 2844 reddo.
1719 2811 1772 2846 δεῖ
1804 2811 2044 2858 πωλοδαμνεῖν

1027 2856 1298 2903 κάξομοιοῦσθαι
1332 2857 1429 2905 φύσιν
1456 2858 1617 2905 (πατρός)
1649 2860 1703 2892 Ai.
1734 2857 1802 2892 549
1829 2862 1870 2892 de
1895 2863 2044 2902 paternis

1028 2907 1176 2938 moribus
1194 2907 1429 2938 adsciscendis.

1097 2961 1381 3003 Ἐξονειδίζω
1414 2965 1579 3005 exprobro.
1625 2964 1709 3010 γυνὴ
1744 2968 1905 3010 φωνοῦσα
1938 2964 2044 3000 τοιάδ’

1028 3008 1217 3050 ἐξονειδίζει
1242 3010 1334 3045 κακά
1364 3012 1417 3043 ΕΙ.
1440 3009 1508 3044 288
1542 3014 1697 3044 conviciis
1730 3013 1864 3044 talibus.
1918 3011 2043 3059 φόνους

1027 3051 1209 3104 πατρῴους
1229 3055 1435 3097 ἐξονειδίζων
1454 3063 1584 3104 πικρῶς
1601 3059 1655 3091 OC
1674 3056 1756 3091 990.
1789 3058 1915 3093 τοιαῦτ’
1933 3058 2043 3094 ἀκού-

1027 3115 1087 3142 σας
1105 3102 1370 3143 κάξονειδισθεὶς
1387 3104 1478 3139 κακά
1496 3106 1557 3138 Ρ11.
1579 3103 1658 3138 382.

1097 3157 1335 3202 Ἐξόπισθε
1361 3165 1524 3205 deinceps.
1567 3163 1610 3198 τὰ
1635 3158 1663 3197 δ’
1688 3161 1843 3203 ἐξόπισθε
1861 3164 1977 3212 χειρὸς
1994 3165 2042 3203 εἰς

1025 3208 1068 3243 τὰ
1093 3207 1184 3248 δεξιὰ
1210 3206 1437 3256 Οἰνωτρία
1461 3221 1496 3243 σε
1522 3209 1652 3250 δέξεται
1677 3212 1819 3252 Triptol.
1848 3214 1888 3243 i'r.
1918 3209 1998 3254 527,
2024 3211 2039 3246 1

1026 3257 1176 3297 deinceps
1203 3267 1230 3288 5.
1255 3262 1370 3297 postea
1396 3259 1597 3298 significari,
1642 3259 1682 3289 de
1708 3269 1806 3302 cursu
1829 3260 1974 3300 legentis
1999 3261 2041 3291 li-

1026 3307 1113 3344 tora,
1141 3304 1287 3335 efficitur
1311 3314 1353 3336 ex
1378 3306 1479 3336 Dion.
1507 3306 1583 3337 Hal.
1612 3306 1672 3336 AR
1698 3302 1734 3345 1,
1767 3302 1826 3346 12,
1863 3308 1920 3347 (1111
1938 3308 2038 3348 Soph.

1026 3359 1142 3382 versus
1159 3351 1314 3382 servavit.

1094 3405 1192 3448 Ἐξο
1204 3420 1228 3442 π
1239 3402 1316 3443 ἴσω
1341 3413 1437 3442 retro.
1475 3407 1622 3448 ἐξοπίσω
1639 3409 1740 3458 χερὸς
1757 3408 1855 3456 ὄμμα
1870 3410 2042 3460 τρέπουσα
