2288 3600
258 70 320 117 76
1049 61 1200 135 ’Ἂπερ
1230 98 1289 104 --
1310 65 1535 124 νΑπιστος
2014 82 2039 124 [1
2056 90 2091 123 p.
2110 72 2267 115 189-'12

254 191 436 226 ponuntur,
459 191 529 217 tum
550 188 635 227 quod
654 188 700 218 ibi
719 188 784 218 sola
805 188 971 227 Antigona
990 187 1099 218 habet.
1130 197 1215 227 quac
1236 187 1268 217 in

254 233 386 274 stropha
405 234 493 264 inter
505 234 670 274 Oedipum
690 238 724 265 et
741 234 875 266 chorum
898 235 1077 266 distributa
1095 235 1264 274 leguntur.

328 297 472 350 Ι,”Απερ
505 304 796 346 quemadmodum,
817 306 931 336 instar.
954 306 1159 350 παταγοῦσιν
1182 300 1269 349 ἅπερ

254 355 391 396 πτηνῶν
409 349 529 396 ἀγέλαι
553 352 608 384 Α1.
630 349 694 383 167
711 352 763 384 ch.
786 353 842 383 ubi
860 349 947 398 ἅπερ
965 362 1014 392 pr.
1036 362 1081 383 rn.
1103 352 1139 383 in
1160 351 1217 382 LA
1235 355 1270 383 et

254 399 374 430 lemma
398 399 535 440 scholii,
564 395 624 431 ἅτε
649 408 728 431 6011.
758 400 793 430 111
814 400 870 431 LA
898 403 932 431 et
956 399 1151 441 apographa.
1181 395 1268 445 ἅπερ

252 442 416 492 εὔπτερον
434 443 523 492 ὄρνιν
541 446 599 478 OR
619 443 684 478 175
702 447 753 478 ch.
775 444 811 480 ἇι
828 457 890 493 περ
908 457 926 478 a
944 457 987 478 m.
1009 449 1078 478 ant.
1101 446 1136 477 in
1156 445 1240 488 LA]

322 498 497 551 ‘Aret-:pei
520 507 620 537 ructat.
650 503 769 550 ἁπερεί
792 516 844 543 τις
869 503 1009 542 ἔποικος
1035 502 1155 545 ἀναξία
1172 503 1269 538 οἰκο-

251 556 349 596 νομῶ
367 552 422 584 El.
443 550 507 585 189
523 562 566 584 m.
595 553 704 584 Affert
721 553 814 586 Suid.
837 564 868 584 v.
889 550 1009 592 ἀναξία
1026 557 1060 584 et
1078 551 1265 597 οἰκονομῶ.

321 628 420 669 Ἀπε
432 645 449 680 ρ
460 633 498 668 ίτ
508 646 525 680 ρ
536 646 554 668 ο
565 646 639 672 πος
652 632 707 678 (ι’)
720 635 908 667 nom-edum.
922 637 1005 672 παῖς
1018 629 1269 680 Ἀγαμεμνονί-

253 680 314 718 δας
347 680 574 727 ἀπερίτροπος
610 683 662 714 El.
687 679 753 714 182
771 683 822 714 ch.
854 683 908 715 Sic
932 683 1008 714 libri
1031 686 1066 714 et
1084 683 1202 714 Zonar.
1233 692 1265 723 p.

251 726 333 760 204.
363 730 456 762 Suid.
479 730 512 761 in
532 727 757 775 ἀνεπίτροπος
776 734 809 761 et
826 726 1054 775 ἀπερίτροπος
1073 730 1173 761 habet
1189 727 1269 763 ἀνε-

252 774 428 822 πίτροπος.
478 778 570 808 Idem
597 778 631 808 in
659 778 757 809 verbo
783 775 1015 823 περιτροπέων
1041 774 1268 823 ἀπερίτροπος

250 825 490 865 interpretatur
514 822 774 870 ἀνεπίστροφος,
802 830 841 856 ut
866 825 974 856 schol:
1005 821 1264 870 ἀνεπίστροφος,

250 869 508 908 ἀνεπέλευστος.
553 881 637 910 ,,ηοη
659 872 812 903 reducem
836 872 1000 911 intellige.
1048 873 1099 903 De
1125 872 1268 903 Plutone

250 919 340 950 aliud
366 920 504 950 verbum
531 919 682 950 adhiberi
708 920 868 957 debebat,
898 920 956 950 sed
974 920 1131 960 quoniam
1158 919 1269 950 1111110

249 967 468 1005 myliyentiae
501 967 700 1005 significatio
734 967 834 1007 latet,
873 976 938 999 non
965 977 1049 1007 opus
1082 970 1151 998 erat
1181 966 1269 998 illo.’⁷

248 1013 360 1044 Herm.

319 1065 547 1116 Ἀπερύκω
566 1072 731 1112 prohibeo.
760 1069 928 1118 ἀπερύκοι
955 1069 1043 1110 Ζεὺς
1070 1070 1181 1106 κακάν
1200 1071 1268 1119 φοί-

247 1130 298 1152 τιν
317 1121 370 1151 Ai.
396 1117 460 1151 186
478 1120 529 1151 611.
564 1119 657 1152 Suid.
678 1130 709 1150 v.
732 1117 917 1156 θεόσεπτος
935 1123 970 1151 et
987 1118 1099 1166 φάτις.
1123 1139 1163 1143 -
1182 1119 1268 1166 πρό-

250 1163 328 1199 σθεν
356 1160 383 1199 δ’
407 1164 582 1213 ἀπερύκου
607 1166 662 1199 OC
693 1164 758 1199 169
777 1177 830 1199 an.
877 1167 984 1200 Schol.
1015 1166 1065 1212 μή
1092 1165 1264 1213 διαλέγου,

248 1214 375 1245 abstine
391 1215 511 1246 verbis.

317 1266 482 1319 Ἀπέρχ
489 1284 507 1306 ο
519 1283 596 1317 μαι
625 1273 772 1304 abscedo.
817 1271 881 1318 ἥδε
914 1271 1047 1318 (νόσος)
1081 1285 1139 1318 μοι
1175 1271 1267 1313 ὀξεῖα

248 1318 354 1365 φοιτᾷ
363 1318 422 1353 καὶ
438 1314 550 1367 ταχεῖ’
567 1317 756 1367 ἀπέρχεται
774 1321 833 1352 Ρ11.
852 1318 932 1353 808.
963 1322 1091 1353 Buttm.
1111 1333 1129 1353 a
1143 1322 1264 1353 Wake—

248 1367 358 1399 fieldio
383 1368 492 1409 decipi
519 1377 555 1399 se
580 1377 700 1408 passus
725 1372 797 1408 est,
827 1372 863 1399 ut
882 1365 976 1406 ὀξεῖα
1001 1369 1039 1400 ad
1059 1370 1126 1400 vim
1145 1369 1265 1401 doloris

246 1416 396 1446 referret.
426 1413 461 1451 ἐς
478 1408 547 1448 τόδ’
565 1412 709 1461 ἀπέρχει
726 1412 851 1452 κεῦθος
868 1413 999 1449 νεκύων
1018 1417 1099 1447 Ant.
1120 1413 1190 1448 818
1206 1426 1259 1448 an.

247 1461 294 1499 ὡς
321 1455 349 1494 δ’
374 1458 582 1507 ἀπήλθομεν
609 1462 664 1495 OC
686 1460 786 1495 1647.
814 1460 945 1496 ἄπελθε
969 1460 1050 1495 811.
1081 1463 1133 1494 El.
1159 1460 1259 1495 1031.

245 1502 368 1543 ἄπελθ’
391 1506 522 1543 ἄπελθε
548 1511 612 1542 παῖ
638 1510 755 1542 Oreus.
778 1511 817 1541 fr.
840 1507 918 1542 327.
956 1505 1099 1544 ἄπελθ’·
1128 1508 1263 1556 ἐκείνης

247 1554 350 1590 ὕπνος
368 1554 481 1603 ἰατρὸς
498 1555 599 1590 νόσου
618 1557 735 1598 Eriph.
751 1559 790 1589 fr.
804 1554 874 1589 207
889 1561 926 1589 ut
940 1559 1132 1590 emendavit
1142 1559 1258 1590 Valck.

245 1605 284 1636 ad
303 1604 439 1646 Hippol.
460 1615 494 1646 p.
516 1601 584 1636 313
611 1602 718 1648 [aliud
745 1605 890 1636 tentavit
907 1606 1034 1637 Nauck.
1058 1606 1139 1637 Eur.
1163 1606 1258 1638 Stud.
1280 1603 1282 1662 ξ

252 1649 280 1689 1,
299 1648 373 1693 32].
403 1650 457 1684 σοὶ
485 1650 584 1698 φασὶν
618 1649 719 1685 αὐτὸν
754 1649 789 1689 ἐς
821 1649 944 1697 λόγους
974 1650 1090 1686 ἐλθεῖν
1126 1646 1281 1697 μολόντᾝ

246 1697 351 1732 αἰτεῖν
376 1695 541 1732 ἀπελθεῖν
557 1692 585 1730 τ’
610 1697 774 1745 ἀσφαλῶς
791 1701 855 1744 τῆς
874 1693 962 1746 δεῦρ’
980 1698 1061 1733 ὁδοῦ
1081 1700 1136 1732 OC
1157 1697 1258 1739 1165,
1278 1698 1281 1735 Ι

245 1743 301 1778 67.
321 1757 365 1779 τε
383 1747 423 1778 ab
441 1746 584 1778 Heathio
600 1747 762 1779 additum.
784 1747 1009 1779 Omissionem
1022 1748 1106 1779 hanc
1124 1748 1262 1788 copulae

244 1803 363 1834 parum
390 1797 467 1835 apte
485 1794 637 1826 defendit
663 1795 789 1833 Reisig.
811 1796 977 1826 refutatus
995 1796 1035 1826 ab
1052 1796 1258 1827 Hermanno.

245 1840 385 1882 Propter
401 1841 577 1873 elisionem
603 1842 638 1873 in
656 1842 724 1873 fine
742 1840 864 1873 senarii
884 1844 992 1873 Vauv.
1020 1842 1117 1874 Both.
1140 1843 1257 1874 Elmsl.

246 1884 362 1921 ἐλθεῖν
390 1886 505 1931 μόνον.
543 1889 708 1920 Defendit
731 1898 804 1920 eam
830 1890 944 1921 Herm.
974 1889 1028 1920 El.
1060 1890 1126 1921 DM
1144 1900 1177 1930 p.
1200 1886 1257 1921 26.
1278 1885 1280 1930 ἶ

1377 180 1416 220 Ἀ
1429 197 1509 233 πεχ
1520 183 1572 232 θή
1585 198 1599 224 ς
1626 189 1762 219 invi-«tw.
1800 186 1914 233 πατὴρ
1932 185 2093 235 ἀπεγθὴς
2109 185 2216 221 ὅυσκλ
2267 187 2278 212 -3

1306 230 1464 266 ἀπώλετο
1484 235 1563 265 Ant.
1586 232 1641 265 :30.
1666 233 1778 266 schol.
1801 232 1978 281 ἀπεχθῆ
1990 225 2089 272 ς“διά
2104 233 2162 268 τὸν
2179 240 2250 280 γενι

1304 291 1362 313 νον
1380 278 1513 324 λοιμόν.
1544 281 1647 321 Male3
1670 282 1726 313 diu
1746 282 1835 313 euim
1850 286 1924 322 post
1943 286 2103 314 mortuus.
2134 282 2200 314 Sed
2217 283 2277 320 si

1306 328 1449 359 ficantur
1475 329 1561 360 facta
1585 329 1659 360 eius
1684 333 1718 360 et
1743 329 1947 361 calamitates
1964 339 2100 370 omnes,
2128 330 2252 371 quibus

1305 375 1444 416 reliquit
1462 376 1654 407 memoriam
1672 376 1919 408 detestabilem.
2271 375 2278 391 2

1374 427 1416 467 ’A
1427 431 1543 479 πήνη
1568 433 1679 466 rheda.
1709 432 1828 480 ἀπήνη
1847 428 1875 466 δ’
1891 432 1955 479 ἦγε
1970 431 2078 469 Λάιον
2098 431 2160 479 μία
2169 431 2271 468 OR’?

1304 479 1389 514 κάπὶ
1403 479 1561 526 πωλικῆς
1574 479 1662 527 ἀνὴρ
1677 479 1814 528 ἀπήνης
1827 479 1983 527 ἐμβεβώς
2001 479 2081 515 803.
2103 482 2212 514 Affert
2224 481 2247 515 S
2257 500 2273 512 ι,

1305 540 1335 560 v.
1358 525 1528 574 πωλικῆς.
1549 525 1666 566 ὕπτιος
1685 527 1793 574 μέσης
1805 527 1942 575 ἀπήνης
1957 526 2060 564 εὐθὺς
2074 526 2234 563 ἐκκυλίνδ
2264 549 2269 552 -

1304 572 1384 607 812.
1414 577 1464 607 Do
1482 580 1559 607 tono
1576 587 1607 607 v.
1631 577 1748 608 Arcad.
1770 587 1803 618 p.
1829 573 1906 618 111,
1933 573 1987 609 15.

1374 627 1567 668 Ἀπΐ’θέω
1594 634 1680 666 dicto
1706 634 1843 667 audiens
1866 645 1935 667 non
1958 645 2042 668 sum.
2071 633 2135 669 οὐκ
2158 633 2234 670 ἀπι
2259 652 2272 668 1.

1304 683 1377 718 τοῖς
1395 683 1469 719 σοῖς
1488 678 1611 726 μύθοις
1630 682 1690 714 Ρ11.
1710 679 1799 714 1447
1808 693 1861 714 an.
1885 680 1912 727 [ι
1930 692 1972 715 ex
1991 693 2026 718 ει
2037 684 2164 715 factum
2179 683 2216 715 in
2263 690 2266 695 ·

1306 729 1399 760 Hanc
1427 739 1527 761 unam
1555 730 1691 761 formam
1718 730 1811 761 verbi
1836 730 1900 762 EM
1922 739 1958 771 p.
1981 726 2059 771 122,
2080 727 2137 762 41.
2175 722 2266 763 Gudf

1306 773 1372 817 65,
1403 773 1446 808 39
1482 777 1604 823 Atticis
1630 777 1800 817 concedit,
1838 780 1982 819 uterque
2007 777 2121 809 thema
2144 778 2269 821 opinafz

1305 833 1377 855 esse
1396 820 1522 863 πιθεῖν,
1544 834 1609 865 quo
1650 825 1781 855 nullum
1800 825 1878 865 fuit,
1899 825 2126 866 praetexendo
2139 825 2241 857 Hero·
2260 825 2269 860 ι’,

1304 871 1555 911 auctoritatem,
1577 872 1634 912 qui
1653 872 1695 903 de
1712 872 1823 903 verbis
1841 872 2065 904 nominalibus
2078 897 2088 916 ⁷.
2113 873 2225 914 qualia
2245 867 2270 899 :2⁷

1305 914 1442 951 ἀπιθεῖν
1460 922 1494 950 et
1511 915 1680 959 ἀπειθεῖν,
1710 919 1794 950 nihil
1812 919 1954 951 dixerat.
1992 919 2182 961 Utrumque
2200 919 2230 951 A
2258 917 2274 945 ἑ·

1306 966 1466 997 usitatum
1492 975 1565 997 esse
1591 967 1672 998 satis
1697 966 1968 998 demonstrarunt
1993 966 2154 998 Matthiae
2178 966 2217 998 ad
2247 971 2259 994 'u

1306 1013 1361 1045 Or.
1383 1010 1428 1045 34
1446 1017 1480 1045 et
1497 1013 1614 1045 Elmsl.
1637 1014 1677 1045 ad
1694 1014 1825 1046 Heracl.
1847 1010 1917 1046 968
1943 1014 1985 1046 cf.
2007 1014 2153 1046 eundem
2170 1014 2212 1046 ad
2245 1030 2260 1042 2.
2276 1011 2283 1016 ”

1305 1056 1386 1092 897.
1410 1060 1581 1101 Sophocli,
1612 1062 1676 1092 etsi
1693 1057 1842 1106 ἀπειθής
1859 1061 1972 1101 habet,
2001 1061 2191 1102 productior
2229 1076 2231 1078 ·
2251 1076 2253 1086 i

1305 1108 1398 1139 verbi
1425 1108 1528 1140 forma
1553 1108 1641 1140 dicta
1666 1118 1731 1140 non
1757 1109 1900 1140 videtur.
1939 1109 2103 1141 Valcken.
2125 1109 2165 1140 ad
2183 1109 2230 1140 H
2254 1119 2260 1130 =·

1307 1152 1372 1187 108
1398 1152 1554 1188 ἀπειθεῖν
1581 1166 1622 1187 ex
1648 1165 1763 1196 prosae
1781 1156 1862 1188 adeo
1880 1156 2097 1197 scriptoribus
2114 1155 2266 1197 expuls

1303 1206 1386 1243 erat,
1406 1206 1445 1234 ut
1461 1204 1684 1235 substitueret
1710 1201 1876 1236 ἀπιστεῖν.
2062 1201 2095 1247 (Ι
2111 1213 2146 1244 p.
2169 1199 2246 1235 191.

1374 1268 1500 1306 Ἀπία
1515 1270 1571 1316 (ἁ)
1600 1273 1652 1315 [de
1679 1277 1769 1312 etym
1796 1284 1826 1305 V.
1848 1274 1947 1306 Paus.
1967 1270 2002 1314 2,
2023 1271 2056 1314 5,
2078 1271 2111 1306 7.
2144 1273 2253 1306 Plut.

1302 1330 1349 1360 gr.
1364 1317 1420 1352 51.
1443 1321 1570 1352 Buttm.
1591 1321 1685 1352 lexil.
1704 1318 1734 1361 1,
1749 1317 1822 1363 68].
1843 1323 1908 1366 γῆς
1925 1317 2065 1366 ὅσοιπερ
2082 1316 2204 1358 Ἀπίας
2248 1322 2255 1328 ”

1300 1378 1354 1400 τοι
1371 1365 1558 1400 καλοῦνται
1576 1367 1632 1399 Oc
1654 1365 1753 1400 1303.
1785 1369 2030 1409 Peloponesum
2047 1369 2140 1401 dicit.
2177 1366 2247 1412 Exj.

1301 1424 1386 1456 quae
1404 1415 1526 1447 Aesch.
1560 1415 1678 1457 Suppl.
1700 1412 1769 1447 270
1793 1416 1833 1447 de
1851 1416 1912 1448 hoc
1940 1425 2017 1456 rege
2035 1416 2151 1456 refert,
2172 1416 2211 1447 in
2233 1426 2246 1443 ιτ

1301 1463 1454 1494 observat
1468 1463 1601 1502 Herm,
1620 1472 1741 1494 nomen
1759 1463 1843 1494 illud
1861 1461 1918 1496 τὸν
1936 1460 2040 1508 ἤπιον
2059 1452 2251 1505 significat

1301 1510 1412 1541 fabula
1429 1511 1468 1541 ad
1487 1510 1718 1541 humaniorem
1733 1511 1822 1541 vitae
1837 1510 1965 1542 cultum
1983 1514 2156 1551 repertum
2168 1519 2227 1552 spe
2234 1512 2252 1554 ‚v

1300 1557 1464 1589 videatur.
1488 1558 1597 1596 Quare
1615 1558 1757 1598 primam
1771 1558 1966 1598 productam
1985 1558 2106 1590 melius
2124 1566 2249 1590 conve

1299 1615 1399 1645 quam
1418 1608 1600 1646 correptam
1619 1605 1807 1636 secundum
1825 1606 1947 1647 epicos.
1972 1623 2013 1628 —
2039 1606 2085 1637 At
2103 1605 2204 1646 plane
2232 1623 2246 1637 1,

1301 1655 1404 1697 ρικῶς
1431 1653 1470 1683 de
1497 1656 1583 1683 terra
1600 1655 1725 1684 remota
1749 1649 1852 1686 ἀπίαν
1871 1653 1971 1694 Soph.
1994 1652 2050 1685 OG
2071 1649 2160 1684 1685
2179 1647 2238 1684 ms

1297 1697 1361 1744 γὰρ
1385 1696 1408 1743 ἦ
1434 1693 1496 1732 τιν’
1527 1697 1631 1732 ἀπίαν
1649 1701 1711 1745 γᾶν
1736 1696 1759 1744 ἢ
1779 1698 1916 1733 πόντιον
1940 1693 2088 1733 κλύδων’
2119 1696 2194 1732 ἀλώ
2231 1694 2246 1721 3

1298 1757 1501 1788 quamquam
1527 1744 1550 1780 ἇ
1575 1747 1628 1779 1116
1653 1747 1755 1779 etiam
1772 1747 1909 1788 produci
1936 1747 2030 1779 docet
2054 1747 2240 1789 antistrop-

1298 1804 1415 1825 versus
1436 1791 1536 1826 1713.
1558 1813 1605 1817 -
1630 1795 1682 1826 Ι)6
1709 1797 1850 1836 utroque
1869 1794 2027 1827 vocabulo
2051 1794 2188 1827 consule
2230 1801 2244 1830 1,

1299 1841 1422 1883 Opusc.
1447 1841 1508 1873 Ph.
1534 1838 1564 1881 1,
1587 1838 1665 1873 326.
2239 1885 2242 1890 γ

1369 1894 1411 1934 Ἀ
1421 1911 1445 1933 π
1456 1911 1466 1933 ι
1477 1911 1495 1933 σ
1503 1911 1523 1933 τ
1533 1899 1549 1934 ἐ
1559 1913 1586 1933 ω
1605 1900 1618 1942 ΙΙ
1635 1910 1704 1932 non
1713 1900 1818 1933 credo.
1837 1904 1911 1938 πῶς
1921 1897 2101 1945 ἀπιστήσω
2114 1897 2212 1946 λόγοι
2225 1893 2230 1897 ὁ

246 1935 315 1967 Ν66
348 1932 499 1979 μολόντα
531 1936 698 1971 abundat.
737 1939 774 1968 ut
799 1936 976 1969 Sohaefero
1000 1937 1110 1968 visum
1135 1938 1174 1969 ad
1202 1937 1256 1968 Ai.
1278 1956 1280 1977 ,
1299 1945 1399 1981 τοῦδε
1413 1948 1472 1979 Ph·
1494 1945 1595 1980 1350·
1625 1941 1734 1981 οὐδέν’
1751 1943 1778 1980 0'
1799 1945 1933 1981 ἀπιστῶ
1949 1946 2008 1981 καὶ
2026 1945 2076 1985 δὶς
2094 1945 2216 1992 οἰμῶξ
2239 1978 2242 1983 ἡ

248 1979 338 2014 1183
371 1993 403 2014 v.
424 1983 579 2014 Doederl.
610 2001 651 2006 —
679 1980 760 2027 ἐμοὶ
786 1981 849 2027 μὲν
874 1982 995 2029 ὥρισεν
1021 1982 1136 2029 πατὴρ
1154 1982 1261 2021 ἀκτὰς

246 2026 411 2063 ἀπελθεῖν
428 2027 533 2075 τῆσδε
550 2033 616 2076 γῆς
634 2031 715 2070 Aeg.
738 2032 767 2062 fr
788 2027 840 2062 19.
876 2032 928 2063 Ι)6
945 2032 1110 2063 divisione
1130 2032 1261 2063 Atticae

244 2077 335 2108 inter
348 2077 527 2109 Pandionis
542 2079 627 2110 filios
643 2079 775 2118 Aegeus
788 2078 947 2119 loquitur.
967 2090 997 2109 v.
1013 2079 1137 2110 Meurs.
1153 2079 1258 2118 Regn.

246 2124 318 2155 Att.
339 2120 374 2163 2,
398 2121 452 2156 15.
1003 2124 1034 2169 (Ι
1052 2136 1085 2167 p.
1112 2123 1177 2158 190
1194 2124 1262 2169 in.)

316 2177 506 2228 Ἀπέσκη
517 2193 544 2220 ς.
582 2180 738 2229 ἀπέσκη;
778 2182 873 2223 τόξον
907 2182 1043 2229 ἀπέσκη
1079 2195 1106 2217 s.
1136 2186 1261 2217 rectius

245 2228 304 2262 καὶ
321 2223 403 2268 τόξ’
420 2227 568 2275 ἀπέσκη.
608 2226 694 2277 Σοφ.
717 2228 808 2277 Τρω.
837 2229 895 2274 (fr.
917 2229 1002 2275 552)
1028 2232 1112 2266 ἔνιοι
1138 2230 1174 2265 δὲ
1199 2243 1261 2277 γυ-

247 2274 315 2320 μνὰ
339 2274 468 2322 θήκαις
489 2275 582 2317 τόξα.
619 2279 764 2317 Hesych.
784 2289 870 2320 quae
896 2281 1106 2313 emendanda
1130 2290 1172 2311 ex
1200 2281 1257 2312 Gr.

247 2324 351 2356 Bekk.
381 2334 414 2366 p.
436 2319 524 2365 422,
554 2322 599 2356 33
640 2323 832 2370 ἀπέσκη;
870 2325 983 2372 γυμνὰ
1016 2326 1131 2374 θήκης
1164 2326 1256 2368 τόξα.

246 2372 330 2410 Quis
348 2375 464 2403 tonum
482 2373 632 2404 vocabuli
650 2373 751 2414 plane
769 2374 909 2405 solitarii
928 2376 1104 2415 notaverit,
1131 2376 1255 2415 ignoro.

249 2418 447 2460 [Accentum
466 2417 600 2465 ἀπεσκῆ
619 2421 769 2452 restituit
786 2421 831 2452 M.
854 2421 1032 2464 Schmidt]

316 2482 357 2523 Ἀ
367 2499 391 2521 π
400 2500 415 2521 ε
425 2500 444 2522 υ
454 2486 477 2523 θ
486 2481 505 2522 ὅ
514 2501 531 2522 ν
543 2502 571 2523 ω
603 2500 691 2530 reyo,
726 2491 844 2532 diriyo.
882 2490 960 2538 πρίν
995 2486 1023 2526 α’
1056 2490 1260 2526 ἀπευθύνειν

207 2518 209 2521 r
246 2534 345 2569 πόλιν
370 2536 429 2568 OR
448 2533 524 2569 104.
563 2537 670 2570 Schol.
701 2542 790 2571 recte
808 2537 995 2585 κυβερνᾶν,
1026 2552 1058 2572 v.
1080 2541 1197 2572 Markl.
1220 2541 1260 2572 ad

247 2584 364 2625 Suppl.
394 2580 475 2616 442.
504 2584 550 2615 Et
575 2585 615 2616 de
642 2595 745 2618 nave:
775 2586 822 2624 ὡς
847 2585 1064 2633 ναοφύλακες
1095 2569 1260 2668 νυκτίρήῗ

245 2628 455 2677 ναυκληρίας
489 2629 678 2677 πλήκτροις
706 2630 956 2668 ἀπευθύνουσιν
992 2632 1108 2681 οὐρίαν
1142 2633 1227 2680 τρόπ

247 2678 347 2717 synd.
364 2679 406 2710 fr.
426 2675 503 2710 151.
520 2677 680 2725 πλῆκτρα
694 2682 785 2712 enim
802 2691 975 2723 perperam
994 2680 1138 2715 ναυτικὰ
1155 2680 1260 2727 σκεύη

245 2726 488 2766 interpretatur
514 2726 633 2758 Pollux
661 2724 714 2768 10,
745 2725 833 2767 133,
869 2730 927 2770 qui
953 2739 1071 2761 versus
1100 2731 1257 2770 servavit,

245 2782 321 2804 cum
339 2773 475 2805 deberet
492 2771 657 2817 πηδάλια.
694 2775 803 2807 Aliter
819 2776 945 2808 dictum
963 2778 1062 2818 plane
1081 2777 1135 2808 Ai.
1153 2773 1199 2808 72
1225 2775 1262 2809 σὲ

245 2817 304 2852 τὸν
328 2818 389 2857 τὰς
414 2818 674 2865 αἰχμαλωτίδας
705 2820 811 2869 χέρας
837 2820 975 2868 δεσμοῖς
1008 2821 1258 2857 ἀπευθύνοντα.

246 2866 354 2898 Schol.
383 2865 457 2900 ἀντὶ
473 2869 534 2900 τοῦ
560 2867 727 2914 τιμωρίαν
752 2867 961 2904 ἀπαιτοῦντα
985 2868 1007 2915 ἢ
1033 2868 1263 2916 ἐπιβάλλοντα

247 2911 334 2957 μετὰ
350 2911 509 2960 εὐθύνης.
532 2915 611 2947 Lob.
626 2917 703 2947 olim
721 2918 895 2957 ingeniose
913 2919 998 2950 coni.
1029 2916 1261 2963 δεσμοῖσιν

246 2959 523 3001 ἐντείνοντα,
553 2963 611 2993 8611
638 2967 753 2995 tuetur
779 2965 946 3004 vulgatam
978 2966 1071 2998 Suid.
1100 2976 1131 2996 v.
1153 2963 1262 2999 ἀπευ-

244 3006 351 3048 θύνει,
373 3009 427 3040 6111
446 3018 537 3040 nunc
553 3011 681 3041 accedit
697 3011 754 3043 Gr.
772 3011 877 3043 Bekk.
896 3022 929 3053 p.
946 3009 1025 3053 423,
1046 3010 1102 3044 20.
1124 3010 1261 3046 ἀπευ-

245 3053 368 3090 θύνει
380 3081 387 3095 ,
407 3053 558 3094 κολάζει.
580 3057 670 3088 Ν11111
685 3062 736 3089 est
754 3059 820 3090 nisi
836 3069 955 3090 manus
968 3060 1170 3099 adstrinqere
1183 3061 1258 3091 vin-

243 3103 335 3142 culis,
362 3103 506 3143 ideoque
523 3105 695 3144 perficere,
717 3115 759 3137 ne
776 3116 836 3138 sua
853 3107 1006 3138 libertate
1021 3111 1161 3139 utantur
1178 3107 1262 3148 [ma-

243 3159 307 3181 nus
331 3153 470 3182 retortas
487 3151 619 3182 vincire.
641 3154 821 3193 opponitur
846 3151 1044 3187 ἐπευθύνειν
1069 3156 1111 3186 cf.
1133 3164 1262 3199 παρευ-

243 3193 356 3230 θύνειν
373 3197 428 3229 Ai.
452 3193 540 3229 1069
560 3209 590 3229 v.
613 3199 780 3242 Schndw.]

305 3251 360 3336 ΣΡ
369 3251 399 3290 Α
409 3265 513 3288 πευν
523 3254 571 3295 άζ
580 3269 608 3289 ω
626 3260 788 3298 consopio.
809 3260 1069 3301 apographorum
1083 3265 1135 3292 est
1147 3258 1185 3293 σὺ
1197 3259 1261 3307 γάρ

246 3296 280 3348 μ’
329 3299 579 3340 πευνασθέντος
605 3301 753 3342 ἐκκινεῖς
769 3308 880 3340 κακοῦ
923 3307 978 3339 Tr.
1003 3304 1104 3339 1242.
1127 3308 1181 3339 Ex
1203 3309 1260 3340 LA

244 3343 302 3384 ἀπ’
318 3346 540 3387 εὐνασθέντος
557 3360 689 3392 recepp.
712 3353 814 3385 Dind.
836 3354 953 3387 Herm.
975 3354 1115 3397 Wund.]

1299 1991 1379 2027 940.
1401 1998 1416 2034 Η
1432 2005 1501 2027 non
1513 2005 1626 2036 pareo.
1655 1995 1713 2027 Gr.
1735 1996 1841 2027 Bekk.
1866 2005 1900 2037 p.
1922 1991 2004 2035 424,
2025 1992 2081 2027 32.
2111 1992 2215 2029 ἀπισ
2240 2000 2242 2002 ’

1298 2040 1337 2076 τὸ
1355 2039 1532 2076 ἀπειθεῖν·
1561 2040 1698 2087 λέγουσι
1725 2040 1762 2075 δὲ
1786 2041 1846 2075 καὶ
1869 2039 2027 2076 ἀπιστίαν
2051 2040 2111 2076 καὶ
2127 2038 2230 2076 ἀπεί.

1300 2086 1502 2130 ἀπιστεῖ,
1524 2087 1663 2125 ἀπειθεῖ
1681 2091 1922 2131 interpretatus
1939 2087 2085 2130 Hesych.
2106 2093 2229 2122 enota.

1299 2138 1400 2168 Aeth.
1424 2139 1463 2169 l'r.
1478 2134 1533 2170 30.
1556 2139 1597 2169 cf.
1614 2138 1793 2177 Phrynich.
1808 2138 1896 2179 App.
1918 2137 2018 2179 Soph.
2035 2134 2094 2178 24,
2115 2134 2148 2170 7.
2171 2130 2193 2179 [‘
2216 2151 2229 2181 ,χ

1299 2182 1454 2218 ἀπειστεῖ
1471 2178 1654 2225 scripseris'
1680 2184 1833 2227 Knster.]
1856 2202 1896 2208 -
1932 2185 1983 2216 lta
2013 2185 2088 2222 τοῖς
2120 2177 2195 2218 ἀπι

1297 2229 1379 2265 τάδε
1398 2233 1479 2264 Ant.
1500 2229 1580 2263 219.
1619 2230 1655 2265 σέ
1689 2225 1719 2277 γ’
1753 2229 1960 2265 ἀπιστοῦσαν
1992 2233 2067 2269 τοῖς
2101 2228 2235 2277 βασιλεΙᾹῚ

1297 2276 1417 2324 ἄγουσι
1433 2277 1552 2324 νόμοις
1571 2277 1636 2311 381
1657 2290 1710 2311 an.
1741 2277 1875 2316 πόλεως
1894 2276 2129 2323 ἀπιστήσασαν
2147 2276 2188 2312 ἐκ
2207 2296 2237 2325 -Ἣ

1298 2325 1406 2371 μόνην
1425 2324 1505 2359 656.
1534 2324 1573 2360 οὐ
1601 2324 1728 2360 θᾶσσον
1755 2324 1858 2364 οἴσεις
1885 2320 1966 2372 μηδ’
1990 2323 2188 2371 ἀπιστήσεις
2223 2325 2229 2350 -’

1297 2375 1352 2406 Tr.
1378 2372 1467 2407 1183
1497 2372 1703 2419 [ἀπιστήσησ
1729 2375 1807 2414 LA,
1829 2384 1858 2406 ει
1875 2384 1894 2406 a
1911 2384 1954 2405 m.
1975 2383 2026 2415 pr.
2047 2381 2230 2415 superscr.

1296 2419 1510 2467 προστήσηισ
1523 2419 1601 2467 ἐμοί
1620 2422 1752 2464 schol.].
1779 2418 1982 2466 προστήσεις
1997 2421 2075 2453 lect.
2086 2418 2211 2453 bonaur
2227 2450 2229 2452 .

1297 2470 1325 2501 si
1355 2470 1519 2502 scribatur
1545 2468 1709 2515 προστή
1722 2479 1784 2502 σει
1817 2462 1845 2514 γ’
1879 2465 1983 2513 ἐμοί
2019 2469 2172 2500 observat
2207 2469 2233 2511 ἓῗ

1297 2518 1339 2549 cf.
1362 2518 1401 2549 ad
1419 2518 1473 2549 Ai.
1492 2513 1592 2549 1133.
1616 2510 1696 2561 μηδ’
1714 2514 1907 2563 ἀπιστήσῃς
1921 2513 2022 2561 πατρί
2040 2515 2095 2547 Τ1.
2112 2511 2227 2552 1224.,’·

1296 2575 1319 2597 κ
1343 2566 1396 2601 οῖς
1421 2562 1573 2598 ἀπιστεῖν
1595 2560 1695 2596 1229.
1725 2561 1960 2608 ἀπιστήσαντα
1983 2564 2057 2600 τοῖς
2081 2560 2182 2607 ἐμοῖς
2224 2596 2236 2607 ,ν

1301 2574 1400 2644 1240.
1444 2611 1635 2644 Consensus
1660 2613 1818 2643 librorum
1845 2615 1908 2643 est.
1955 2610 2024 2642 Nec
2049 2619 2190 2651 usquam
2217 2607 2235 2656 ῥ’

1298 2661 1388 2692 στεῖν
1406 2664 1556 2700 apparet,
1577 2659 1664 2700 quod
1678 2659 1756 2691 olim
1771 2668 1838 2690 non
1845 2657 1987 2698 parendi
2005 2657 2226 2712 significatius

1297 2708 1367 2738 lum
1387 2706 1549 2738 Graecum
1565 2707 1674 2737 visum
1692 2706 1866 2738 nonnullis
1880 2708 1942 2745 est,
1964 2716 1996 2736 v.
2010 2705 2129 2736 Markl.
2142 2703 2182 2736 ad
2198 2707 2215 2720 ¹⁴*
2257 2723 2259 2727 ·
2285 2745 2288 2748 Α

1299 2751 1378 2786 389.
1416 2754 1606 2785 Breviorem
1624 2754 1822 2794 scripturam
1848 2753 1913 2784 iam
1941 2751 2132 2793 Stephanus
2162 2750 2226 2791 11-·,μ

1298 2801 1405 2832 Diatr.
1433 2801 1469 2832 in
1488 2802 1576 2832 Isoor
1593 2810 1624 2841 p.
1651 2797 1716 2832 148
1733 2797 1819 2843 (306
1838 2797 1962 2843 Dind.)
1987 2803 2021 2830 et
2038 2799 2136 2830 Valk.
2166 2796 2222 2843 1ιᾷ
2286 2833 2288 2841 2

1300 2845 1332 2887 6,
1358 2845 1435 2888 108,
1456 2849 1510 2879 hic
1527 2851 1639 2879 tamen
1659 2849 1791 2887 longius
1809 2848 1897 2878 iusto
1914 2855 2128 2888 progressus:
2156 2854 2188 2884 y.
2223 2848 2229 2889 ᾖ
2286 2852 2288 2880 ζ

1299 2896 1423 2927 Η611111.
1454 2896 1490 2926 ad
1520 2895 1593 2926 Plat
1617 2895 1755 2926 Theaet.
1777 2904 1810 2934 p.
1831 2891 1911 2926 275.
1934 2894 2026 2925 Bene
2046 2893 2164 2936 Elmsl.

1298 2943 1376 2975 racl.
1398 2938 1478 2974 968.
1517 2939 1752 2975 πείθεσθαι
1778 2946 1811 2973 et
1828 2941 1954 2972 credere
1971 2945 2006 2972 et
2024 2939 2110 2972 dicto
2127 2949 2148 2971 a
2179 2953 2183 2964 ¹
2203 2944 2211 2968 5

1298 2999 1363 3020 esse
1388 2990 1576 3029 significare
1602 2990 1754 3021 observat
1780 2992 1818 3020 ut
1835 2998 1900 3020 non
1919 2989 1963 3019 sit
1980 2988 2068 3028 quod
2085 2987 2225 3027 mirem:
2286 3007 2288 3023 ÷

1298 3034 1449 3070 ἀπιστῶν
1467 3039 1502 3068 et
1518 3037 1712 3068 incredulus
1730 3039 1764 3067 et
1781 3036 2012 3074 immorigerus
2029 3034 2169 3066 dicatur.
2190 3071 2192 3075 .
2207 3058 2211 3063 .
2285 3038 2288 3050 ¹

1368 3100 1407 3141 'A
1419 3105 1571 3140 πιστία
1588 3108 1677 3138 mala
1694 3106 1783 3147 fides.
1811 3103 1953 3151 θνήσκει
1971 3102 2008 3138 δὲ
2022 3103 2142 3142 πίστις,
2166 3106 2175 3131 :
2225 3110 2229 3119 ¹
2282 3110 2284 3120 ¹

1296 3165 1346 3188 νει
1359 3148 1387 3187 δ’
1405 3152 1543 3188 ἀπιστία
1561 3154 1616 3186 OC
1634 3151 1713 3186 611.

1362 3205 1410 3246 ”A
1421 3222 1545 3246 πιστο
1557 3224 1573 3250 ς
1590 3216 1605 3252 ΙΙ
1623 3213 1755 3254 infidus.
1777 3210 1815 3244 τό
1828 3208 1855 3244 τ’
1873 3209 2022 3245 ἐλπίδων
2040 3209 2183 3245 ἄπιστον
2202 3227 2213 3244 ·,

1317 3271 1393 3305 ημα
1409 3257 1516 3293 τῶνδε
1533 3264 1600 3293 τῶν
1619 3258 1724 3300 ξένων
1741 3260 1802 3291 Ρ11.
1816 3256 1896 3291 867.
1913 3260 1954 3301 [v.
1970 3256 2138 3300 Schndw.]
2154 3253 2223 3291 τὰ.

1319 3318 1367 3340 ων
1391 3304 1533 3340 ἄπιστον
1558 3311 1610 3339 est
1633 3305 1672 3340 τὸ
1699 3303 1754 3340 ὑπ’
1780 3305 1869 3351 ἐμῆς
1888 3303 2026 3342 ἐλπίδος
2047 3302 2129 3338 ἀπισ
2181 3304 2215 3331 ἰη

1299 3354 1430 3387 Schaef.
1451 3354 1530 3386 Mel.
1553 3353 1608 3387 Cr.
1629 3364 1662 3395 p.
1687 3351 1764 3386 137.
1794 3355 1867 3390 τοῖς
1894 3350 2055 3386 πολλοῖσι
2079 3349 2220 3405 βροτῶνἶ

2210 3135 2285 3188 ‘sl
