2288 3600
649 3 651 7 .
662 0 680 12 ,ἱ
743 0 745 2 -

32 103 264 187 σαφεῖ]

0 378 83 433 fich.
111 395 143 415 v.
172 382 435 464 ⁶⁹“0F‘M08’m
463 385 559 417 Phot.
581 388 616 416 et
633 385 726 419 Suid.
759 395 790 416 v.
813 394 951 430 μασχα-

19 471 23 478 ,
42 442 98 472 τοι,
119 431 185 467 ΕΜ
201 442 235 473 p.
282 429 335 473 18,
357 429 413 464 29.
435 433 531 464 Eust.
553 442 587 474 p.
611 429 713 472 1857,
734 430 767 463 5.

0 483 279 535 ξΕκμετρέω.
309 491 458 523 Medium
487 491 604 523 tralate
621 491 747 523 dictum
764 492 888 523 emetiri
905 491 952 522 si-

0 526 87 582 μοι.
115 535 178 582 τὴν
196 533 384 583 Κορινθίαν
408 535 545 584 ἄστροις
567 537 607 571 τὸ
625 535 744 571 λοιπὸν
764 536 953 583 ἐκμετρού-

0 584 42 622 be
57 581 170 631 χθόνα
183 582 325 631 ἔφευγον
339 585 396 617 OR
407 581 486 616 795.
507 582 803 630 [τεκμαρούμενος
818 582 952 630 ἄστροις

44 635 119 663 nter
136 632 308 664 observato
326 642 388 664 usu
411 632 536 663 Nauck.
559 643 592 673 q.
605 643 636 663 v.
658 633 693 663 iu
710 632 855 673 append.
876 632 948 663 crit.

0 675 39 723 12]
63 679 184 710 Mirum
203 683 272 719 est,
300 679 463 720 quomodo
481 680 595 710 Herm.
622 683 657 710 et
681 677 953 725 ἐκμετρούμενος

0 720 135 772 {qao-102
153 726 194 757 ad
211 721 399 771 Κορινθίαν
415 724 530 772 χθόνα
547 727 671 758 referre
690 727 850 767 potuerit.
888 727 953 757 Ne-

0 773 113 809 {enim
132 772 282 804 Corinthi
309 777 379 805 erat
397 773 477 805 Oed.
499 774 557 805 sed
578 774 732 814 Delphis,
761 783 822 805 nec
840 783 952 805 rever-

0 816 72 853 ssest
94 820 129 850 in
146 821 300 860 patriam.
337 821 407 852 Non
427 821 530 861 magis
559 822 660 861 probo
676 821 813 852 Heathii
834 821 954 862 'l'oupii

0 865 102 913 „uitii
119 868 275 899 rationes.
309 869 435 900 Verum
459 868 605 899 Brunck.
627 868 729 908 vidit,
759 869 954 908 praeeunti-

0 912 157 961 ffssq'uidem
174 914 277 946 schol.
291 919 325 946 et
335 916 436 947 Suida
454 925 484 946 v.
506 913 692 961 ἀστρονο
704 913 798 960 μία;
820 913 956 960 ἄστροις

0 958 261 1010 ἧμαίρεσθαι
287 959 343 995 ἐπὶ
369 965 437 995 τῶν
472 960 605 1008 μακρὰν
631 961 688 996 καὶ
715 960 844 1008 ἔρημον
875 961 954 996 ὁδὸν

2 1007 25 1054 'j
47 1006 180 1053 ομένων
193 1007 252 1042 καὶ
264 1006 400 1054 ἄστροις
415 1007 674 1055 σημειουμένων
687 1007 749 1046 τὰς
764 1007 875 1044 θέσεις
886 1013 954 1043 τῶν

1 1061 19 1098 ‚10
41 1052 110 1088 δων
138 1051 212 1099 [ubi
239 1066 271 1087 v.
291 1056 414 1087 Bernh.
438 1058 515 1088 adn.
537 1054 643 1100 erit.].
680 1056 725 1088 Ut
748 1058 785 1088 in
817 1054 954 1103 ἄστροις

1 1102 19 1139 J
32 1099 182 1148 ίρεσθαι
207 1103 476 1135 subaudiendum
502 1101 595 1144 ὁδόν,
615 1105 661 1135 ita
675 1103 735 1135 hoc
752 1105 821 1136 loco
841 1102 952 1150 φυγήν

3 1145 21 1183 ἶ
48 1160 172 1196 ευγον,
201 1160 227 1182 s.
263 1149 302 1184 τὸ
334 1143 409 1184 κατ’
434 1149 517 1197 ἐμέ,
552 1150 591 1184 τὸ
626 1148 727 1196 ἐμόν,
757 1155 828 1182 erat
860 1152 951 1182 enim

4 1208 42 1232 2:
65 1197 238 1237 negotium
256 1198 367 1238 fugam
386 1207 576 1239 capessere,
606 1207 671 1239 qua
693 1198 765 1238 ipsa
788 1199 828 1230 de
854 1208 953 1230 causa

5 1258 39 1288 .³
66 1252 161 1286 opus.
198 1243 268 1276 Nec
284 1245 520 1285 negligendum
538 1249 601 1286 est,
630 1249 668 1277 ut
692 1243 730 1278 τὸ
755 1242 873 1278 λοιπόν
893 1245 952 1277 So-

7 1284 29 1317 71.
62 1315 70 1332 ‚
97 1291 146 1322 ita
168 1289 394 1336 σημαίνεσθαι
417 1291 463 1326 τὸ
498 1289 706 1326 ἐντεῦθεν
732 1293 817 1325 dici:
836 1293 952 1324 wAb·

7 1337 109 1417 ,5ιῖΞί
123 1338 246 1370 Aesch.
267 1335 300 1370 2.
321 1349 355 1381 p.
379 1336 445 1371 163
473 1344 507 1371 et
532 1340 657 1379 lacobs.
679 1339 718 1371 ad
735 1340 868 1371 Aeliun.
890 1340 951 1371 HA

8 1444 31 1489 ξ
65 1453 258 1489 κμετρος
283 1446 418 1477 nimius.
447 1442 550 1490 ὄλβον
577 1443 743 1491 ἔκμετρον
770 1444 888 1478 Creus.
910 1446 949 1476 fr.

7 1485 71 1526 ’2.
90 1501 107 1524 ε
123 1494 162 1523 ut
177 1492 214 1523 in
231 1491 319 1524 thesi
332 1493 519 1533 corripitur.

15 1564 23 1574 ¹
37 1540 269 1595 .“Έκμηνος
285 1551 454 1582 metris.
477 1548 650 1596 ἑκμήνους
660 1549 787 1589 τόπους
796 1552 854 1584 ΟΒ,
865 1548 955 1583 1137

10 1598 88 1629 tta
100 1605 164 1629 em.
178 1597 268 1629 Pors.
282 1607 374 1629 nunc
390 1598 520 1629 editur:
539 1599 574 1629 in
591 1599 661 1630 cod.
675 1599 768 1631 Trin.
782 1597 956 1644 ἐκμήνους

10 1643 72 1675 ·in
89 1643 230 1685 reliquis
247 1645 402 1676 omnibus
425 1645 638 1686 ineptissime
657 1643 846 1691 ἐμμήνους,
866 1646 954 1686 quod

11 1691 146 1729 minus
170 1691 286 1732 inepte
312 1692 488 1724 scholiasta
510 1693 667 1733 explicat.
714 1693 765 1724 De
791 1694 894 1724 forma
919 1703 950 1724 ν.

15 1736 37 1777 ‚2³
66 1737 108 1769 ad
124 1737 209 1770 Eur.
229 1738 284 1770 El.
305 1735 384 1771 878.
406 1739 524 1770 Elmsl.
547 1740 587 1771 ad
605 1740 694 1772 Med.
719 1736 819 1771 1150.
841 1740 954 1771 Minus

15 1783 162 1821 ”Attica
178 1789 249 1817 est:
277 1796 310 1817 v.
332 1787 411 1818 Lob.
433 1786 472 1817 ad
491 1786 615 1825 Phryn.
636 1797 669 1827 p.
691 1784 771 1818 414.

16 1862 18 1864 ·
42 1873 44 1876 -
65 1865 88 1891 κ
99 1865 142 1899 μι
153 1853 217 1889 αίν
228 1866 245 1889 ο
257 1866 332 1900 μαι
345 1856 486 1896 polluor.
505 1853 698 1901 μιαίνεσθαι
710 1854 768 1890 καὶ
781 1855 829 1890 ἐκ
841 1854 955 1901 μιαί-

21 1901 36 1940 ‚¹¹
58 1912 120 1936 αιι
154 1901 193 1936 τὸ
219 1900 428 1948 ὀνειρώττειν
455 1899 543 1949 Σοφ.
564 1902 622 1947 [fr.
643 1905 709 1936 inc.
731 1900 816 1947 913)
855 1904 950 1936 Phot.

16 1942 77 2013 &9’
98 1945 119 1981 9
137 1960 170 1982 V.
190 1947 327 1995 μιαίνω.

16 2024 29 2042 2.
64 2005 223 2052 ,κνέμω.
265 2005 330 2041 οὐκ
351 2006 501 2055 ἄψορρον
521 2007 660 2054 ἐκνεμεῖ
672 2007 780 2050 πόδας
809 2010 864 2041 Ai.
886 2006 954 2041 369

14 2058 60 2111 {³4
82 2054 202 2096 pedem
219 2055 244 2086 i.
265 2065 296 2088 e.
315 2065 384 2087 non
400 2056 573 2088 abscedes?
590 2067 621 2087 v.
645 2057 725 2088 Lob.
748 2054 797 2100 [et
806 2057 954 2089 Neuium

36 2244 49 2250 ..
119 2204 186 2255 οὐχ
209 2204 348 2240 ἑκουσία
365 2208 420 2239 Tr.
444 2205 545 2240 1123.
576 2206 731 2242 ἑκούσιον
756 2159 951 2254 λαβιίῗκῑιςΡὶξι).

28 2271 37 2290 ;
58 2258 96 2285 e
113 2263 167 2285 re:
197 2251 270 2287 ὅσοι
284 2249 312 2286 δ’
329 2252 530 2288 ἑκουσίοισιν
550 2253 716 2301 ἔγκεινται
734 2253 876 2301 βλάβαις
890 2257 951 2288 Ph.

68 2299 169 2333 Tricl.
191 2298 407 2335 ἑκουσίαισιν.
430 2319 471 2325 —-
490 2303 722 2334 Adverbiascit
738 2304 861 2335 locutio
883 2305 956 2340 τοῖς

33 2361 39 2373 0
55 2354 105 2385 σι
122 2346 171 2394 μὴ
190 2341 216 2386 Ἐ
233 2346 392 2386 ἑκουσίας
411 2349 466 2380 Tr.
487 2346 567 2381 727.

22 2395 61 2451 νῖ,
72 2404 271 2452 κπαγλος
288 2406 478 2439 horrendus.
507 2407 536 2442 ὦ
554 2405 699 2441 δείπνων
717 2406 876 2454 ἀρρήτων
896 2406 956 2442 ἔκ-

27 2480 34 2503 ,ε
47 2448 156 2501 7ιΞχθη
174 2454 228 2487 El.
247 2450 317 2486 204
333 2464 378 2486 m.
405 2455 446 2486 de
472 2464 574 2488 coena
590 2455 716 2487 dictum
728 2482 736 2496 ,
764 2457 801 2487 in
820 2466 886 2497 qua
901 2465 956 2488 oc-

34 2491 82 2543 ᾎ
104 2510 268 2533 amemno.
290 2518 331 2524 —
355 2502 471 2535 mirus.
500 2500 522 2535 ἁ
540 2496 568 2534 δ’
591 2499 782 2548 εὐήρετμος
809 2500 958 2549 ἔκπαγλ’

107 2545 172 2581 άτα
202 2545 351 2593 θρώσκει
377 2548 432 2580 OC
456 2546 523 2581 716
538 2548 589 2582 ch.
618 2549 660 2580 de
683 2550 767 2582 mira
791 2559 958 2582 remorum

20 2589 119 2637 ἵζω
142 2595 266 2628 dicitur
289 2595 534 2627 adverbialiter.
559 2615 599 2619 —
629 2593 703 2640 [τάν
728 2594 883 2643 ἔκπαγλα
904 2607 958 2630 τι-

26 2632 56 2678 ,ξ
91 2638 129 2687 ἐρ
152 2642 263 2676 πασᾶν
287 2639 420 2675 πόλεων
437 2643 519 2674 Ant.
543 2640 634 2675 1137
651 2643 702 2675 ch.
724 2654 823 2684 quam
840 2647 876 2675 tu
892 2646 959 2675 esci-

26 2684 57 2730 ’Ῐ-ςῖἲ
82 2689 89 2696 '
122 2688 224 2720 Dind.
245 2698 304 2729 pro
320 2699 350 2721 τ.
374 2687 413 2722 ἐκ
429 2690 539 2723 πασᾶν
555 2700 626 2735 τιμ.
647 2687 869 2736 ὑπερτάταν]

23 2744 237 2782 κπείθω
259 2746 441 2788 persuadeo
459 2747 502 2779 ad
518 2747 722 2789 faciendum.
751 2747 774 2794 ἡ
799 2747 877 2795 πρὶν
895 2747 959 2783 αὐ-

23 2785 45 2811 ⁷⁸³⁷
117 2790 176 2827 εισ’
204 2791 345 2828 ἀπαιδία
369 2791 547 2827 031024.
579 2792 728 2834 ἐξέπεισε
754 2807 805 2830 νιν
832 2795 959 2841 τοιῷδε

93 2837 151 2874 τὸν
169 2839 226 2874 σὸν
245 2839 393 2886 έκμῆναι
409 2837 516 2874 πόθον
535 2843 590 2875 Tr.
613 2839 715 2874 1141.

37 2897 345 2945 ζ’ὶπειράομαι
376 2903 476 2933 tento.
502 2897 526 2944 ἢ
561 2896 696 2947 ’κπειρᾷ
728 2898 860 2947 λέγειν;
902 2902 959 2934 ΟΒ

122 2955 153 2977 ε
175 2956 245 2988 me,
274 2949 311 2978 ut
330 2948 433 2993 plura
449 2947 586 2979 dicendo
611 2957 663 2979 me
681 2949 748 2988 ipse
765 2957 955 2988 coar-quam.

32 2994 961 3089 12⁰ssi¹⁰302⁸2335522¹2¹thss{Jeatiiitu‘ssulss‘iuiffssffss‘f

55 3086 318 3131 θηᾱεηᾱοω),
346 3088 402 3119 alii
425 3089 490 3119 alia
514 3091 700 3120 tentarunt.
729 3099 760 3120 v.
782 3089 896 3121 Herm.
920 3086 958 3133 [ἢ

49 3133 74 3169 {3
101 3133 152 3164 ck.
175 3126 210 3178 μ’
226 3130 316 3168 ἑλεῖν
340 3143 399 3176 pro
415 3132 525 3180 λέγειν
543 3133 681 3180 Arndt]

30 3179 31 3182 Ἴ
74 3187 232 3233 gustet
264 3192 348 3223 licet.
377 3190 416 3226 οὐ
449 3191 513 3238 γὰρ
548 3190 684 3226 ἐκπέλει
717 3195 854 3239 φρονεῖν
888 3190 962 3240 μέγ’

30 3243 32 3255 ¹
50 3252 65 3278 g
84 3234 186 3276 ’λός
203 3236 274 3271 ἐστι
285 3238 367 3270 Ant.
382 3236 463 3271 478.
480 3240 625 3280 Hesych.
641 3251 648 3271 :
671 3238 819 3280 ἐκπέλει,
840 3237 957 3280 ἔξεστι.

31 3286 33 3289 ’
112 3308 137 3317 .
153 3284 241 3327 Opp.
265 3283 295 3317 1.
320 3295 354 3326 p.
375 3282 455 3319 526.
678 3286 709 3330 (1
725 3297 760 3328 p.
780 3283 886 3319 5661.
907 3284 962 3331 4.)

18 2157 248 2197 ³20me
279 2161 497 2193 voluntarius.
548 2162 600 2193 De
631 2162 785 2194 homine:

30 2952 56 3023 ‘'³⁴:st4'
28 2871 61 2889 ἕρ
28 2811 61 2848 ῖ“’;ῗ““,

631 101 636 104 ᾖ
669 121 922 191 Ἐκμάσσω
947 156 1015 162 -
1032 119 1319 194 Ἐκπλήσσω

955 2701 957 2703 ,
994 2665 1091 2713 τῆσδΊ
1109 2659 1258 2702 ἐκπλεῖν
1291 2665 1393 2707 θονός

1902 130 2002 185 227

16 215 244 290 ’.Εκμάσσω
260 243 419 283 deterqeo.
439 240 634 291 ἐμασχαλίσ
695 241 781 277 κάπὶ
791 225 952 289 λουτροῖ-
987 245 1130 277 evocavi.
1159 237 1218 277 ἀπ’
1235 241 1384 277 ἐλπίδων
1402 241 1468 291 οὐχ
1486 243 1599 289 ὦνπερ
1617 241 1808 288 ἐξέπεμπον
1834 242 2003 284 εἰσεδεξά-

61 299 104 336 ρᾳ
128 287 276 336 κηλῖδας
300 288 460 336 ἐξέμαξεν
485 291 539 327 ΕΙ.
559 287 641 324 446.
689 288 829 335 ξέμαξεν
855 291 897 323 de
913 299 952 323 eo
987 301 1056 336 μην
1074 290 1128 322 El.
1153 287 1253 322 1128.
1282 289 1489 336 εἰσέπεμπον
1516 290 1602 322 Flor.
1623 287 1651 325 Δ
1678 289 1728 335 [et
1746 292 1803 323 LA
1819 301 1887 332 pr.‚
1907 293 1967 324 sed
1984 303 2003 324 a

19 336 23 341 ’
77 362 85 379 ,
113 338 150 371 in
174 347 239 379 quo
256 338 337 379 quid
354 339 567 378 abstergitur.
603 339 655 370 De
673 347 776 370 sensu
794 348 825 369 v.
846 337 947 370 schol.
987 347 1032 369 m.
1059 340 1129 370 ant.
1157 338 1193 370 in
1218 335 1310 377 ἐξέπ.
1336 335 1531 381 mutatum}
1569 335 1668 383 δεῦρο
1702 335 1800 375 αὖθις
1832 337 2001 384 ἐκπέμψω

988 381 1089 418 πάλιν
1112 383 1170 418 τὸν
1196 381 1296 418 αὐτόν
1315 385 1374 416 Ph.
1399 381 1477 418 127.
1499 386 1541 417 cf.
1563 385 1621 417 ΟΒ
1638 382 1718 417 951.
1746 383 1805 418 καί
1823 379 1857 430 μ’
1875 385 1892 420 ὁ
1913 383 2002 420 Φοῖ-

988 429 1047 476 βος
1064 431 1111 464 ὧν
1140 430 1202 475 μὲν
1222 430 1347 478 ἱκόμην
1371 429 1494 476 ἄτιμον
1521 430 1708 478 ἐξέπεμψεν
1733 433 1791 465 OR
1809 430 1876 465 789
1895 444 1941 467 sc.
1962 431 2002 466 ἐκ

986 481 1047 512 τοῦ
1059 477 1282 525 χρηστηρίου,
1305 481 1326 511 i.
1348 489 1378 511 e.
1401 476 1622 524 ἀπέπεμψεν;
1652 490 1683 510 v.
1706 481 1824 511 Elmsl.
1846 490 1937 512 cens.
1958 481 2002 512 1T

988 526 1174 558 Marklandi
1199 524 1232 559 2.
1260 536 1294 567 p.
1315 523 1385 558 228
1404 527 1495 568 Lips.
1543 525 1658 571 δόμων
1682 537 1718 559 σε
1743 525 1900 577 ὶρμπρὸν
1927 525 2002 567 ἐξέ-

988 570 1094 618 πεμψ’
1118 572 1185 618 ἐγώ
1204 575 1256 606 El.
1281 570 1382 606 1130.
1406 592 1446 597 —
1466 572 1544 636 πρὶν
1569 572 1604 610 ἐς
1633 571 1731 619 ξένην
1757 584 1793 606 σε
1817 577 1916 619 γαῖαν
1943 573 2004 607 ἐκ-

988 618 1123 668 πέμψαι
1144 618 1244 653 1132.
1266 619 1392 666 πρατόν
1408 632 1458 654 νιν
1477 619 1665 667 ἐςέπεμψεν
1684 621 1739 653 Tr.
1751 618 1832 652 276.
1847 639 1888 644 —
1907 621 1999 653 Pass.

990 666 1078 714 ἀνὴρ
1104 667 1168 714 γὰρ
1193 666 1232 702 οὐ
1259 667 1440 701 στενακτὸς
1457 666 1536 701 οὐδὲ
1555 666 1613 701 σὺν
1630 666 1742 705 νόσοις
1761 666 1913 714 ἀλγεινὸς
1931 666 2003 707 ἐξε-

990 714 1144 760 πέμπετο
1170 715 1224 747 OC
1246 712 1336 747 1663
1353 717 1376 746 i.
1394 726 1427 757 q.
1447 718 1596 748 mortuus
1619 718 1675 746 est.
1699 734 1740 739 --
1763 715 1849 747 Med.
1878 715 1908 748 εἰ
1923 714 2003 754 τοὺς

990 760 1176 796 κτανόντας
1191 759 1299 796 Λάιον
1316 765 1380 808 γῆς
1398 760 1552 808 φυγάδας
1569 760 1835 820 ἐκπεμψαίμεθα
1853 763 1911 794 OR
1935 759 2004 795 309

991 819 1028 840 ωε
1045 820 1123 849 ayro
1140 813 1251 841 nostro
1267 810 1495 849 releyaremus.
1523 808 1582 842 τὸν
1606 807 1713 855 ἅνορα
1739 808 1914 856 εκπεμψαι
1934 808 2004 843 πά-

991 854 1043 889 λιν
1061 857 1116 888 OC
1138 854 1225 888 1347
1244 857 1337 888 codd.
1359 857 1512 898 plerique
1532 855 1718 903 ἐκπέμψαι.
1740 858 2004 898 Adsignificatur

991 904 1035 935 ad
1051 914 1083 935 se
1101 913 1276 935 arcessere:
1302 901 1336 936 τί
1361 901 1395 948 μ’
1421 901 1603 950 ἐξεπέμψω
1627 902 1726 950 δεῦρο
1749 902 1858 937 τῶνδε
1883 902 2004 950 δωμά-

990 962 1076 992 των;
1098 951 1155 982 OR
1168 948 1248 983 951.
1278 951 1342 983 Sed
1360 949 1397 984 ὃν
1416 949 1599 998 ἐξεπέμψω
1616 950 1694 996 πρὶν
1712 949 1755 996 δή
1773 962 1856 985 ποτε
1874 949 2004 998 θουρίῳ

990 996 1166 1044 κρατοῦντ’
1193 996 1227 1031 ἐν
1240 990 1287 1032 ”A
1311 1008 1340 1030 ει
1358 999 1413 1030 Ai.
1427 995 1557 1031 614011.
1574 1009 1592 1030 a
1610 999 1787 1031 scholiasta
1799 1000 2004 1040 explicatum

993 1043 1150 1092 ἔπεμψας
1183 1043 1250 1079 ὦδε
1301 1046 1431 1077 Troiam
1457 1044 1644 1088 intellige),
1684 1048 1739 1078 vix
1767 1047 1835 1078 ulla
1860 1051 1936 1078 nota
1964 1047 2005 1078 ab

990 1094 1097 1125 activo
1121 1093 1361 1133 distinguitur,
1398 1094 1464 1125 nisi
1498 1097 1620 1125 tuomet
1644 1095 1779 1125 consilio
1805 1094 1866 1125 huc
1897 1095 2006 1125 venire

991 1141 1113 1172 iussisti
1130 1141 1264 1172 dicitur.

1060 1194 1298 1243 Ἐκπηδάω
1315 1200 1440 1230 eaesilio.
1470 1195 1635 1233 εὖδουσαν
1654 1197 1808 1244 ἐκπηδᾶν
1827 1197 1890 1244 ἐμὲ
1908 1197 2004 1244 φόβῳ

990 1243 1180 1291 ταρβοῦσαν
1199 1246 1255 1277 Tr.
1276 1243 1354 1277 175.
1383 1243 1482 1292 φόβῳ
1502 1245 1692 1292 ταρβοῦσαν
1709 1248 1919 1287 iungendum
1931 1257 2006 1278 cum

992 1292 1110 1333 Seidl.,
1131 1302 1198 1325 non
1217 1290 1314 1338 φόβῳ
1340 1291 1507 1338 ἐκπηδᾶν,
1537 1298 1575 1325 ut
1594 1295 1706 1325 Herm.

1062 1358 1323 1408 Ἔκπίμπλη
1371 1374 1381 1396 ι
1402 1365 1523 1403 expleo.
1554 1362 1908 1410 ἐνιαυτὸνέξέπλησεν
1925 1361 2005 1408 [du-

992 1410 1071 1450 plici
1090 1420 1108 1442 σ
1126 1407 1201 1454 LA]
1219 1411 1264 1442 Tr
1280 1375 1360 1443 2523:
1383 1410 1431 1447 ὡς
1448 1408 1645 1456 ἐξεπλήσθη
1662 1409 1702 1456 (ἡ
1720 1410 1835 1455 νόσος)
1856 1412 1917 1444 Ph.
1939 1408 2007 1443 759

992 1454 1184 1500 [suspectus
1202 1458 1235 1490 h.
1256 1458 1279 1489 l.
1301 1458 1413 1490 hiatus
1430 1458 1489 1499 qui
1506 1459 1610 1490 oritur
1627 1463 1789 1500 sequente
1809 1457 1848 1492 ἰὼ
1866 1459 2006 1491 Elmslei

993 1505 1076 1536 coni.
1099 1502 1257 1551 ἐξέπλησ’
1273 1503 1429 1549 tollitur}
1452 1515 1482 1536 V.
1502 1502 1598 1538 ἴσως.

1062 1555 1198 1596 ‘Enni‘
1207 1574 1263 1596 νω
1287 1563 1387 1596 ebibo.
1415 1560 1546 1610 πλῆρες
1572 1562 1723 1597 ἐκπιόντι
1739 1562 1884 1611 γρύσεον
1901 1562 2006 1610 κέρας

992 1610 1096 1641 Pand.
1127 1611 1167 1642 fr.
1188 1607 1268 1651 429,
1294 1608 1323 1642 1.
1345 1611 1388 1642 cf.
1408 1610 1518 1657 γέμω.
1546 1612 1585 1643 In
1606 1612 1681 1643 Hel.
1710 1606 1850 1651 fr.‘185,
1874 1609 1890 1643 1
1919 1612 2006 1652 quod

992 1661 1062 1688 erat
1079 1658 1158 1688 olim
1176 1655 1264 1702 αἷμα
1279 1656 1406 1702 ταύρου
1424 1656 1454 1703 γ’
1469 1656 1602 1691 ἐκπιεῖν
1619 1662 1694 1700 post
1712 1659 1815 1692 Dind.
1837 1669 1933 1690 curas
1956 1656 2006 1702 [in

991 1705 1093 1736 schol.
1115 1705 1218 1736 Arist.
1240 1705 1324 1746 qu.
1346 1702 1407 1749 84]
1427 1709 1516 1737 recte
1535 1710 1700 1737 mutatum
1723 1709 1776 1738 est
1798 1707 1833 1737 in
1852 1703 1901 1738 αἷ.
1921 1703 2007 1738 ταὺ-

993 1762 1082 1797 ρειον
1100 1753 1202 1792 πιεῖν,
1223 1762 1300 1783 cum
1317 1751 1448 1786 ἐκπιεῖν
1466 1753 1502 1783 in
1521 1753 1730 1793 sanguinem,
1760 1754 1827 1785 nisi
1844 1754 1914 1784 vivi
1938 1762 2008 1784 cor-

991 1799 1092 1840 poris,
1116 1808 1181 1829 non
1199 1799 1303 1831 cadat.
1335 1800 1552 1831 Transfertur
1571 1800 1612 1831 ad
1627 1800 1781 1832 morbum
1797 1799 1984 1831 credentem
1996 1811 2005 1829 :

992 1844 1032 1879 ἐκ
1050 1844 1087 1878 δὲ
1103 1843 1240 1892 χλωρὸν
1258 1843 1344 1891 αἷμά
1366 1857 1432 1891 μου
1450 1844 1611 1880 πέπωκεν
1630 1847 1686 1878 Tr.
1710 1844 1810 1878 1055.
1838 1848 1890 1878 De
1907 1848 2007 1878 tmesi

992 1903 1023 1924 v.
1045 1890 1097 1925 ἐκ.
1126 1894 1258 1925 Deinde
1271 1893 1311 1925 ad
1328 1893 1400 1935 hos,
1429 1896 1485 1934 qui
1502 1895 1638 1925 occultis
1654 1903 1714 1925 nos
1732 1894 1861 1925 insidiis
1873 1897 2004 1934 petunt,

991 1940 1148 1971 tralatum
1162 1941 1202 1971 ab
1213 1942 1381 1980 anguibus
1394 1941 1479 1972 clam
1491 1941 1701 1982 subrependo
1715 1942 1963 1974 mordentibus:
1984 1939 2008 1985 ἡ

990 1983 1069 2019 κατ’
1094 1984 1212 2020 οἴκους
1234 1986 1282 2024 ὡς
1300 1985 1404 2033 ἔχιδν’
1430 1985 1449 2021 ὑ
1479 1986 1599 2034 ειμένη
1617 1985 1775 2034 λήθουσά
1802 1986 1836 2032 μ’
1861 1985 2009 2027 ἐξέπινες

992 2034 1072 2065 Ant.
1094 2031 1174 2066 532.
1197 2045 1228 2065 v,
1249 2035 1347 2066 Eust.
1376 2045 1410 2076 p.
1432 1999 1488 2076 76,
1512 2033 1569 2067 45.
1595 2033 1724 2080 τούμὸν
1749 2032 1921 2069 ἐκπίνουσ’
1954 2033 2007 2068 ἀεὶ

991 2078 1108 2128 ψυχῆς
1131 2078 1280 2126 ἄκρατον
1306 2079 1394 2126 αἷμα
1419 2082 1471 2114 El.
1493 2079 1561 2114 785
1578 2082 1777 2123 sanguinein
1794 2087 1829 2115 et
1844 2083 2009 2114 medullas

990 2128 1160 2160 hauriens.

1062 2183 1301 2220 Ἐκπίπτω.
1330 2187 1466 2228 Proprie
1484 2188 1597 2219 excido
1614 2189 1668 2220 vel
1684 2190 1849 2220 excutior.-
1877 2186 1941 2233 ὅρα
1956 2199 2006 2221 νιν

993 2230 1240 2267 ἐκπεπτωκότα
1257 2232 1386 2280 δίφρων
1404 2234 1459 2266 El.
1472 2231 1552 2266 749.
1579 2236 1690 2266 eiicior
1701 2246 1711 2265 :
1729 2231 1884 2272 ἄθαπτος
1901 2233 2007 2269 ἐκπέ-

993 2290 1045 2313 σοι
1060 2277 1188 2327 χθονός
1205 2282 1259 2313 Ai.
1284 2279 1385 2313 1177.
1409 2299 1450 2305 —
1470 2282 1603 2314 Tralate
1626 2283 1668 2313 de
1685 2283 1876 2314 abeuntibus
1901 2284 1936 2314 in
1951 2292 2009 2314 ex-

992 2328 1114 2360 silium.
1143 2326 1298 2361 ἐκπεσεῖν
1313 2326 1443 2374 χθονός
1455 2328 1522 2361 OC.
1546 2325 1627 2361 766.
1648 2329 1689 2361 de
1706 2331 1800 2360 victis
1812 2340 1822 2359 .·
1847 2331 2006 2374 κρεῖσσον

992 2372 1068 2420 γὰρ,
1089 2371 1176 2420 ἅπερ
1195 2373 1260 2416 δεῖ,
1288 2375 1373 2420 πρὸς
1390 2373 1512 2422 ἀνδρὸς
1530 2373 1688 2409 ἐκπεσεῖν
1705 2377 1785 2408 Ant.
1807 2373 1887 2408 679.
1909 2374 2009 2423 στέρ-

992 2432 1061 2466 γειν
1080 2419 1117 2454 δὲ
1133 2419 1346 2456 τάκπεσόντα
1362 2424 1404 2454 fr.
1417 2424 1484 2454 inc.
1499 2419 1577 2464 686,
1599 2423 1662 2454 hoc
1678 2425 1769 2455 enim
1787 2424 1907 2456 melius
1925 2435 2009 2465 qua-

993 2469 1066 2500 drat
1088 2469 1128 2500 ad
1154 2467 1325 2514 κυβευτήν
1351 2480 1451 2511 quam
1482 2470 1570 2511 quod
1597 2471 1751 2503 TrincaV.
1780 2471 1915 2502 videtur
1937 2472 2010 2512 pla-

995 2517 1104 2547 cuisse
1127 2513 1274 2560 τάμπεσ.
1806 2515 1839 2560 (1
1855 2527 1889 2558 p.
1911 2515 2012 2562 567.)

1067 2570 1269 2608 Ἐκπλέω
1294 2577 1446 2615 enaviyo,
1465 2578 1500 2606 et
1515 2577 1636 2615 naviyo
1654 2576 1861 2617 simpliciter.
1891 2574 2011 2610 ἔκπλει

1155 2619 1333 2666 ευλλαβὼν
1351 2620 2009 2713 wie10⁶.2121.2..2⁷⁷..5‡;22÷:.3⁷3.

995 2713 1138 2810 Ezssussih]
1154 2713 1250 2794 3311
1301 2712 1335 2748 9.
1356 2714 1395 2750 οὐ
1415 2714 1465 2762 μή
1482 2694 1558 2749 ποτ’
1575 2715 1610 2750 ἐς
1625 2715 1689 2762 τὴν
1709 2681 1843 2764 ςΣκῦρον
1861 2715 2010 2751 ἐκπλεύ-

1043 2774 1058 2800 ς
1134 2787 1141 2793 .
1165 2774 1172 2778 ·
1237 2787 1243 2794 .

1065 2816 1235 2865 Ἐκπλη
1247 2831 1264 2866 ρ
1275 2818 1330 2854 όω
1347 2821 1468 2861 expleo.
1487 2818 1628 2855 δέκατον
1647 2819 1831 2868 ἐκπληρῶν
1849 2819 1933 2869 ὄχον
1950 2823 2005 2855 El.

997 2864 1068 2946 ’ἒξ
1082 2868 1379 2946 (ζεὲοᾴιόὂουηυυω
1394 2877 1576 2900 numerum
1600 2870 1763 2910 explen53
1791 2880 1824 2901 v.
1846 2869 1948 2903 Seidl.
1970 2870 2010 2902 ad

1066 2968 1237 3017 Ἐκπλή
1248 2982 1344 3006 σσω.
1373 2972 1503 3004 Passivi
1521 2974 1623 3005 solius
1639 2978 1752 3014 partes
1769 2976 1957 3015 perfectum
1975 2979 2009 3007 et

996 3021 1139 3051 aoristus
1156 3020 1193 3050 in
1210 3029 1275 3051 usu
1293 3023 1384 3060 sunt,
1411 3021 1561 3052 territum
1585 3029 1650 3052 esse
1672 3025 1706 3052 et
1731 3024 1947 3062 obstupescere
1965 3024 2010 3054 si-

996 3067 1208 3106 gnificantes.
1238 3063 1521 3112 ἐκπεπληγμένον
1537 3068 1652 3100 κεῖνον
1671 3065 1853 3112 βλέποντες
1879 3068 1927 3106 ὡς
1943 3080 2009 3102 κυ-

998 3110 1165 3158 βερνήτην
1189 3113 1247 3144 ΟΒ.
1271 3109 1351 3144 922.
1389 3111 1447 3146 σὺν
1478 3111 1516 3147 δέ
1540 3125 1589 3173 νιν
1613 3111 1792 3160 θηρώμεθ’
1826 3113 1924 3149 οὐδὲν
1949 3114 2010 3149 ἐκ·-

997 3156 1243 3205 πεπληγμένην
1283 3160 1364 3191 Ant.
1392 3156 1474 3192 433.
1516 3158 1584 3207 ἐγω
1617 3159 1669 3206 ἥμ
1695 3173 1713 3195 ν
1739 3159 2008 3220 ἐκπεπληγμένη

998 3204 1095 3252 φόβῳ
1120 3207 1176 3238 Tr.
1193 3202 1250 3238 24.
1280 3205 1329 3252 μή
1357 3217 1399 3250 με
1424 3204 1593 3245 δείσαντες
1619 3206 1685 3242 ἐκπ
1709 3206 1805 3254 αγῆτ’
1830 3220 2010 3256 απηγριω-

999 3250 1100 3295 μένον
1123 3253 1183 3284 Ph.
1204 3249 1286 3285 226.
1321 3254 1468 3286 obscure
1495 3254 1550 3285 hic
1573 3256 1722 3296 loquitur
1739 3257 1853 3288 Herm.
1898 3258 2010 3289 Verba

998 3300 1046 3332 sic
1070 3300 1314 3341 componenda:
1352 3299 1401 3355 μὴ
1427 3298 1624 3347 ἐκπλαγῆτε
1649 3299 1740 3348 ὄκνῳ
1765 3313 1806 3334 ne
1825 3306 2008 3343 perterrea-

31 3345 36 3374 ζ
72 3340 263 3388 ’κπέμπω
279 3345 384 3384 mitto,
405 3346 528 3385 emitto,
549 3344 689 3376 dimitto.
719 3338 747 3377 0'
773 3342 870 3382 ἐκτὸς
895 3356 962 3379 πυ-
996 3347 1097 3387 mini,
1129 3343 1297 3384 δείσαντές
1333 3358 1358 3391 μ
1391 3345 1653 3393 ἀπηγριωμένον
1683 3353 1816 3390 propter
1839 3350 2010 3391 efferatam

32 3395 36 3437 ζ
64 3389 83 3397 “’
97 3382 142 3422 δ’
164 3384 276 3423 οὕνεκ’
300 3388 491 3436 ἐξέπεμπον
515 3392 597 3423 Ant.
621 3389 664 3423 19
698 3395 727 3423 te
751 3393 836 3424 eaeire
869 3394 961 3432 iussi,
997 3402 1104 3425 meam
1119 3395 1266 3434 speciem.
1295 3391 1393 3427 οὐδὲν
1412 3393 1622 3441 ἐκπλαγεῖσά
1641 3405 1676 3429 σε
1694 3396 1748 3429 ΕΙ.
1763 3394 1864 3428 1045.
1888 3415 1929 3421 -
1948 3395 2010 3431 λό-

1660 3451 1732 3486 15ΙΙΙ
