2288 3600
202 144 299 190 662

206 259 259 290 ΕΙ.
282 255 361 290 383.
398 256 482 302 πρὸς
498 257 606 288 ταῦτα
622 251 769 287 καινέτω
786 265 837 291 τις
849 279 857 293 ,
894 252 924 285 εἰ
943 251 986 298 βα
1011 250 1122 286 ύνεται
1138 249 1220 284 820.

208 302 293 350 πρὸς
309 306 416 337 ταῦτα
434 301 562 349 κρύπτε
589 299 697 346 μηδέν
724 302 872 342 Hippon.
895 301 936 332 fr.
957 298 978 331 2
1005 297 1038 340 4,
1062 297 1093 331 1.
1117 317 1222 331 —.—

208 351 240 385 3.
261 352 276 394 11
294 353 429 383 Dicitur
449 352 489 382 de
507 350 588 381 loeis
607 349 708 380 etiam
726 349 773 380 ita
785 373 792 387 ‚
824 351 861 379 ut
880 348 921 379 de
937 351 1026 379 statu
1043 348 1111 379 solo
1130 348 1223 386 eogi-

207 401 270 432 tari
289 400 405 441 possit.
435 390 585 443 σήμαιν’,
607 389 668 428 εἴτ’
686 393 758 442 ἔχει
775 399 891 442 χῶρον
911 394 994 440 πρὸς
1012 392 1111 428 αὐτὸν
1124 392 1222 427 τόνδε

205 443 245 493 γ’,
274 441 334 479 εἴτ’
352 443 443 493 ἄλλῃ
461 445 562 490 κυρεῖ
579 444 640 476 Ph.
661 435 728 475 23?
758 434 824 475 sed
842 452 923 474 sane
941 443 1122 473 accessisse
1139 442 1223 473 illue

206 497 398 527 versantem
412 494 448 524 in
466 503 504 524 eo
517 493 585 524 loco
601 494 744 532 oportet.
771 492 832 523 τοῦ
851 488 914 535 γὰρ
932 487 1127 534 ἀνθρώπων
1146 482 1221 521 πότ’

205 541 248 587 ἡν
266 540 308 574 τὰ
322 538 435 573 πολλοὶ
452 538 578 585 πατρὸς
592 536 676 584 πρὸς
694 536 803 584 τάφον
821 536 1048 583 κτερίσματα;
1070 537 1124 567 El.
1137 533 1217 568 931.

207 589 352 627 Possint,
374 598 435 619 nee
449 588 564 618 minus
582 587 667 617 bene
685 584 770 630 πρὸς
786 583 886 629 τάφῳ
913 585 998 623 dici3
1028 584 1221 623 significan-

205 642 261 668 tur
285 636 377 667 enim
402 631 595 678 ἐπιτύμβιοι
617 630 699 680 χοαί
722 631 821 675 [Ant.
851 629 948 674 901).
993 632 1058 663 Sed
1092 631 1222 670 gravior

206 683 379 716 sententia
396 685 468 721 est,
499 681 540 712 de
566 681 757 722 superfusis
776 680 928 720 sepulcro
946 679 1077 710 inferiis
1096 679 1220 717 cogita-

206 733 330 762 tionem
357 730 508 760 iniicere.
555 727 606 759 Of.
631 728 751 759 Matth.
773 727 813 758 ad
833 728 913 758 Eur.
936 726 988 757 El.
1010 723 1089 757 313.
1137 725 1220 756 Inde

206 777 407 810 adverbialis
424 777 545 807 locutio
563 779 618 806 est
641 778 703 819 τῆς
730 773 767 807 δὲ
791 777 856 819 γῆς
881 773 919 806 τὸ
938 771 1021 818 πρὸς
1045 771 1143 805 νότον
1168 769 1221 803 εἵ-

208 824 296 871 ληχε
315 821 455 859 Πάλλας
474 823 557 862 Aeg.
575 823 616 855 fr.
641 819 696 862 19,
717 819 737 853 3
753 821 1004 853 meridionalem
1017 823 1158 860 partem.
1178 837 1219 841 ——

207 870 240 904 4.
261 866 279 911 ΙῙ
293 873 344 903 De
361 870 560 911 assequendo
578 870 642 911 fine
659 873 689 900 et
707 870 843 900 termino
862 872 1057 909 usurpatur.
1095 864 1174 899 ὅταν
1195 861 1222 898 δ’

208 917 269 966 ’ίκη
295 917 379 964 πρὸς
401 919 500 950 τοῦτο
526 917 581 949 Ai.
612 914 692 948 556.
736 913 826 960 ἡνίκ’
853 912 893 948 ἂν
920 913 962 960 δὴ
991 913 1074 959 πρὸς
1099 912 1220 959 γάμων

209 951 310 1012 aim*
328 963 443 1009 ἀκμάς
461 961 638 996 0R1492.
676 964 723 1000 ὡς
750 961 786 996 δὲ
805 961 888 1008 πρὸς
905 960 1006 998 τέλος
1030 960 1119 1006 γόων
1139 959 1172 993 ἀι
1191 958 1221 993 ι-

205 1025 305 1047 κοντο
323 1013 378 1045 OG
395 1009 496 1043 1621.
514 1029 555 1035 —-
928 1008 976 1052 (ΙΙ
993 1019 1026 1049 p.
1045 1006 1125 1048 653,
1146 973 1221 1051 13]

277 1059 311 1092 5.
346 1063 362 1098 Ιι
395 1060 483 1090 Hine
507 1059 638 1090 tralatio
657 1059 696 1090 fit
714 1059 752 1088 ad
771 1058 946 1089 consitium
971 1056 1107 1097 aliquod
1131 1055 1222 1095 facto

209 1106 458 1148 assequendum.
505 1102 652 1143 ἐξέλκων
687 1103 777 1138 πόὸα
809 1103 893 1149 πρὸς
921 1105 1022 1137 τοῦτο
1056 1104 1118 1135 Ph.
1138 1100 1217 1134 292.

207 1159 283 1192 πῶς
309 1152 367 1187 οὖν
391 1148 574 1190 Ὀδυσσεὺς
599 1151 684 1197 πρὸς
700 1149 772 1184 τάδ’
798 1150 862 1185 οὐκ
886 1148 1100 1197 αὐτάγγελος
1120 1148 1220 1183 πλεῖν

205 1202 248 1247 ἡν
267 1200 422 1246 ἑτοῖμος;
444 1197 524 1233 568.
553 1198 636 1245 πρὸς
650 1197 682 1232 τί
701 1201 869 1243 μενοῦμεν
884 1197 1066 1244 πράσσειν,
1087 1195 1155 1230 836
1165 1198 1217 1229 ch.

207 1250 260 1282 Ad
278 1251 480 1281 structuram
499 1249 662 1279 sermonis
680 1247 845 1278 dissimile
872 1246 919 1283 ὡς
945 1244 1030 1290 πρὸς
1055 1243 1087 1278 τί
1112 1243 1220 1283 λέξων

205 1294 229 1342 ἢ
247 1293 468 1341 καταρτύσων
487 1292 626 1338 μολεῖν;
657 1294 711 1325 OG
727 1291 782 1324 71.
804 1298 838 1325 et
856 1294 985 1333 inspice
999 1293 1147 1331 Reisigio
1165 1293 1222 1323 ad-

208 1347 332 1376 notata.
362 1341 447 1387 πρὸς
472 1340 504 1374 τί
527 1335 616 1374 τοῦτ’
641 1339 789 1387 ἐφίεσαι,
819 1342 877 1373 OR
895 1337 974 1371 766.
1019 1337 1221 1383 ὡδοιπόρεις

207 1390 245 1424 δὲ
263 1390 348 1437 πρὸς
364 1389 396 1424 τί
419 1386 541 1422 τούσδε
558 1387 638 1425 τοὺς
654 1387 801 1428 τόπους,
834 1385 934 1420 1027.
969 1386 1054 1432 πρὸς
1070 1385 1102 1420 τί
1118 1388 1220 1419 τοῦτο

206 1435 334 1475 τοῦπος
363 1436 528 1482 ἱστορεῖς,
560 1433 662 1467 1144.
694 1435 741 1472 ὡς
772 1434 856 1480 πρὸς
885 1432 916 1467 τί
944 1433 1083 1479 χρείας;
1116 1431 1217 1465 1174.

207 1483 360 1518 εἰκαθεῖν
379 1481 572 1531 ὁρμωμένῳ
598 1482 682 1528 πρὸς
707 1481 914 1528 κασιγνήτου
937 1480 1022 1514 τίσιν
1040 1482 1095 1514 OC
1116 1478 1217 1512 1329.

208 1530 441 1578 παραλλάσσει
467 1529 592 1575 φρένας
613 1529 766 1576 χρηστὰς
783 1529 869 1573 πρὸς
895 1527 1021 1576 αἰσχρὰ
1047 1525 1222 1575 πράγμαθ’

207 1577 369 1613 ἵστασθαι
393 1580 474 1610 Ant.
504 1574 585 1609 299.
629 1577 713 1622 πρὸς
749 1576 864 1617 ἔξοδον
899 1576 1081 1623 στείχουσα
1118 1573 1219 1608 1184.

208 1629 405 1671 καταστεφῆ
434 1620 601 1671 στείχονθ’
627 1623 696 1669 ὁρῶ
714 1623 772 1657 τίν’
797 1622 905 1670 ἄνδρα
930 1624 1014 1671 πρὸς
1031 1623 1141 1671 χαρὰν
1160 1620 1224 1665 λό-Ι

209 1685 277 1719 γων
297 1674 352 1705 Tr.
376 1670 453 1705 179.
492 1674 639 1704 Brunck.
662 1673 702 1703 de
721 1674 911 1704 coniectura
926 1671 1039 1718 χάριν,
1062 1682 1127 1704 non
1146 1680 1223 1711 pro-

208 1722 378 1761 babiliter,
400 1721 459 1752 sed
478 1721 644 1760 pessime3
674 1721 912 1760 explicandum
928 1721 1018 1751 enim
1035 1718 1148 1765 χαρτὰ
1165 1715 1222 1750 λέ-

209 1767 320 1808 ξοντα.
357 1766 442 1813 πρὸς
465 1765 498 1799 τί
524 1760 552 1798 δ’
579 1765 743 1812 ἱστορεῖς,
772 1764 852 1798 418.
889 1766 936 1804 ὡς
955 1765 1041 1812 πρὸς
1065 1765 1097 1799 τί
1116 1764 1223 1798 πίστιν

235 1810 300 1848 ‘vo'
327 1813 411 1860 όίγαν
441 1812 670 1859 ἐπιστρέφεις;
694 1811 793 1845 1182.
840 1812 925 1859 πρὸς
947 1813 979 1847 τί
1006 1811 1224 1859 ὃυσλόγιστον

206 1827 267 1896 63⁷
285 1855 365 1909 ᾖξεν
381 1860 486 1908 χέρα,
517 1862 571 1892 Ai.
593 1858 649 1893 40.
679 1859 915 1906 κάπεμπόμην
933 1861 1017 1905 πρὸς
1034 1863 1141 1894 ταῦτα
1168 1860 1221 1892 ΕΙ.

210 1907 289 1942 680.
327 1909 410 1954 πρὸς
435 1906 467 1941 τί
482 1909 572 1941 τοῦτ’
597 1906 702 1941 εἰπὼν
720 1911 853 1954 κυρεῖς;
887 1906 989 1941 1167.
1018 1907 1057 1941 σὺ
1077 1905 1104 1940 δ’
1127 1905 1224 1944 ἐκτὸς

210 1951 294 2002 ᾖξας
312 1956 398 2002 πρὸς
415 1954 466 1997 τί,
489 1953 589 1987 1402.
626 1953 793 2002 λαθραῖον
813 1955 859 1993 ὡς
878 1954 1004 2001 ὀρούσῃ
1024 1954 1109 2000 πρὸς
1128 1953 1224 1991 δίκας

209 2003 327 2050 ἀγῶνα
353 2001 453 2036 1441.
483 2001 568 2048 πρὸς
593 1999 701 2047 ἅσπερ
727 2001 759 2035 οἱ
786 2007 982 2049 μαργῶντες
1001 2001 1224 2036 ἐντονώτατοι

211 2054 278 2085 inc.
299 2052 339 2083 fr.
361 2048 448 2090 722,
477 2060 666 2091 quanquam
684 2050 744 2081 hoe
761 2051 863 2082 etiam
881 2052 1046 2083 rationem
1064 2051 1154 2082 inter
1171 2059 1224 2081 res

212 2100 295 2131 duas
312 2098 581 2130 intercedentem
600 2098 780 2137 significet.
808 2099 884 2129 Huc
902 2108 943 2129 an
963 2099 1003 2130 ad
1021 2097 1223 2138 colloquium

211 2156 287 2178 cum
300 2146 410 2186 aliquo
423 2144 587 2176 miscendi
604 2145 671 2175 vim
687 2146 825 2176 referam
842 2146 971 2184 ambigo
989 2145 1043 2177 OC
1057 2141 1122 2176 167
1141 2154 1194 2175 an.
1213 2156 1219 2175 τ

211 2191 312 2239 λόγον
330 2189 362 2224 εἰ
379 2187 434 2224 τιν’
462 2189 570 2237 ’ίσχειν
589 2190 674 2237 πρὸς
699 2190 785 2235 ἐμὰν
803 2189 941 2238 λέσχαν,
970 2190 1107 2237 ἀβάτων
1134 2189 1225 2224 ἀπο-

213 2237 286 2285 βάς,
315 2237 370 2272 ἵνα
388 2240 470 2271 πᾶσι
485 2238 604 2283 νόμος,
627 2238 742 2284 φώνει.
772 2240 987 2271 Hermannus
1005 2242 1079 2280 post
1097 2237 1224 2284 λέσχαν

213 2287 372 2319 distinxit
397 2296 471 2318 oum
489 2286 672 2327 plerisque,
702 2287 758 2317 sed
785 2287 887 2318 altera
911 2288 993 2318 ratio
1018 2288 1131 2318 minus
1156 2288 1224 2317 for-

215 2339 305 2366 tasse
332 2334 491 2373 vulgaris.
536 2334 586 2364 De
605 2333 665 2364 Ph.
690 2330 790 2364 1406.
821 2345 851 2364 v.
881 2331 1158 2379 προσωφέλησις.
1182 2351 1223 2356 -

215 2381 415 2413 Finitimum
440 2381 535 2412 illius
560 2381 698 2411 rationis
717 2384 786 2419 est,
817 2391 893 2412 eum
918 2391 969 2411 res
994 2382 1104 2421 aliquo
1129 2379 1225 2412 modo

215 2428 334 2470 effecta
350 2428 570 2467 significatur.
601 2424 670 2471 ὁρῶ
688 2425 752 2472 γὰρ
778 2426 858 2460 ούόὲ
877 2426 930 2460 σοὶ
954 2427 992 2460 τὸ
1012 2426 1069 2460 σὸν
1089 2421 1226 2471 φώνημ’

215 2474 266 2508 ἰὸν
292 2485 317 2507 π
340 2473 377 2511 ὸς
394 2472 512 2519 καιρόν
531 2474 589 2506 OR
607 2470 686 2506 325.
725 2473 826 2519 ὁρᾶς,
856 2473 940 2520 πρὸς
959 2473 1063 2520 ὀργὴν
1090 2474 1226 2520 ἐκφέρει

214 2522 268 2554 ΕΙ.
289 2518 310 2553 6
335 2519 368 2554 8.
1001 2521 1051 2565 (11
1068 2533 1102 2564 p.
1124 2520 1226 2564 654.)

283 2566 316 2600 6.
337 2568 352 2610 ΙΙ
368 2569 536 2600 Plurimae
555 2572 636 2601 sunt
652 2569 838 2600 locutiones
857 2569 1076 2609 adverbiales,
1097 2569 1226 2611 aliquid

214 2616 326 2656 aliquo
347 2619 491 2656 spectare
515 2617 762 2656 significantes,
805 2616 888 2647 aliae
913 2617 987 2647 aliis
1011 2618 1116 2657 magis
1150 2628 1225 2648 enm

215 2662 366 2702 proxima
383 2664 640 2703 praepositionis
659 2663 691 2693 vi
709 2664 892 2703 copulatae.
914 2661 1064 2708 εὐσεβεῖν
1081 2663 1124 2697 τὰ
1140 2663 1226 2709 πρὸς

215 2705 317 2746 θεούς
341 2709 402 2741 Ph.
422 2707 522 2742 1441.
558 2712 650 2743 ταῖσι
683 2706 812 2753 Θήβαις
846 2707 875 2741 εἰ
905 2707 948 2742 τὰ
971 2712 1030 2743 νῦν
1063 2709 1227 2758 εὐημερεῖ

215 2754 332 2792 καλῶς
355 2754 397 2789 τὰ
422 2755 507 2801 πρὸς
533 2755 569 2789 σέ
593 2757 649 2789 OG
667 2753 747 2788 617.
789 2775 822 2779 «-
861 2755 991 2794 κακοὺς
1017 2755 1116 2794 ὄντας
1142 2758 1226 2805 πρὸς

217 2800 348 2848 αἰχμήν
380 2803 442 2834 Ph.
465 2800 566 2835 1307.
594 2814 698 2835 manu
713 2805 847 2835 minime
880 2803 1000 2844 fortes,
1038 2807 1171 2846 proprie
1198 2807 1226 2836 si

215 2850 259 2881 ad
299 2860 392 2881 arma
435 2851 616 2883 tractanda
650 2850 910 2890 a99recliemium
950 2855 1012 2884 est.
1047 2870 1088 2875 —
1119 2851 1227 2898 πρὸς

218 2894 312 2942 βίαν
327 2922 335 2936 ,
371 2897 442 2928 sive
467 2898 495 2928 si
519 2899 563 2937 vi,
602 2898 673 2929 sive
699 2898 727 2929 si
762 2899 865 2929 invito
898 2898 1008 2939 aliquo
1043 2900 1222 2940 significat,

216 2943 374 2975 undecim
400 2945 479 2975 locis
503 2946 667 2984 prolatum
694 2955 725 2976 v.
748 2954 774 2976 s.
805 2942 860 2988 βία
884 2955 918 2985 p.
942 2941 1004 2976 121
1024 2947 1057 2978 b.
1100 2946 1226 2978 Eadem

217 2990 462 3030 significatione
495 2992 683 3033 praeditum
724 2990 808 3035 πρὸς
843 2989 960 3037 ἰσχύος
999 2991 1124 3037 κράτος
1163 2994 1223 3025 Ph.

218 3034 296 3068 594.
334 3048 365 3070 v.
395 3038 515 3070 nimsi.
544 3039 584 3070 aa
609 3038 696 3070 Med.
726 3036 805 3070 525.
837 3028 980 3083 -Ἀφὸς
1006 3038 1179 3084 εὐσέβειαν
1205 3038 1227 3073 ἁ

215 3082 304 3129 κόρη
333 3081 423 3128 λέγει
440 3085 493 3116 ΕΙ.
514 3082 594 3118 464.
619 3103 657 3108 -
689 3084 797 3129 πρὸς
822 3083 992 3129 ἡδονήν
1021 3090 1155 3126 yratum
1181 3089 1227 3118 si-

217 3131 354 3171 gnificat
386 3132 438 3162 El.
461 3128 540 3163 921.
569 3133 610 3164 fr.
639 3133 748 3164 Acris.
770 3129 827 3172 60,
848 3129 880 3172 2,
911 3133 971 3164 sed
997 3138 1227 3174 comparatum

218 3187 294 3209 oum
309 3178 464 3217 volupate
481 3179 562 3210 Ant.
586 3175 687 3211 1171.
716 3180 758 3211 cf.
781 3189 807 3211 S.
836 3176 947 3224 ἡδονή
964 3189 999 3220 p.
1020 3177 1088 3212 505
1106 3182 1138 3214 b.
1175 3182 1228 3213 Ita

216 3227 407 3264 comparata
423 3234 499 3256 eum
515 3226 640 3257 divitiis
656 3223 756 3258 κᾶστι
783 3237 806 3258 π
831 3224 868 3262 ὸς
891 3225 934 3259 τὰ
950 3225 1115 3272 χρήματα
1138 3225 1227 3273 θνη-

215 3273 305 3304 τοῖσι
319 3267 430 3303 τᾶλλα
448 3269 588 3317 δεύτερα
602 3272 719 3304 Oreus.
741 3274 782 3304 fr.
826 3269 883 3314 25,
905 3270 937 3305 4.
966 3267 1016 3305 'V.
1036 3275 1164 3314 Musgr.
1185 3275 1227 3306 ad

217 3318 299 3351 Eur.
319 3318 390 3349 Ion.
415 3315 515 3351 1532.
539 3337 579 3342 -
598 3318 706 3365 πρὸς
729 3317 898 3365 καιρόν.
927 3324 1122 3360 opportune,
1150 3324 1227 3362 apte

217 3364 260 3396 ad
276 3374 357 3396 rem.
386 3368 438 3396 ter
463 3366 628 3406 prolatum
654 3377 685 3398 v.
707 3376 734 3398 s.
763 3364 880 3411 καιρός
897 3377 930 3407 p.
952 3364 1018 3399 361
1037 3378 1066 3400 a.
1095 3368 1226 3400 Pariter

216 3409 302 3456 πρὸς
316 3409 356 3444 τὸ
373 3409 502 3457 καίριον
519 3415 635 3447 πονεῖν
652 3413 780 3445 dictum
797 3413 857 3445 Ph.
875 3410 955 3446 525.
976 3415 999 3446 i.
1017 3424 1048 3448 e.
1069 3412 1220 3462 καιρίως.

997 135 1121 202 Πρός
1149 164 1208 169 -—
1239 134 1503 200 Προσάπτω

1947 146 1992 188 [11
2008 155 2042 187 p.
2055 140 2274 189 653-1655]

1260 251 1391 284 Similia
1408 251 1521 291 attigit
1538 252 1655 284 Elmsl.
1677 261 1770 284 cens.
1791 252 1873 284 Eur.
1891 251 2011 293 Suppl.
2027 251 2214 283 Her-manni
2229 250 2271 283 ad

1260 310 1290 331 v.
1313 295 1393 330 881.
1418 315 1458 321 --
1486 297 1594 342 πρὸς
1618 297 1779 345 κρίσιν.
1808 299 1856 337 ὡς
1872 302 1942 332 τῶν
1961 303 2029 333 σῶν
2052 297 2182 333 τέκνων
2199 295 2272 331 λεί-

1260 357 1357 379 ποιτο
1383 344 1468 391 πρὸς
1492 344 1590 386 τόξου
1616 344 1724 392 κρίσιν
1751 347 1807 378 Tr.
1826 343 1907 380 266.
1937 364 1979 371 —
2003 344 2110 392 πρὸς
2135 343 2273 391 ὀργήν

1260 392 1428 424 iracunde.
1453 392 1561 438 μηδὲν
1580 392 1666 439 πρὸς
1685 392 1789 440 ὀργήν
1805 394 1859 426 ΕΙ.
1872 390 1952 426 369.
1971 411 2012 418 -
2031 404 2055 426 π
2092 392 2139 431 ὸς
2163 393 2272 438 πρᾶ-

1259 438 1332 478 ξιν.
1374 437 1608 486 σχετλιώτατα
1639 440 1724 486 πρός
1756 452 1794 487 γε
1827 438 1946 487 πρᾶξιν
1988 441 2044 473 Tr.
2087 437 2132 473 79
2150 450 2194 472 m.
2222 449 2268 471 sc.

1259 485 1373 527 ἔθανε,
1395 489 1418 519 i.
1435 497 1465 519 e.
1496 486 1680 534 δεινοτάτῳ
1696 487 1826 535 τρόπῳ.
1849 506 1891 512 -
1910 486 2019 532 πρὸς
2046 485 2173 533 φύσιν
2197 487 2268 531 i‚q.

1259 533 1366 580 φύσει.
1405 533 1490 578 πρὸς
1517 534 1579 578 μὲν
1604 533 1668 581 γὰρ
1701 534 1800 582 φύσιν
1835 533 1972 568 πάντων
2001 533 2142 580 ἄπειρος
2164 531 2273 567 τῶνδε

1258 583 1313 613 Tr.
1336 579 1415 614 308.
1435 579 1458 626 ἢ
1478 580 1587 627 φίλων
1604 594 1655 620 τις
1671 580 1695 627 ἢ
1715 581 1800 627 πρὸς
1819 580 1965 627 αἵματος
1983 580 2081 628 φύσιν
2099 582 2153 615 El.
2168 577 2268 614 1125.

1258 631 1280 661 i.
1302 639 1332 661 e.
1355 629 1520 675 συγγενὴς
1539 628 1636 663 οὖσα.
1658 649 1698 654 -
1725 629 1834 676 πρὸς
1859 628 1987 676 χάριν
2012 633 2050 661 ιιι
2073 631 2194 670 volupe
2211 631 2270 660 est.

1257 675 1397 721 κορέσαι
1423 676 1533 721 στόμα
1558 677 1642 722 πρὸς
1665 675 1764 723 χάριν
1792 675 1878 722 ἐμᾶς
1904 675 2030 723 σαρκὸς
2055 674 2176 713 αἰόλας
2208 675 2268 706 Ph.

1262 722 1348 755 1156
1364 735 1406 755 in.
1437 723 1575 761 οἰωνοῖς
1594 723 1752 770 εἰσορῶσι
1768 723 1853 769 πρὸς
1869 722 1970 770 χάριν
1989 722 2094 769 βορᾶς
2111 724 2192 756 Ant.
2213 719 2271 754 30.

1258 782 1288 802 v.
1308 773 1422 803 Herm.
1447 790 1487 795 -—
1508 774 1543 804 in
1560 774 1724 811 yratiam:
1755 771 1802 816 τῷ
1819 770 1909 805 κατὰ
1926 773 2000 816 γᾶς,
2021 770 2058 808 ὃς
2075 769 2151 805 νέον
2170 769 2270 816 ἔρρει,

1259 817 1343 863 πρὸς
1359 817 1459 864 χάριν
1479 819 1533 852 OC
1555 817 1642 851 1776
1661 830 1715 851 an.
1746 818 1831 865 πρὸς
1855 817 1956 865 χάριν
1972 829 2008 851 τε
2025 817 2090 852 κού
2108 816 2165 864 βίᾳ
2181 815 2272 862 λέγω

1259 867 1359 897 Aeth.
1382 867 1420 897 l'r.
1443 864 1498 905 26,
1525 864 1554 906 1,
1583 867 1662 898 inde
1686 877 1809 898 causa:
1841 865 1932 904 τίνος
1955 864 2063 911 νόμου
2090 864 2133 910 δὴ
2167 868 2275 900 ταῦτα

1258 912 1342 958 πρὸς
1366 911 1465 959 χάριν
1491 911 1602 959 λέγω,
1631 914 1712 945 Ant.
1742 911 1823 947 908.
1872 914 1977 945 Plane
2002 914 2100 946 aliter
2125 911 2164 946 σὺ
2191 911 2274 959 πρὸς

1257 959 1357 1007 χάριν
1378 960 1440 1005 μὲν
1459 959 1522 994 οὐκ
1541 959 1643 1005 ἐρεῖς,
1671 959 1788 994 κλάων
1807 955 1835 993 δ’
1853 959 1944 1006 ἐρεῖς
1960 961 2018 993 OR
2033 957 2134 993 1152.
2157 962 2274 993 leniter

1258 1013 1287 1040 et
1304 1009 1407 1039 amice
1425 1012 1572 1049 royalus,
1594 1009 1684 1049 quod
1700 1012 1810 1040 coacto
1828 1008 2274 1040 contrarium.-—Ultimum

1258 1057 1310 1087 his
1329 1056 1440 1086 simile
1458 1057 1642 1096 generatim
1656 1056 1784 1087 dietum
1801 1059 1854 1088 est
1872 1054 1975 1100 πρὸς
1994 1053 2059 1088 ὄτι
2072 1082 2079 1096 ,
2099 1058 2272 1096 quatenus,

1260 1113 1324 1143 qua
1343 1104 1378 1133 in
1393 1113 1438 1134 re.
1462 1100 1555 1136 οὔτοι
1573 1114 1624 1136 σοι
1650 1101 1762 1148 μούνᾳ
1778 1100 1865 1149 ἄχος
1884 1101 1995 1148 ἐφάνη
2015 1100 2158 1147 βροτῶν,
2189 1101 2274 1148 πρὸς

1259 1148 1308 1183 ὅτι
1327 1148 1366 1182 σὺ
1382 1154 1450 1182 τῶν
1468 1148 1563 1183 ἔνδον
1583 1149 1614 1183 εἷ
1632 1148 1774 1196 περισσά
1791 1144 1842 1182 ΕΙ.
1867 1147 1933 1183 155
1953 1151 2004 1181 eh.
2028 1167 2068 1174 —
2089 1150 2274 1190 Sedplane

1258 1198 1410 1229 absimile
1428 1202 1480 1229 est
1505 1197 1552 1235 ὡς
1579 1193 1694 1231 οὐκέτ’
1717 1195 1814 1235 ὄντος
1838 1196 1902 1244 γὰρ
1927 1195 1970 1230 τὰ
1995 1194 2191 1242 συμβόλαιά
2215 1206 2276 1230 σου

1258 1243 1341 1290 πρὸς
1358 1243 1418 1281 τὰς
1437 1243 1612 1291 παρούσας
1638 1242 1814 1291 ξυμφορὰς
1832 1243 1991 1290 ἐφαίνετο
2009 1245 2071 1276 Ph.
2087 1242 2168 1276 885.
2197 1245 2220 1276 i.
2239 1254 2270 1275 e.

1258 1294 1285 1323 si
1304 1295 1437 1333 spectes,
1463 1303 1525 1332 pro
1542 1295 1682 1324 ratione.
1725 1292 1863 1324 Confert
1880 1293 2005 1332 Musgr.
2028 1292 2112 1325 Eur.
2134 1292 2271 1333 Hippol.

1258 1336 1337 1371 698.
1376 1341 1452 1372 Hel.
1475 1337 1554 1379 329,
1594 1350 1680 1380 quae
1708 1350 1772 1371 non
1801 1341 1973 1371 simillima
1991 1342 2082 1380 sunt,
2112 1340 2192 1379 quia
2216 1339 2275 1370 ad-

1258 1388 1525 1418 verbiaseentem
1544 1388 1747 1419 locutionem
1766 1388 1866 1419 verbo
1884 1387 2159 1419 accommodatam
2177 1396 2274 1418 mon—

1258 1437 1377 1466 strant.

1329 1479 1362 1515 7.
1382 1484 1398 1519 ΙΙ
1416 1482 1467 1513 De
1483 1483 1684 1523 proprietate
1699 1483 1863 1513 sermonis
1875 1482 1943 1513 sola
1959 1481 2106 1513 notanda
2117 1481 2276 1522 exempla

1259 1531 1341 1560 sunt
1369 1530 1515 1570 speciem
1544 1530 1711 1570 quandam
1742 1530 1928 1570 pleonasmi
1953 1538 2030 1570 prae
2055 1538 2092 1560 se
2115 1529 2272 1559 ferentia.

1260 1577 1386 1607 Horum
1406 1586 1513 1607 unum
1532 1577 1763 1616 eximendum,
1791 1577 1878 1617 quod
1894 1577 1996 1608 variis
2014 1576 2180 1608 variorum
2197 1585 2276 1607 con-

1260 1624 1400 1655 iecturis
1426 1628 1570 1655 vexatus
1595 1628 1658 1663 est,
1686 1624 1741 1655 OC
1760 1621 1822 1655 71:
1853 1623 1900 1661 ὡς
1931 1622 2016 1669 πρὸς
2047 1621 2079 1655 τί
2111 1620 2218 1660 λέξων
2250 1618 2274 1664 ἢ

1261 1668 1482 1715 καταρτύσων
1502 1668 1634 1715 μολεῖν,
1663 1671 1752 1712 quod
1768 1672 1892 1711 Musgr.
1911 1671 2140 1708 intellexerat,
2169 1674 2208 1701 ut
2224 1673 2276 1701 ta-

1262 1728 1339 1749 men
1365 1728 1540 1759 perperam
1565 1717 1649 1763 πρός
1672 1729 1703 1750 τι
1727 1720 1898 1755 scriberet,
1932 1719 2097 1758 explicuit
2123 1717 2272 1756 Reisig.:

1262 1764 1309 1801 ὡς
1340 1763 1459 1809 μολεῖν
1487 1763 1550 1808 (so.
1580 1763 1740 1810 πομπάς,
1776 1766 1863 1806 quod
1896 1767 2004 1806 priore
2039 1774 2140 1796 versu
2172 1765 2277 1803 inest,

1261 1814 1420 1853 numquis
1437 1817 1582 1844 vestrum
1597 1813 1778 1852 nuntiabit,
1799 1817 1837 1844 ut
1853 1814 1980 1850 veniat)
2005 1811 2091 1857 πρὸς
2107 1809 2150 1852 τί,
2170 1808 2279 1849 λέξων

1261 1857 1283 1902 ἢ
1314 1858 1554 1904 καταρτύσων;
1585 1857 1647 1903 [ὡς
1676 1859 1759 1906 πρὸς
1787 1858 1831 1900 τί,
1859 1857 1966 1900 λέξων
1991 1857 2015 1903 ἢ
2039 1856 2274 1902 καταρτύσων,

1262 1906 1373 1953 παρῇς
1413 1908 1531 1949 Dind.]
1555 1925 1594 1930 -
1614 1906 1697 1953 πρὸς
1731 1905 1763 1939 τί
1796 1909 1964 1952 μενοῦμεν
1997 1905 2174 1952 πράσσεινς
2212 1906 2272 1937 Ph.

1262 1951 1330 1986 836
1349 1955 1400 1986 eh.
1430 1956 1628 1986 Infinitivus
1647 1955 1829 1996 epexegesi
1847 1955 1993 1986 additus.
2031 1954 2109 1985 Alia
2126 1956 2220 1993 sunt,
2241 1953 2280 1984 in>

1262 2003 1385 2041 quibus
1404 2006 1457 2033 est
1475 2003 1614 2033 verbum
1634 2003 1873 2042 compositum,
1894 2006 1933 2033 ut
1950 2002 2013 2033 alia
2023 2001 2276 2042 praepositione

1261 2058 1346 2089 opus
1364 2059 1430 2081 non
1449 2050 1503 2080 sit.
1532 2048 1591 2081 καὶ
1609 2048 1651 2082 τὰ
1668 2046 1860 2093 παθήματα
1875 2050 1975 2082 κεῖνα
1993 2047 2076 2094 πρὸς
2094 2045 2195 2081 αὐτὸν
2212 2049 2276 2090 τῆς

1261 2094 1466 2141 ὢμόφρονος
1495 2093 1635 2142 Χρύσης
1661 2094 1770 2141 ἐπέβη
1806 2097 1866 2128 Ph.
1890 2093 1955 2128 194
1973 2105 2026 2127 an.
2067 2093 2152 2141 πρὸς
2178 2091 2286 2128 λιθά-μ

1262 2153 1411 2188 στρωτον
1427 2142 1537 2188 κόρης
1562 2146 1730 2189 νυμφεῖον
1746 2136 1860 2178 Ἅιδου
1889 2140 2010 2176 κοῖλον
2043 2139 2280 2187 εἰσεβαίνομεν,

1262 2191 1342 2222 Ant.
1360 2188 1461 2224 1204.
1484 2192 1731 2232 Explicandum
1744 2194 1859 2222 autem
1876 2187 2001 2234 εἴσειμι
2019 2188 2104 2235 πρός
2123 2200 2158 2222 σε
2175 2186 2279 2235 ψιλός

1262 2238 1321 2269 Ph.
1344 2234 1423 2278 953,
1446 2238 1531 2279 quod
1551 2236 1690 2271 εἰσιέναι
1709 2248 1773 2270 non
1793 2238 1891 2269 facile
1909 2247 1984 2269 eum
2002 2238 2070 2268 solo
2087 2237 2282 2268 accusativo*

1263 2285 1399 2316 dieitur.
1973 2282 2023 2327 (ΙΙ
2040 2294 2074 2325 p.
2096 2280 2176 2323 655,
2199 2280 2277 2327 11.)

1334 2337 1508 2389 Προσάγ
1519 2357 1547 2376 ω
1572 2344 1711 2376 adduco.
1757 2344 1892 2384 Proprie
1917 2343 2065 2374 dictum:
2105 2339 2148 2374 τὰ
2177 2337 2282 2374 πάνθ’

1265 2389 1352 2433 ὁμοῦ
1379 2389 1502 2424 ἑκατὸν
1534 2393 1685 2436 προσῆγε
1709 2393 1863 2436 συμμιγῆ
1893 2387 2099 2434 βοσκήματα
2114 2389 2170 2420 Tr.
2192 2384 2281 2420 ¹762.¹

1262 2436 1313 2474 τίς
1333 2448 1368 2470 σε
1386 2436 1604 2484 προσήγαγεν
1621 2435 1738 2484 χρεία;
1762 2438 1822 2469 Ph.
1840 2434 1922 2470 236.
1952 2437 2100 2468 Tralate:
2130 2433 2154 2480 ὴ
2171 2431 2284 2480 Σφὶγξ

1263 2483 1305 2518 τὰ
1328 2484 1412 2530 πρὸς
1439 2484 1518 2518 ποσὶ
1545 2478 1686 2518 σκοπεῖν
1714 2481 1880 2529 μεθέντας
1904 2482 1999 2529 ἡμᾶς
2015 2481 2151 2530 τάφανῆ
2170 2487 2283 2528 προσ-”

1261 2531 1366 2578 ήγετο
1384 2533 1441 2565 OR
1462 2530 1538 2565 131.
2279 2528 2281 2546 ³

1335 2588 1364 2624 ll
1377 2602 1394 2636 ρ
1407 2603 1423 2624 o
1435 2602 1453 2623 σ
1467 2583 1551 2637 ᾁὸω
1569 2592 1715 2622 concino.
1745 2588 1803 2624 καί
1821 2601 1879 2635 μοι
1897 2582 2087 2635 προσᾴδετε
2111 2589 2173 2620 Ph.
2194 2579 2288 2637 4⁰5le.

1264 2638 1441 2680 Explicuit
1466 2640 1657 2670 sententiae
1685 2647 1811 2669 nexum
1836 2638 1951 2669 Herm.
1972 2635 2120 2681 [Bonitz.
2141 2644 2274 2678 compo·

1263 2686 1332 2717 suit
1341 2686 1491 2717 Platonis
1500 2686 1639 2717 Phaedr.
1653 2695 1686 2726 p.
1700 2682 1756 2717 86.
1776 2681 1804 2718 E
1815 2682 1873 2717 ἐάν
1883 2695 1914 2717 τι
1925 2682 2053 2718 δοκῶσι
2063 2675 2282 2728 προσᾴδειν]

1329 2740 1379 2785 [Π
1393 2754 1409 2787 ρ
1421 2755 1438 2777 ο
1449 2755 1466 2776 σ
1477 2742 1595 2789 αίρω.
1617 2742 1695 2788 πρὶν
1713 2742 1794 2788 πυρὶ
1812 2741 1930 2790 θερμῷ
1948 2741 2038 2776 πόδα
2053 2753 2102 2780 τις
2120 2739 2276 2787 προσάρῃ

1264 2792 1346 2823 Ant.
1366 2788 1434 2822 620
1452 2801 1509 2833 pro
1524 2789 1703 2837 προσαύσῃ
1722 2801 1833 2832 apogr.
1855 2792 1974 2822 multa.
1994 2791 2151 2821 Imitatus
2167 2789 2277 2820 locum

1264 2839 1363 2871 Eust.
1385 2848 1498 2879 opusc.
1519 2849 1552 2880 p.
1575 2837 1608 2879 5,
1632 2835 1684 2869 12.
1715 2837 1829 2883 ὥσπερ
1848 2836 1929 2882 πυρὶ
1945 2839 2115 2882 προσᾶραι
2132 2832 2250 2879 πόδα].

1335 2894 1364 2930 Π
1378 2908 1394 2941 ρ
1406 2896 1484 2930 οσά
1496 2908 1594 2930 πτω.
1626 2897 1818 2928 Transitive
1835 2896 1935 2936 addo,
1957 2895 2112 2933 adlimam
2140 2903 2206 2926 non
2223 2894 2277 2925 di-

1265 2946 1352 2975 citur
1370 2945 1437 2976 nisi
1457 2945 1587 2976 tralate.
1617 2943 1666 2988 τῷ
1680 2941 1863 2988 τεθνηκότι
1879 2941 1979 2987 τιμὰς
1997 2940 2204 2988 προσάπτειν
2222 2941 2285 2973 El..

1265 2987 1344 3023 365.
1373 2989 1504 3024 τούτων
1523 2989 1705 3036 προσάψῃς
1725 2989 1833 3034 μηδὲν
1851 2987 1931 3031 432,
1962 2993 2145 3030 utrumque
2162 2988 2203 3020 de
2221 2988 2276 3018 in-

1265 3039 1359 3070 feriis
1377 3039 1539 3070 faciendis
1584 3037 1632 3082 μή
1656 3048 1687 3070 τι
1713 3036 1800 3082 πέρα
1823 3035 1927 3083 χρέος
1952 3035 2024 3081 ἐμᾷ
2048 3033 2147 3069 πόλει
2170 3046 2194 3068 π
2218 3043 2279 3067 οσ-

1267 3083 1357 3131 άψῃς
1375 3085 1430 3117 OC
1447 3082 1516 3117 236
1534 3085 1585 3116 eh.
1614 3095 1654 3116 ne
1680 3086 1852 3124 piaculum
1875 3084 1948 3115 urbi
1972 3083 2158 3115 contrahas.
2210 3090 2279 3118 στις

1265 3132 1382 3175 μεῖζον
1408 3130 1596 3177 προσάπτει
1610 3135 1672 3176 τῆς
1685 3129 1787 3164 νόσου
1800 3130 1839 3164 τὸ
1851 3129 2032 3176 φάρμακον
2052 3130 2127 3162 Ter.
2141 3130 2182 3161 fr.
2195 3124 2274 3168 514,

1263 3176 1296 3210 4.
1317 3198 1363 3203 —-
1381 3180 1599 3211 Intransitive
1616 3179 1743 3210 dictum
1761 3179 1893 3219 proprio
1913 3178 2029 3210 semel.
2066 3174 2173 3221 κάμοὶ
2198 3171 2278 3209 Δω·

1261 3224 1351 3263 τιεὺς
1381 3224 1468 3271 ἀνὴρ
1498 3224 1607 3271 ἀγχοῦ
1641 3223 1817 3270 προσῆψεν
1845 3217 1995 3261 Ἔλατος
2028 3222 2063 3257 ἐν
2094 3221 2282 3267 δισκήματι-

1263 3274 1369 3304 Laris.
1390 3275 1432 3305 fr.
1453 3271 1509 3314 69,
1530 3271 1564 3305 2.
1586 3274 1675 3304 iactu
1691 3281 1742 3303 me
1759 3272 1820 3303 sibi
1836 3273 2010 3312 applicuit,
2031 3272 2054 3303 i.
2072 3281 2102 3302 e.
2124 3270 2285 3311 proxime-

1263 3331 1281 3352 a
1297 3330 1351 3352 me
1369 3321 1479 3352 abfuit
1506 3320 1597 3352 disco
1614 3319 1776 3351 iaciendo.
1815 3318 1925 3351 Semel
1944 3319 2024 3350 item
2052 3319 2170 3350 tralate
2188 3316 2276 3348 dici-

1262 3370 1331 3399 tur.
1360 3370 1403 3412 γᾶ
1433 3365 1557 3413 φθινὰς
1585 3364 1703 3412 τρύχει
1733 3364 1846 3412 ψυχὰν
1874 3359 1947 3399 τάδ’
1974 3363 2003 3398 εἰ
2031 3366 2155 3401 κακοῖς
2183 3359 2276 3396 κακὰ

1263 3412 1433 3461 προσάψει
1457 3416 1531 3451 τοῖς
1555 3411 1660 3447 πάλαι
1677 3411 1719 3446 τὰ
1744 3413 1827 3458 πρὸς
1847 3412 1944 3459 σφῷν
1969 3413 2027 3445 OR
2044 3408 2124 3444 667.
2170 3409 2271 3443 Tricl.
