2288 3600
0 0 169 41 'W'wsszn-a.
239 0 245 5 ··
277 13 278 16 .

0 176 64 226 ip.
81 178 299 226 ‹iu-646]

0 279 41 321 ,oc
68 272 205 330 quidem
233 287 303 319 loco
332 286 434 318 etiam
461 286 503 317 de
531 284 673 326 perinde
705 283 828 315 additis
858 282 1011 365 casibus!

0 337 78 368 ertio
103 339 137 367 et
161 338 277 376 quarto
301 342 455 365 monens.

51 387 360 438 [*Ἐπευθὺνω
377 391 484 432 div-1¹90
505 402 534 422 v.
556 385 759 432 ἐπεντύνω,]

52 446 215 497 Ἐπεὺγ
229 462 333 496 ομαι
355 459 480 491 precor.
511 448 622 480 Nude:
652 446 681 480 εἰ
700 445 801 492 θέμις
820 442 858 486 δ’,
888 443 992 479 ἐπεύ-

5 510 88 545 ομαι
113 499 167 531 Tr.
189 491 257 532 809
282 502 316 530 et
341 507 416 529 cum
434 494 615 527 detestanda·
631 495 917 534 adsignificatione
941 491 990 538 μὴ

0 539 94 594 ’τεύξῃ
112 544 201 590 πέρα
217 546 277 577 Ph.
301 541 402 577 1286.
432 544 517 576 Cum
536 543 603 574 dat.
625 542 787 579 numinis,
808 541 894 581 quod
912 549 990 582 pre-

0 603 112 626 amur:
149 589 313 639 Νύμφαις
339 589 484 625 ἁλίαισιν
502 586 724 634 ἐπευξάμενοι
742 588 802 620 Ph.
827 584 917 619 1470
933 596 988 619 an.

3 638 40 678 ὓς
64 637 104 673 οὐ
129 639 178 686 μή
204 649 286 673 ποτε
319 638 437 685 χώρας
461 635 623 695 ιρυγόντες
680 632 751 667 ’σῗΐ
785 632 991 674 ἐπεύξωνται

0 689 44 720 sic
62 688 163 719 Dind.
185 696 228 718 ex
245 696 355 727 apogr.
374 695 381 715 ε
401 683 606 730 ἐπευχονται
620 646 698 727 ΒΗ
709 679 805 719 θεοῖς
819 681 873 714 OC
887 678 988 713 1024.

0 736 33 766 )e
49 735 214 775 scriptura
231 744 262 764 v.
285 731 331 766 οὺ
349 730 405 776 (οὐ
423 730 502 776 μή).
540 732 592 762 De
618 730 792 771 participio
817 729 928 760 addito
945 729 988 760 cs.

0 781 104 814 Ieiud.
126 782 166 813 ad
183 782 266 812 Plat.
289 780 388 821 Soph.
411 777 444 811 4.
466 789 499 820 p.
521 774 602 810 341.
631 773 712 809 ἐπεύ
741 787 822 821 ομαι
840 773 877 808 δὲ
893 772 992 808 νυκτὶ

0 826 24 876 ᾗ
46 825 232 862 κατουλάδι
262 827 383 867 Naupl.
404 828 445 858 sr.
467 822 547 857 383.
569 835 600 855 v.
620 834 726 856 κατου
752 822 805 859 άς.
834 822 919 854 Cum
936 823 991 853 in-

0 876 111 907 nitivo
124 875 251 907 dictinn
263 871 330 907 αἰεὶ
346 871 529 906 κατθανεῖν
549 869 682 917 ἐπηυχό
711 882 754 917 ην
768 868 904 915 [ἐπευχ.
919 866 992 913 LA]

0 921 36 954 fr.
60 918 115 954 16.
144 919 336 967 ἐπεύχομαι
415 917 538 953 παθεῖν
557 918 615 950 OR
655 916 689 950 4(
704 943 711 949 .
750 916 863 949 Semel
879 926 993 948 casum

0 973 138 1010 ¹nartum
162 978 300 1010 precum
333 968 578 1009 propositarum
607 966 725 997 habet:
762 961 856 997 τάσδ’
890 960 993 996 ἐπεύ-

0 1013 103 1063 petiae
128 1013 224 1052 λιτάς
250 1014 304 1046 OC
322 1011 403 1046 484.

50 1068 186 1122 Ἐπέγ
199 1087 239 1107 ω.
269 1074 470 1105 Transitive.
492 1072 507 1114 ΙΙ
523 1071 661 1111 cohibeo,
683 1079 820 1102 coerceo.
842 1067 994 1114 ἐπισχὼν

4 1115 196 1168 ρυσόνωτον
212 1119 311 1166 ἡνίαν
326 1121 380 1152 Ai.
394 1117 463 1151 847
478 1123 511 1150 et
528 1119 644 1150 tralate
662 1120 736 1151 πῶς
753 1115 877 1162 ἐπέσχε
893 1119 995 1163 χεῖρα

0 1162 300 1249 &razim
397 1163 563 1250 {wi
596 1163 810 1245 {agaae
826 1161 995 1242 τὸΗῖῑῑῑς

0 1261 128 1309 πίσγῃς
155 1225 367 1308 ἐπίσχΐιτμεέ
377 1265 411 1293 et
436 1225 596 1307 {22³3}de
613 1260 713 1291 etiam
731 1260 771 1290 ab
789 1256 922 1302 ἐπίσχω
940 1266 994 1288 re-

0 1311 52 1342 ·eti
69 1303 241 1352 poterunt.
270 1309 341 1340 Non
369 1311 482 1349 potest
506 1311 619 1339 autem
646 1304 682 1343 ὅς
701 1303 727 1338 σ’
745 1303 823 1339 ἐπεῖ
848 1302 856 1315 '
874 1302 927 1338 ἀεὶ
944 1303 994 1349 μή

0 1368 35 1390 ὀι
53 1354 198 1402 θυραίαν
214 1353 243 1402 γ’
261 1353 365 1389 οὖσαν
383 1351 555 1402 αἰσχύνειν
573 1351 693 1400 φίλους
710 1353 761 1385 El.
783 1350 825 1384 51
856 1377 863 1384 .
877 1369 919 1375 -
930 1350 948 1370 ⁸⁵
965 1352 980 1393 ΙΙ

0 1404 128 1436 racbeo.
165 1403 285 1435 Pollux
303 1400 336 1442 3,
362 1399 404 1434 10
421 1411 496 1433 cum
515 1401 633 1433 habet:
703 1399 727 1445 ή
741 1410 844 1445 τηρ,
873 1397 897 1444 ἡ
921 1409 995 1432 τε-

0 1451 139 1491 .οῦσα,
155 1448 180 1495 ἠ
197 1447 327 1495 μαστὸν
346 1447 545 1495 ἐπισχοῦσα,
568 1447 615 1485 ὡς
635 1444 683 1481 Σο
737 1445 794 1489 (fr.
812 1449 878 1479 inc.
895 1443 992 1489 912),

0 1498 105 1530 larum
138 1501 201 1538 est,
236 1496 457 1528 inserendum
490 1493 580 1534 καί,
616 1499 655 1526 ut
677 1504 701 1526 π
739 1496 838 1525 ricem
863 1491 997 1538 μητέρα

0 1546 106 1577 ›ixerit
114 1545 229 1586 Soph.,
251 1541 275 1588 ἡ
291 1541 422 1588 μαστὸν
440 1541 783 1589 ἐπισχοῦσαΡοΠυοὶε
801 1542 996 1581 interpretis

0 1593 62 1625 int.
85 1610 126 1616 —
143 1591 158 1634 ΙΙ
175 1593 308 1624 morari.
330 1588 520 1636 ἐπίσχετον,
542 1586 710 1633 μάθωμεν
728 1583 890 1625 Ρὴ.,539.
913 1586 942 1620 εἰ
968 1584 996 1618 δ’

0 1636 137 1678 ’-Εετον
171 1638 226 1669 ΕΙ.
250 1634 338 1670 1369
367 1639 395 1668 εἰ
419 1636 666 1668 cunctabimini.
711 1633 850 1681 ἐπίσχες
876 1632 991 1674 αὐτοῦ,

4 1687 66 1720 ῖνε
79 1686 135 1718 OC
145 1682 214 1717 856
227 1685 456 1723 adsignificata
469 1684 698 1715 dehortatione
712 1687 746 1714 et
763 1682 993 1721 castigatione.

7 1741 68 1766 ons
85 1732 338 1772 significationis
356 1742 374 1762 a
391 1731 498 1772 prima
514 1731 612 1762 facile
637 1730 788 1761 deflexae
814 1729 919 1768 magis
937 1738 996 1769 pa·-

4 1784 42 1819 t,
63 1790 138 1812 cnm
152 1780 253 1811 etiam
270 1779 378 1810 active
391 1779 457 1809 diei
474 1777 667 1809 recorderis.
689 1774 729 1810 οὐ
747 1773 854 1810 πολὺν
870 1785 893 1822 γ
919 1773 995 1808 όνον

6 1820 16 1834 ’
32 1825 180 1874 ἐπέσχον
200 1824 250 1870 μή
286 1836 328 1869 με
361 1822 560 1858 ναυστολεῖν
583 1820 672 1870 ταχύ
698 1824 757 1854 Ph.
779 1819 859 1855 349.
902 1819 997 1867 τήνδ’

25 1873 161 1920 έχουσιν
186 1882 244 1914 pro
273 1869 376 1917 τήνδε
403 1869 433 1918 γ’
465 1869 602 1917 ἔχουσιν
631 1872 712 1902 Ant.
731 1867 800 1902 930
817 1870 868 1901 ch.
905 1870 991 1901 coni.

11 1923 83 1953 nd.
103 1918 164 1954 καὶ
180 1918 289 1965 πάρος
308 1918 426 1966 ἐπεῖχε
453 1928 499 1950 sc.
520 1916 626 1963 μόγος
639 1914 851 1949 001744111.
868 1916 992 1948 Wund.

26 1982 32 1996 v
55 1965 160 2012 ἐπεί]
738 1963 769 2007 (1
787 1974 820 2005 p.
842 1959 922 2003 645,
944 1961 998 2007 5.)

50 2033 196 2115 Ἐπήὲ
207 2033 283 2070 ολο
294 2041 310 2068 ς
327 2045 466 2076 compos,
484 2038 611 2075 potens.
633 2031 703 2068 οὐδ’
720 2032 894 2080 ἐπήβολον
913 2044 997 2079 φρε-

30 2095 48 2118 ν
66 2086 148 2116 Ant.
192 2079 248 2115 92.
278 2086 410 2129 φρενῶν
436 2079 609 2127 ἐπήβολον
633 2079 751 2114 καλῶν
770 2091 806 2113 σε
822 2082 930 2112 Alcm.
953 2082 994 2113 fr.

13 2142 42 2172 ι,
55 2128 89 2163 2,
112 2131 182 2162 Hoc
199 2131 403 2171 Porphyrius
418 2129 481 2168 Qu.
495 2129 593 2161 Hom.
614 2126 629 2159 1
650 2129 807 2170 explicat.
827 2127 866 2161 τὸ
885 2126 996 2173 ἐπή-

20 2194 27 2206 u
39 2175 61 2211 λ
71 2189 89 2211 ο
100 2189 116 2215 ς
141 2175 366 2222 σημαίνειτὸν
377 2174 523 2223 ἐπιτυχῆ
541 2174 600 2208 καὶ
611 2175 761 2222 ἐγκρατῆ
775 2187 781 2206 :
804 2175 882 2206 inde
896 2176 992 2206 Eust.

40 2222 141 2264 1448,
163 2222 196 2256 6.
217 2221 297 2264 625,
314 2221 371 2255 37.
393 2224 622 2264 Interpretum
642 2234 672 2254 v.
696 2223 833 2253 Ruhnk.
851 2222 892 2253 ad
906 2222 993 2253 Tim.

42 2269 118 2303 116.
141 2272 256 2303 Valck.
278 2271 317 2302 ad
334 2271 456 2302 Herod.
479 2267 511 2310 3,
532 2267 589 2301 25.
618 2270 816 2309 Wesseling.
838 2269 877 2300 ad
895 2269 992 2300 Diod.

43 2327 77 2360 p.
93 2315 154 2350 22.
185 2318 313 2350 Schaef.
344 2318 421 2349 mel.
455 2327 498 2349 cr.
527 2327 560 2358 p.
582 2314 638 2348 48.
668 2317 774 2348 Blom.
805 2316 850 2355 gl.
871 2316 992 2347 Aesch.

28 2373 91 2398 om.
116 2362 196 2397 453.

24 2411 253 2469 ’.ΫΕπηλῖς
282 2420 306 2468 ἡ
331 2419 386 2456 ἐπὶ
411 2424 471 2456 τοῦ
497 2421 683 2468 προσώπου
702 2419 859 2467 μελανία,
884 2418 942 2454 καὶ
958 2419 997 2454 τὸ

71 2482 93 2503 α
114 2473 178 2516 τῆς
202 2468 392 2515 λάρνακος,
421 2468 468 2506 ὥς
493 2479 594 2514 φασιν
619 2466 652 2502 οἱ
668 2466 810 2502 παλαιοί
833 2466 922 2504 κατὰ
938 2466 996 2501 τὸν

24 2515 174 2566 φοκλῆν
192 2517 248 2560 (fr.
263 2518 328 2548 inc.
343 2514 428 2560 877)
444 2526 450 2532 ·
476 2514 500 2560 ἡ
519 2513 546 2548 δ’
565 2514 651 2560 αὐτὴ
670 2513 729 2549 καὶ
748 2513 906 2562 ἔφηλις
921 2525 998 2548 κοι-

39 2594 41 2596 ,
57 2590 66 2606 ,
86 2563 133 2602 ὡς
150 2562 218 2598 ἀπὸ
234 2564 293 2597 τοῦ
309 2561 411 2608 ἥλου.
440 2563 539 2594 Eust.
561 2573 593 2603 p.
618 2559 720 2598 1562,
742 2559 798 2594 38.
830 2563 878 2594 De
896 2563 997 2593 cistae

39 2612 142 2643 rculo
164 2613 265 2643 etiam
281 2610 427 2649 Hesych.
445 2635 453 2650 ,
475 2610 566 2641 fonte
584 2615 696 2641 tamen
715 2619 780 2641 non
799 2609 922 2648 addito,
942 2611 997 2640 in-

14 2674 16 2677 ·
50 2662 201 2690 metatur.
244 2658 395 2689 Alteram
424 2657 703 2696 significationem
735 2656 998 2697 deprehendisse

24 2714 100 2737 ‚rot
125 2706 160 2736 in
185 2706 229 2744 gl.
258 2704 381 2736 Suidae
422 2701 651 2749 [ἀπηλιώτης.
680 2702 698 2736 ὁ
715 2700 853 2748 ἄνεμος.
883 2700 918 2735 ἐν
942 2701 994 2746 τῷ

24 2749 114 2790 ’.καὶ
140 2749 320 2797 ἀντήλιος,
346 2749 405 2784 καὶ
429 2749 540 2784 πάντα
564 2748 606 2783 τὰ
631 2747 732 2795 ὅμοια
749 2747 871 2795 ψιλῶς.
898 2747 957 2782 καὶ
975 2747 998 2793 ἡ

47 2795 109 2832 λις
133 2796 203 2831 ἔστι
227 2795 318 2844 παρὰ
346 2793 582 2843 Ποσειδίππῳ]
606 2798 646 2828 ab
670 2794 769 2841 ἥλιος
793 2797 827 2828 id
845 2797 995 2836 ductum,

44 2888 45 2891 Ἴ
59 2855 114 2887 ·pe
131 2846 199 2877 sole
218 2849 337 2876 urente
354 2845 506 2876 effectam
521 2841 681 2890 μελανίαν
700 2844 901 2883 significans.

39 2892 257 2949 5’'Err72).n:
274 2901 384 2947 [curt.
399 2903 454 2934 Et.
468 2913 500 2943 p.
518 2899 602 2945 489]
619 2901 758 2933 advena.
780 2901 809 2934 ὦ
824 2899 922 2941 ξένοι,
944 2898 1000 2934 ἔλ-

28 2946 60 2993 ,“
83 2948 254 2995 ἐπήλυδες
277 2946 376 2983 αὖθις
393 2949 454 2981 Ph.
477 2945 566 2980 1190
589 2959 632 2980 m.
670 2948 778 2980 Schol.
798 2945 997 2992 αὐτόματοι,

43 3018 45 3021 .
79 3021 87 3029 .
114 2997 183 3029 lam
199 2997 292 3028 enim
307 2997 455 3036 abibant,
475 2999 509 3027 et
527 3000 565 3026 ut
582 2999 791 3026 revertantur
808 2995 896 3028 Phil.
916 2998 996 3026 orat.

43 3047 172 3100 ,1⁵3E1tv'..
193 3053 305 3099 [Gnrt.
327 3055 384 3088 Et.
405 3064 438 3086 n.
459 3051 559 3097 334.]
586 3055 611 3084 l.
634 3052 945 3084 Advcrbiascit
964 3053 999 3083 in

37 3102 279 3143 s>1P⁰Sst¹¹m3
308 3101 366 3133 sed
389 3101 543 3141 exempla
568 3100 665 3131 aliam
691 3099 882 3139 explicandi
899 3100 1000 3130 ratio—

34 3154 72 3170 ’ῑ
85 3150 274 3189 patiuntur.
302 3142 378 3181 ἀλλ’
402 3145 597 3181 ἀποπαύετε
616 3143 696 3192 μηδ’
713 3144 771 3178 ἐπὶ
787 3143 895 3178 πλείω
912 3143 1003 3190 θρῆ-

34 3201 54 3237 ἐ;,
74 3193 225 3241 Ἰἐγείρετε
259 3194 315 3226 OC
336 3193 437 3227 1777.
465 3191 555 3227 τοῦτ’
589 3191 639 3226 ἐπ’
670 3190 767 3238 ἦμαρ
793 3190 928 3238 ἔρχεται
945 3192 1003 3223 OR

52 3241 127 3283 ¹eli.
162 3242 273 3274 Semel
299 3246 471 3283 praeterea
499 3240 733 3272 adverbialiter
765 3240 888 3270 dicitnr
926 3248 1002 3269 cum

97 3309 102 3313 -
139 3298 167 3320 3.
183 3291 352 3329 praeterea
369 3289 555 3328 significat:
586 3285 620 3320 ἐν
647 3283 674 3318 δ’
697 3283 821 3332 ἄλοχοι
844 3283 960 3318 πολιαί
976 3282 1003 3317 τ’

37 3356 56 3381 ¹..
174 3332 296 3378 nimi]
321 3333 466 3381 ματέρες
491 3351 531 3357 -
559 3330 834 3379 ἐπιστενάχουσιν
859 3332 918 3364 OR
937 3329 1003 3362 182

39 3381 72 3422 72}
89 3381 131 3413 de
147 3391 214 3423 qua
230 3383 262 3413 vi
279 3382 535 3423 praepositionis
554 3391 583 3412 v.
606 3381 633 3411 I.
656 3379 794 3410 Ellendt
809 3379 849 3410 ad
868 3379 1000 3410 Arrian.

45 3423 77 3441 “·
103 3425 135 3459 1.
157 3444 260 3460 -.-
287 3429 332 3460 11.
354 3427 624 3467 Anastrophe
650 3427 814 3465 afficitur,
843 3435 916 3457 cum
945 3433 1004 3465 pro

771 157 782 175 '
794 163 1049 213 Επεοθύνω
1078 191 1140 199 -
1162 155 1174 174 '
1184 160 1276 211 Επί

1029 277 1143 312 ἔπεστι
1160 280 1299 319 dicitur-3
1318 278 1408 319 quod
1425 286 1532 319 tinum
1550 277 1624 308 eius
1641 286 1724 308 usus
1736 286 1790 317 ap.
1804 275 1905 317 Soph.
1921 257 2039 307 excin-

1028 328 1122 368 plum
1139 327 1311 369 exstabat,
1340 325 1455 357 Herm.
1484 325 1625 356 sustulit
1641 323 1696 356 OC
1717 320 1806 355 1220
1823 323 1874 355 ch.
1895 332 1954 364 pro
1970 319 2042 355 οὐδ’

1029 372 1085 407 ἔπι
1118 375 1243 419 κοῦρος
1276 372 1468 412 corrigendo
1501 369 1519 405 ὁ
1546 368 1574 403 δ’
1598 368 1790 416 ἐπίκουρος.
1825 370 2042 411 Explicuisse

1028 421 1231 452 sententiam
1258 423 1388 451 servata
1404 419 1643 460 plerorumque
1667 418 1825 449 librorum
1851 421 1885 448 et
1901 417 2043 448 scholia-

1028 472 1098 500 stae
1116 468 1258 499 lectione
1284 467 1438 498 videmur
1462 467 1496 496 in
1516 476 1547 496 v.
1570 462 1793 501 ἰσοτέλεστος.
1822 465 1919 496 Porro
1936 468 2041 495 retra-

1028 516 1121 547 hitur
1146 518 1304 546 accentus
1328 524 1405 545 cum
1430 522 1526 544 casus
1552 513 1698 544 nominis
1724 512 1876 553 pendens
1900 522 1919 542 a
1944 520 2041 552 prae-

1028 563 1192 603 positione
1216 561 1397 602 praecedit.
1434 557 1620 605 σφραγῖδος
1646 555 1738 604 ἕρκει
1760 555 1841 604 τῷδ’
1864 555 1916 591 ἔπ’
1945 555 2043 602 ὄμμα

1028 607 1239 654 dilectat-Tr.
1257 605 1338 648 615,
1354 608 1442 649 quod
1456 616 1522 638 non
1540 607 1736 645 intelligens
1748 606 1894 637 Brunck.
1914 607 2043 636 temere

1028 656 1175 696 mrrupit
1213 654 1251 687 D.
1267 666 1295 686 c.
1311 655 1445 686 Billerb.
1467 654 1603 694 scripsit
1620 651 1700 686 ἐπὸν
1719 663 1767 697 μα
1800 650 1807 662 ’
1819 650 1938 696 σεται].
1957 649 2044 684 ταύ-

1027 714 1090 748 της
1102 701 1191 736 ἕπιπ
1217 701 1328 739 έοντες
1345 700 1455 747 ὀρθῆς
1466 703 1546 732 Ant.
1563 697 1639 731 189.
1660 701 1698 731 ln
1711 698 1819 731 008.)
1834 696 1933 745 ἕδρας
1947 699 2044 744 πρώ-

1027 761 1095 783 των
1122 746 1175 795 ἐφ’
1199 747 1296 794 ὑμῶν
1315 748 1516 780 nobilissimi
1535 748 1737 787 grammatici
1756 748 1789 778 in
1808 756 1846 778 eo
1865 755 2044 778 consense-

1030 801 1120 837 runt,
1149 797 1388 836 interpositum
1406 796 1488 826 illud
1509 794 1653 839 πρώτων
1671 795 1761 825 inter
1778 790 1877 839 ἕδρας
1894 798 1929 824 et
1946 803 2045 834 prae-

1029 845 1230 885 positionem
1255 852 1323 874 una
1347 852 1422 874 cum
1447 843 1549 873 huius
1574 842 1692 872 ultima
1717 841 1840 880 syllaba
1864 841 1947 872 elisa
1964 850 2043 872 ana-

1029 890 1188 932 strophen
1215 899 1394 931 respuere:
1426 900 1456 921 v.
1487 889 1667 919 Herodian.
1694 897 1746 928 ap.
1776 888 1822 918 Io.
1850 888 1948 918 Alex.
1968 898 2037 920 τον.

1029 949 1076 972 πα
1101 949 1122 971 α
1168 963 1174 970 .
1196 934 1298 978 p.27,
1323 934 1377 968 11.
1399 933 1550 978 p.28‚8.
1573 935 1675 967 schol.
1692 936 1779 966 Ven.
1797 945 1812 966 ε
1829 931 1910 966 283.
1933 931 2040 966 ι456.

1029 996 1052 1018 κ
1092 948 1219 1018 5373.
1237 982 1263 1029 ψ
1280 981 1358 1023 377,
1376 992 1520 1024 quocum
1535 982 1743 1023 conspirasse
1758 983 1883 1012 scimus
1900 982 2046 1013 Aristar-

1031 1033 1130 1064 chum
1147 1036 1183 1064 et
1198 1031 1416 1072 Apollonium
1433 1040 1476 1061 ex
1491 1029 1594 1061 schol.
1618 1039 1636 1061 σ
1655 1025 1732 1061 191.
1754 1030 1796 1059 cs.
1810 1025 1890 1061 400.
1909 1025 2041 1072 [Herm.

1030 1080 1072 1111 ad
1081 1079 1136 1112 OG
1145 1077 1191 1112 85
1202 1083 1315 1110 monet
1328 1078 1455 1109 nullam
1465 1086 1537 1108 esse
1551 1075 1776 1116 anastrophen
1789 1076 2046 1116 praepositionis

1031 1128 1120 1158 inter
1135 1127 1201 1158 duo
1219 1126 1272 1157 vel
1298 1126 1396 1166 plura
1415 1125 1515 1156 verba
1540 1124 1587 1155 ita
1603 1124 1791 1162 collocatae,
1814 1126 1851 1153 ut
1868 1123 2047 1153 coniuncta

1031 1174 1088 1205 illa
1106 1183 1207 1204 unam
1225 1173 1376 1204 efficiant
1399 1168 1601 1213 notionem]
1646 1171 1777 1201 Tmesin
1789 1179 1925 1209 passam
1948 1179 2045 1210 prae-

1031 1221 1232 1262 positionem
1247 1229 1307 1251 suo
1320 1220 1426 1251 notari
1439 1222 1579 1250 accentu
1594 1227 1660 1249 non
1675 1217 1787 1248 minus
1801 1221 1930 1247 certum
1946 1226 2047 1257 quam

1031 1268 1340 1300 adverbiascentem
1364 1266 1512 1297 vidimus
1536 1266 1571 1296 in
1596 1262 1677 1297 ἀπό.
1714 1264 1843 1295 Iniuria
1866 1263 1970 1304 igitur
1995 1260 2048 1296 ἔπ’

1035 1312 1106 1360 ’γμα
1153 1312 1290 1361 ἔρχεται
1316 1313 1432 1344 Herm.
1453 1313 1510 1344 ΟΒ
1531 1308 1607 1343 199.
1637 1308 1754 1343 πολιαί
1776 1308 1805 1343 τ’
1831 1308 1886 1342 ἔπι
1903 1308 2047 1356 ματέρες

1030 1363 1075 1393 ib.
1121 1358 1179 1394 82.
1209 1362 1260 1392 De
1279 1361 1379 1392 tmesi
1396 1360 1481 1391 illud
1499 1359 1607 1390 solum
1625 1358 1806 1398 excipitur,
1826 1367 1902 1388 cum
1919 1358 1955 1388 in
1974 1366 2047 1389 ver-

1031 1419 1088 1440 sus
1107 1410 1174 1440 ilne
1192 1409 1246 1440 vel
1269 1410 1434 1449 sequente
1451 1407 1666 1438 distinctione
1690 1406 1845 1446 ponitur:
1879 1404 1981 1436 schol.
2002 1405 2043 1437 11.

1031 1467 1046 1488 ε
1064 1453 1145 1488 283.
1176 1456 1238 1487 His
1255 1455 1441 1487 adiicienda
1455 1454 1521 1486 duo
1537 1453 1694 1493 exempla
1712 1450 1767 1484 ἐπί
1784 1452 1996 1483 substantivo
2014 1456 2048 1483 et

1032 1503 1195 1535 adiectivo
1212 1502 1451 1543 interpositum
1468 1500 1691 1537 ostendentia,
1715 1500 1777 1544 γᾶς
1803 1496 1858 1532 ἔπι
1876 1496 1971 1538 ξένας
1989 1498 2044 1530 OC

1035 1547 1137 1582 1703.
1168 1547 1255 1581 1711
1276 1559 1336 1589 m.,
1373 1558 1513 1590 quorum
1538 1548 1622 1578 illud
1655 1547 1827 1587 operosius
1854 1546 2047 1577 ordinandis

1033 1598 1143 1629 verbis
1162 1598 1300 1628 sortasse
1310 1590 1502 1634 exemeris,
1523 1595 1584 1626 hoc
1601 1595 1701 1626 evelli
1717 1603 1783 1625 non
1800 1597 1922 1634 potest.
1959 1592 2048 1624 Scri-

1033 1645 1119 1676 bunt
1136 1648 1232 1675 acute
1249 1652 1376 1674 omnes.
1401 1660 1504 1674 —.—
1530 1643 1592 1673 111.
1629 1641 1746 1672 Crasin
1764 1650 1839 1671 cum
1858 1641 1996 1672 articulo
2013 1642 2047 1671 et

1031 1689 1090 1724 καί
1116 1692 1235 1722 factam
1262 1691 1333 1722 suis
1359 1690 1439 1721 locis
1463 1697 1716 1730 persequemur.
1740 1704 1843 1718 -.—
1872 1688 1931 1718 lv.
1966 1686 2048 1718 Usus

1031 1740 1291 1779 praepositionis,
1314 1739 1355 1769 A.
1373 1747 1449 1768 cum
1460 1737 1603 1776 yenitivo
1621 1736 1741 1766 dictae.
1761 1734 1775 1776 ΙΙ
1793 1735 1860 1766 Sua
1877 1734 1926 1765 illi
1944 1737 1997 1765 est
2013 1737 2048 1764 et

1032 1786 1183 1825 legitima
1208 1785 1379 1826 provincia
1403 1784 1465 1815 loci
1491 1782 1713 1822 significandi,
1741 1785 1776 1812 et
1793 1781 1974 1821 multiplex
1991 1782 2046 1811 in-

1033 1833 1239 1873 terpretandi
1266 1833 1368 1871 ratio,
1390 1833 1442 1870 in,
1465 1832 1575 1870 iuxta,
1597 1829 1661 1868 ad,
1686 1837 1754 1869 per,
1776 1837 1888 1868 supra.
1917 1824 2046 1860 εὕδοντ’

1033 1877 1084 1912 ἐπ’
1110 1877 1218 1924 ἀκτῆς
1250 1879 1309 1910 Ph.
1330 1874 1412 1910 272.
1443 1875 1494 1910 ἐπ’
1519 1873 1680 1910 εὐστόλου
1704 1872 1844 1921 ταχείας
1866 1874 1951 1911 νεώς
1976 1871 2045 1906 516

1033 1926 1084 1958 ch.
1111 1924 1219 1971 νήσου
1243 1922 1351 1970 τῆσδ’,
1382 1922 1434 1971 ἐφ’
1461 1922 1504 1969 ἧς
1528 1921 1615 1956 ναίει
1641 1924 1742 1956 τανῦν
1768 1918 1848 1954 613.
1877 1918 1964 1954 κάπὶ
1979 1924 2044 1968 γῆς

1033 1970 1106 2007 ἄνω
1124 1973 1182 2005 OR
1198 1969 1266 2004 416
1284 1973 1325 2004 de
1343 1973 1423 2003 locis
1448 1973 1593 2011 ωρετὶες
1620 1970 1679 2002 sed
1695 1970 1736 2001 de
1754 1972 1915 2000 terrarum
1930 1970 2046 2009 spatiis

1033 2021 1129 2062 plura
1155 2020 1311 2061 exempla
1337 2022 1436 2050 sunt:
1474 2017 1529 2051 ἐπὶ
1555 2015 1652 2063 ξένης
1675 2016 1730 2048 OC
1758 2012 1826 2047 184
1844 2025 1887 2047 m.
1916 2016 1958 2047 de
1981 2026 2046 2056 qua

1033 2068 1146 2108 ellipsi
1170 2069 1213 2098 cf.
1234 2067 1359 2098 Iacobs.
1388 2066 1427 2096 ad
1446 2066 1560 2106 Epigr.
1590 2065 1665 2095 Del.
1686 2073 1719 2104 p.
1742 2059 1821 2094 211.
1850 2063 1944 2094 Idem
1961 2063 2046 2102 legi-

1033 2120 1088 2146 tur
1105 2111 1184 2147 563.
1213 2111 1310 2159 ξένης
1335 2111 1391 2145 ἐπὶ
1406 2109 1534 2158 χθονός
1558 2107 1660 2142 1256.
1679 2111 1742 2156 γᾶς
1761 2107 1818 2142 ἐπὶ
1841 2107 1938 2149 ξένας
1958 2106 2046 2141 17οῖ)

1034 2171 1077 2193 m.
1099 2157 1218 2192 *1713
1237 2170 1280 2192 m.
1301 2157 1382 2204 [del.
1399 2156 1531 2203 Dind.].
1561 2156 1618 2191 ἐπὶ
1636 2156 1734 2202 ξένης
1776 2156 1868 2202 ώρας
1885 2157 1941 2188 Tr.
1960 2152 2042 2188 299.

1034 2226 1075 2232 —
1092 2205 1179 2241 κάπὶ
1204 2205 1362 2252 πωλικῆς
1388 2203 1428 2238 άν
1459 2216 1476 2251 ρ
1502 2203 1640 2250 ἀπήνης
1666 2202 1749 2249 ἐμβε
1765 2196 1821 2240 ’ώς
1839 2204 1898 2235 OR
1914 2200 1984 2236 802
2001 2205 2044 2234 cs.

1032 2251 1192 2291 Αἰτναίας
1217 2252 1273 2288 ἐπὶ
1298 2251 1418 2286 πώλου
1483 2251 1597 2297 βῶσαν
1616 2251 1671 2283 OC
1689 2249 1769 2283 313.
1793 2247 1844 2283 ἐπ’
1861 2248 1974 2296 ἀγρῶν
1988 2250 2046 2282 OR

1034 2299 1134 2334 1049.
1164 2299 1267 2334 ναίων
1286 2298 1338 2334 ἐπ’
1355 2297 1400 2333 ἅκ
1422 2312 1470 2332 ων
1484 2296 1592 2345 ὀρέων
1613 2295 1702 2330 1106
1719 2299 1772 2330 ch.
1791 2295 1892 2330 κῶλα
1907 2296 1954 2330 κά
1981 2296 2046 2343 ψον

1031 2346 1122 2382 τοῦδ’
1146 2346 1198 2382 ἐπ’
1214 2345 1354 2387 ἀξέστου
1372 2358 1396 2380 π
1416 2357 1498 2392 τρου
1516 2345 1571 2377 OG
1593 2343 1645 2377 19.
1667 2343 1804 2402 λέγριός
1821 2343 1850 2389 γ’
1869 2339 1921 2376 ἐπ’
1937 2354 2046 2389 ακρου

1032 2394 1116 2433 λᾶος
1141 2393 1270 2441 βραχὺς
1297 2392 1446 2431 ὀκλάσας
1475 2390 1539 2425 195
1557 2393 1608 2424 ch.
1638 2390 1666 2424 ’σ
1695 2385 1754 2431 αἶ’
1787 2390 1844 2424 ἐπὶ
1871 2389 1969 2437 γαίας
1987 2393 2042 2422 Ai.

1033 2439 1113 2474 235.
1141 2435 1231 2475 κάπῖ
1251 2443 1316 2499 γῆς
1340 2438 1450 2486 ἄλλης
1475 2437 1583 2486 φυγὰς
1602 2403 1744 2472 ἀπώςιου
1762 2439 1812 2470 El.
1836 2435 1937 2470 1136.
1960 2435 2047 2482 βαλ-

1035 2488 1138 2535 βίδων
1166 2487 1217 2522 ἐπ’
1243 2499 1359 2534 ακρων
1385 2489 1465 2520 Ant.
1490 2485 1556 2519 132
1573 2496 1626 2518 an.
1653 2483 1780 2531 ταύτης
1807 2483 1862 2518 ἔπι
1887 2483 2048 2518 πλέοντες

1034 2534 1143 2582 ὀρθῆς
1171 2533 1237 2567 189
1256 2546 1286 2567 v.
1315 2533 1423 2568 πλέω.
1459 2531 1583 2568 Αἰνέας
1607 2527 1658 2566 ἐπ’
1681 2533 1787 2577 ὤμων
1814 2529 1930 2577 πατέρ’
1955 2530 2046 2577 ἔχων

1036 2585 1131 2616 Laoc.
1155 2584 1194 2614 fr.
1216 2579 1296 2622 342,
1316 2579 1350 2613 2.
1373 2599 1414 2605 --
1434 2581 1448 2623 ΙΙ
1466 2581 1554 2613 Hinc
1570 2581 1771 2612 transfertur
1790 2581 1891 2611 varie.
1931 2580 2048 2610 Funus

1035 2631 1154 2662 comite
1165 2630 1288 2661 dicitur
1297 2626 1385 2662 κάπὶ
1401 2626 1598 2674 προσπόλου
1612 2629 1692 2672 μιᾶς
1693 2628 1885 2705 (χωροῦντα
1897 2625 1952 2658 OC
1963 2621 2044 2656 746.

1037 2678 1088 2709 Cf.
1118 2677 1257 2709 Schaef:
1269 2676 1310 2707 ad
1328 2676 1417 2708 Plut.
1439 2676 1508 2707 Vit.
1537 2672 1571 2706 4.
1592 2684 1625 2715 p.
1645 2671 1691 2706 20
1721 2698 1727 2704 .
1756 2675 1794 2704 ln
1820 2674 1914 2713 yravi
1939 2672 2047 2712 fortu-

1035 2734 1155 2756 narum
1180 2723 1366 2754 discrimine
1390 2723 1568 2753 collocatus
1594 2725 1810 2752 memoratur:
1848 2717 1962 2765 φρόνει
1990 2717 2048 2762 βε-

1038 2769 1106 2815 βὼς
1135 2768 1191 2802 ἐπὶ
1217 2767 1318 2815 ξυροῦ
1346 2767 1413 2815 τύχ
1441 2780 1456 2806 ς
1485 2770 1564 2800 Ant.
1586 2765 1666 2799 996.
1697 2778 1727 2799 v.
1752 2768 1866 2808 Intpp.
1891 2770 1926 2798 et
1945 2766 2041 2797 Eust.

1036 2828 1070 2859 p.
1092 2813 1180 2855 796,
1210 2814 1254 2848 55
1287 2820 1321 2847 et
1354 2817 1396 2847 cf.
1413 2780 1535 2860 7ἐυρόν.
1579 2814 1774 2855 Superbiens
1798 2814 1937 2845 dicitur:
1966 2810 2048 2845 κάπ’

1036 2862 1151 2910 ἄκρων
1177 2861 1378 2908 ώῧοιπόρεις
1403 2864 1457 2894 Ai.
1482 2859 1583 2901 1230,
1607 2863 1810 2893 illustratum
1828 2861 1910 2891 illud
1928 2870 1946 2890 a
1965 2860 2044 2890 Lob.

1037 2913 1067 2942 A
1083 2909 1252 2942 retinendo
1269 2910 1396 2941 dictum
1423 2906 1534 2953 βιαίας
1551 2905 1667 2956 ἔχεται
1683 2905 1860 2952 πάνδαμος
1877 2904 1975 2942 πόλις
1993 2898 2048 2938 ἐπὶ

1037 2955 1139 2991 νόσου
1157 2958 1238 2988 Ant.
1262 2953 1349 2988 1141
1365 2956 1415 2987 ch.
1446 2956 1572 2995 Musgr.
1593 2957 1781 2996 scripturus
1798 2959 1868 2986 erat
1887 2951 1966 2986 ὑπό.
1987 2952 2049 2983 Pro

1039 3002 1081 3038 ἐν
1107 3005 1246 3043 dictum,
1267 3007 1304 3034 ut
1321 3007 1433 3034 tamen
1453 3002 1593 3034 ambitus
1609 3006 1644 3033 et
1660 3002 1795 3033 ditionis
1812 3000 1972 3041 quaedam
1991 3000 2046 3030 in-

1039 3053 1083 3082 sit
1100 3051 1358 3090 adsignificatio:
1388 3047 1448 3083 καί
1474 3047 1500 3080 σ’
1526 3046 1594 3082 οὔτ’
1619 3045 1800 3081 ἀθανάτων
1854 3044 1971 3091 ύξιμος
1987 3044 2047 3078 οὐ-

1040 3096 1108 3134 δεὶς
1133 3094 1208 3130 οὗθ’
1233 3094 1383 3141 ἁμερίων
1410 3093 1461 3129 ἐπ’
1486 3094 1677 3141 ἀνθρώπων
1702 3097 1781 3126 Ant.
1803 3058 1872 3125 730
1889 3094 1940 3124 ch.
1976 3093 2047 3124 Non

1039 3145 1186 3176 abundat
1203 3141 1271 3183 ἐπί,
1292 3147 1331 3174 ut
1349 3143 1493 3174 lambsio
1512 3143 1621 3174 visum
1638 3143 1677 3173 ad
1696 3142 1769 3173 Del.
1786 3141 1901 3182 Epigr.
1918 3150 1950 3181 p.
1964 3136 2045 3178 288,

1039 3192 1098 3222 sed
1115 3191 1326 3230 significatur
1352 3193 1510 3230 quantum
1528 3190 1696 3220 hominum
1712 3198 1814 3228 yenus
1828 3189 2049 3228 propayatum

1039 3237 1236 3269 extenditur.
1271 3234 1384 3280 [Num-
1411 3237 1515 3267 multo
1542 3237 1662 3267 melius
1689 3235 1814 3266 Nauck.
1843 3232 1943 3279 ἁμερ.
1966 3231 2003 3265 σέ
2020 3230 2049 3278 γ’

1041 3282 1139 3329 ἀνθρ.
1166 3294 1197 3315 v.
1227 3284 1359 3315 Bonitz.
1387 3284 1486 3314 beitr.
1515 3279 1549 3322 2,
1571 3281 1591 3314 5
1614 3280 1703 3326 not]
1723 3299 1763 3305 —
1783 3282 2050 3313 Adverbiascunt

1042 3329 1092 3364 ἐπ’
1118 3329 1194 3367 ’ίσας
1209 3332 1333 3371 pariter
1350 3330 1402 3361 El.
1427 3325 1516 3361 1062
1533 3330 1585 3360 ch.
1607 3326 1677 3362 οὐδ’
1695 3326 1751 3361 ἐπὶ
1768 3331 1919 3372 σμικρῶν
1938 3324 2048 3371 λόγων

1041 3375 1085 3411 ἔτ’
1102 3376 1191 3424 ἴσχει
1209 3379 1349 3422 μνῆστιν
1375 3377 1428 3407 Ai.
1453 3372 1543 3407 1268
1559 3386 1599 3407 ne
1616 3377 1789 3407 minimum
1808 3373 1947 3415 quidem.
1987 3374 2051 3404 Lo-

1041 3426 1208 3455 cutionem
1228 3424 1398 3463 explicant
1416 3423 1496 3454 Lob.
1514 3427 1547 3453 et
1565 3423 1681 3453 Herm.
1702 3423 1723 3454 l.
1742 3432 1769 3452 c.
1791 3426 1823 3452 et
1842 3422 1895 3452 hic
1913 3421 1951 3452 ad
1966 3420 2047 3451 Eur.

1703 3478 1773 3511 17*
