2288 3600
121 134 124 136 ’
145 136 290 189 -199.]

57 264 73 275 ,.
105 241 212 280 ‚202
240 242 384 283 Μυσὶων
409 243 478 283 ἀπὸ
501 252 668 296 κρημνῶν
693 244 788 282 72θῖ
815 268 856 274 -
886 249 984 283 Unus

55 299 58 301 “
77 298 129 328 est
144 294 204 327 ΟΒ
221 291 289 327 712
306 296 364 328 ubi
381 305 501 328 sensus
519 305 595 328 cum
608 297 804 338 pronomine
821 297 985 330 adiectivo

63 397 131 421 em
147 390 307 430 coniungi
324 391 492 431 postulet,
521 394 560 422 ut
577 391 711 423 dubites
735 391 777 423 de
794 391 914 424 idonea
929 402 983 424 re-

55 436 126 468 11111
150 440 308 469 accentus
326 446 443 469 causa:
481 437 639 496 χρησμὸς
672 436 738 484 γὰρ
770 435 860 483 ἦλθε
884 436 983 485 Λαΐῳ

46 479 55 518 3
77 480 142 517 οὐκ
159 480 228 530 ἐρῶ
246 477 376 529 Φοίβου
394 477 423 530 γ’
440 482 487 518 ἀπ
518 486 641 525 αυτοῦ,
670 488 740 519 τῶν
758 480 785 518 δ’
804 483 983 532 ὑπηρετῶν

52 529 240 572 ‘Opposita
257 535 337 562 sunt
355 529 456 569 αὐτὸς
474 530 492 566 ὁ
511 528 640 578 Φοῖβος
658 536 693 564 et
710 531 742 566 οἱ
769 531 874 567 αὐτοῦ
892 531 984 580 ὑπη-

103 581 143 609 ut
167 571 225 611 ἀπ’
253 575 359 611 αὐτοῦ
378 579 493 610 divelli
512 588 577 611 non
595 580 737 620 possint.
768 581 866 612 Haud
883 580 983 613 dubie

42 637 74 664 ,η
99 629 235 666 propter
251 626 489 667 interpositum
506 636 543 672 γε
570 631 604 658 et
620 628 902 668 praepositionem
919 629 983 660 eli-

41 683 59 708 g-
80 673 233 704 affectam
251 678 408 705 accentus
425 682 490 705 non
512 675 612 705 cessit
630 678 729 714 retro,
759 684 859 716 quam
876 676 983 716 ipsam

37 733 55 752 κ
92 718 287 751 Hermanno
312 729 378 751 non
403 730 476 752 esse
496 722 599 753 visam
618 722 803 761 corrigendi
836 732 980 762 causam,

56 766 168 807 ‘bique
181 767 326 799 rationes
344 776 420 799 suas
435 771 587 800 veterum
597 770 786 801 auctoritati
803 771 978 801 anteferat.

46 821 71 842 fu
108 813 286 845 retrahitur
302 817 468 855 accentus,
496 817 525 847 si
543 817 578 847 ἰπ
595 817 687 847 tmesi
699 817 846 856 positum
863 816 981 848 adver-

19 852 49 904 ss:
69 862 82 892 t
103 857 186 894 ἀπό
212 861 311 893 verbo
328 863 563 902 praemissum,
593 864 719 904 quippe
736 865 888 904 proxime
905 874 980 895 cum

43 905 315 949 iungendum3
345 914 458 940 contra
482 913 534 942 est
559 915 593 941 et
619 910 735 942 eadem
753 911 890 952 quidem
908 912 981 953 ipsa

31 951 36 994 s
70 963 150 996 usa,
179 964 255 986 cum
279 956 498 997 subsequitur
523 959 740 999 praepositio,
768 959 854 999 quod
873 967 980 998 genus

51 1018 54 1030 ι
86 1011 101 1034 s
119 1010 185 1034 non
211 1002 315 1034 fuisse
334 1004 493 1035 usitatum
517 1005 659 1045 reperio.
697 1005 891 1037 Generatim
911 1015 978 1037 rem

71 1049 121 1080 vit
137 1049 265 1081 Buttm.
289 1050 344 1082 Gr.
366 1061 399 1092 p.
421 1047 500 1083 300.
538 1052 671 1084 Diserta
697 1057 874 1094 praecepta
899 1059 980 1084 sunt

31 1115 48 1135 s:
61 1120 69 1128 .
89 1096 129 1128 Π.
151 1107 173 1129 α
188 1093 269 1130 258.
289 1093 312 1130 θ
329 1094 361 1129 4.
384 1108 403 1131 υ
425 1095 490 1130 188
507 1103 540 1130 et
557 1095 636 1130 327.
675 1099 881 1141 Quamquam
899 1100 980 1132 haec

34 1158 56 1185 ..⁸
89 1143 208 1185 pendit
231 1143 349 1179 Herm.
377 1143 425 1188 (v.
449 1145 547 1177 Gens.
575 1146 712 1178 Medeae
730 1147 850 1179 Elmsl.
875 1145 975 1180 1143.

34 1182 245 1232 ,;Ι.ΟΡ1158.
269 1195 293 1223 t.
307 1188 357 1235 3),
378 1196 416 1223 ut
433 1193 547 1224 ederet
563 1190 631 1226 ἄπο
650 1187 684 1238 μ’
703 1191 795 1231 ὀλεῖς
813 1194 872 1226 Ρ11.
894 1192 975 1226 817.

34 1234 116 1272 »νύν
142 1248 185 1283 με
208 1235 325 1272 λείπετ
358 1236 428 1284 ἤδη
458 1236 561 1280 1177,
590 1248 731 1282 quorum
748 1243 842 1283 prius
860 1243 979 1273 secisse

121 1289 258 1327 propter
280 1286 385 1318 ictum
402 1288 580 1319 metricum
603 1289 640 1319 in
665 1289 806 1329 primam
821 1290 978 1321 inciden-

34 1374 103 1421 fio,
124 1389 224 1420 quam
241 1381 370 1413 duobus
387 1382 480 1422 locis,
502 1382 623 1423 quibus
641 1380 708 1416 ἀπό
727 1384 887 1415 retinuit:
909 1382 978 1417 ἀπὸ

23 1422 127 1472 ,βίον
147 1424 269 1461 αὐτίκα
294 1426 403 1462 λείὼω
424 1426 514 1461 1158
530 1433 565 1461 et
581 1424 676 1476 κρᾶτ’
702 1428 769 1464 ἀπὸ
791 1429 903 1464 πάντα
919 1430 978 1464 καὶ

60 1493 65 1501 ι
91 1477 187 1518 τεμῶ
203 1472 281 1523 χερί
302 1461 402 1508 1207.
421 1479 438 1514 ΙΙ
456 1476 502 1507 Et
518 1478 547 1508 si
564 1478 705 1518 optimos
722 1479 897 1519 sequimur
915 1489 975 1510 au-

60 1545 82 1562 ,
102 1529 147 1553 118
163 1522 212 1554 sic
227 1523 363 1563 quidem
383 1524 589 1556 retrahemus
607 1530 793 1566 accentum,
814 1535 891 1557 cum
908 1523 976 1559 ἀπό

36 1565 186 1607 {fumasse
211 1569 338 1602 dictum
366 1575 525 1603 remotum
555 1571 682 1612 aliquid
714 1573 887 1612 alicunde,
924 1574 976 1605 vel

53 1630 57 1643 ι
88 1618 291 1649 contrarium
315 1618 500 1659 significat3
531 1618 612 1650 haec
636 1620 727 1650 enim
752 1620 826 1651 iure
845 1621 976 1653 monuit

80 1663 182 1695 enda
199 1673 272 1696 esse
288 1665 404 1706 Apitz.
422 1666 463 1697 ad
475 1665 531 1698 Tr.
549 1663 628 1698 377.
657 1667 755 1698 Illius
772 1669 907 1707 generis
925 1673 976 1700 est

28 1703 41 1744 s
56 1726 69 1737 ιἸ
81 1713 197 1756 τῆρος
214 1712 288 1743 sine
306 1713 410 1744 frenis
428 1712 483 1745 OG
493 1709 581 1744 900:
603 1713 706 1745 huius
724 1712 788 1747 οὐκ
805 1712 872 1748 ἀπὸ
889 1715 974 1761 γνώ-

18 1762 106 1795 ,11.
128 1754 207 1791 389.
235 1756 304 1792 ἄπο
323 1760 393 1792 LA.
414 1753 472 1792 ἀπ’
495 1757 644 1793 ἐλπίδων
666 1758 765 1793 1127.
789 1761 845 1793 Gr.
867 1763 971 1794 Bekk.

18 1798 95 1846 2³²5,
111 1802 168 1838 25.
189 1802 271 1846 ἄπο,
291 1804 420 1852 πόρρω,
443 1805 590 1853 μακράν.
610 1808 735 1839 Eadem
753 1808 852 1840 habet
862 1809 971 1849 Suid„

126 1852 327 1886 scholiastae
345 1855 470 1886 Veneti
485 1855 717 1886 testimonium
742 1856 782 1887 ad
808 1857 846 1888 11.
868 1855 887 1901 β
905 1853 974 1888 292

75 1909 156 1932 1111111
173 1903 244 1932 est:
270 1901 328 1932 sed
346 1901 431 1933 clare
447 1902 584 1933 iubetur
600 1903 728 1942 gravari
744 1901 812 1936 ἄπο
831 1901 890 1936 ἐὰν
908 1902 972 1950 δη-

86 1943 216 1981 ἀποθεν
235 1947 343 1980 Schol.
361 1946 391 1981 δ.
409 1946 464 1980 77.
487 1947 516 1987 ζ.
532 1946 589 1981 40.
638 1976 646 1982 .
667 1946 749 1990 152;
772 1951 855 1982 adde
869 1951 968 1984 Eust.

21 2013 23 2016 -
43 2008 52 2040 ,‘
69 2007 95 2034 ‚
115 1990 172 2026 29.
214 1994 322 2027 Schol.
344 1996 444 2027 Dion.
467 1996 545 2027 Thr.
567 2006 600 2037 p.
647 1994 701 2029 31.
739 1998 805 2030 Sed
822 1998 903 2030 haec
920 2003 971 2031 est

12 2038 46 2076 ’ῤ-
78 2041 183 2073 'orum
213 2042 380 2074 doctrina:
423 2043 655 2076 Aristarchum
680 2050 792 2076 contra
824 2046 970 2078 sensisse

19 2084 75 2127 ’ς’τι
107 2092 219 2121 estex
236 2089 338 2121 schol.
368 2087 399 2134 β.
420 2087 500 2122 831.
522 2088 552 2123 δ.
573 2087 630 2122 46.
650 2102 680 2124 ν.
701 2088 747 2123 52
763 2093 919 2133 inprimis
937 2103 967 2127 σ.

16 2128 29 2156 ““’
69 2135 155 2167 ‘bros
172 2137 297 2177 passim
315 2137 477 2169 fluctuare
494 2143 529 2169 et
545 2139 611 2179 ipsi
628 2139 775 2171 vidimus
792 2144 827 2171 et
836 2141 966 2172 Schaef.

74 2186 100 2214 t.
121 2184 343 2215 ostenderunt
357 2185 380 2215 l.
402 2194 443 2225 c.‚
474 2195 674 2226 quamquam
700 2187 916 2228 anastrophes
933 2189 970 2219 in

65 2238 158 2262 nere
175 2230 402 2263 admittendae
420 2232 625 2264 defensores.

79 2286 227 2333 πόβαθ
265 2301 298 2323 α.
334 2287 529 2336 ἀποβάθρα.
565 2289 783 2338 ἀποβατηρία
799 2289 823 2337 ἢ
841 2290 971 2338 κλῖμαξ

45 2358 57 2368 .
86 2330 178 2382 Σοφ.
207 2333 300 2371 Nus.
328 2336 385 2381 (fr.
407 2335 508 2382 364.)
533 2338 678 2378 Hesych.
724 2340 850 2371 Eodem
875 2341 971 2373 modo

76 2385 104 2414 t
119 2382 244 2423 Phryn.
273 2385 361 2426 App.
392 2384 492 2426 Soph.
512 2395 545 2430 p.
569 2383 624 2426 12,
646 2383 688 2417 31
717 2391 750 2418 et
775 2387 886 2419 addita
908 2388 969 2420 So-

14 2421 86 2461 „a
110 2432 306 2463 auctoritate
325 2432 380 2464 Gr.
404 2432 508 2464 Bekk.
540 2443 574 2474 p.
595 2429 677 2474 426,
701 2430 743 2465 18
769 2444 970 2476 quamquam

14 2469 49 2521 ζ’]
62 2481 204 2510 accentu
228 2476 457 2525 ἀποβατήρια.
498 2479 562 2521 [De
577 2484 715 2512 accentu
734 2478 918 2527 ἀπόβαθρα
936 2494 966 2514 ν.

75 2524 123 2556 d.
143 2525 179 2555 in
198 2523 299 2557 Thes.
322 2527 337 2556 I
363 2523 392 2566 1,
417 2523 533 2569 1362]
620 2552 626 2557 .
695 2526 726 2572 (1
745 2538 778 2570 p.
804 2525 880 2561 198.
902 2527 971 2573 in.)

68 2581 272 2627 >nossa1vou
297 2584 420 2616 recedo.
444 2580 640 2629 μετάσταθ’,
661 2584 812 2631 ἀπόβαθι
830 2588 884 2620 OC
905 2585 972 2620 162

74 2626 166 2663 άτων
184 2628 316 2675 ἀποβάς
336 2628 402 2663 167
410 2641 463 2663 an.
482 2631 695 2678 [ἀποβάντων
711 2635 770 2666 LA
779 2644 847 2676 pr.,
869 2637 971 2667 erasis

68 2675 118 2721 ν-]

77 2743 102 2767 π
109 2745 126 2768 ο
134 2732 155 2780 β
164 2734 187 2769 ά
196 2733 218 2768 λ
226 2733 247 2768 λ
258 2748 286 2769 ω
318 2739 445 2770 amitto.
488 2735 660 2784 ἰσαμέριος
695 2737 785 2777 ὅστις
820 2739 969 2797 αἰγείροκυ

89 2779 280 2828 ἀποβάλλει
298 2785 338 2815 fr.
360 2785 427 2816 inc.
447 2793 501 2825 ap.
518 2785 946 2837 Q

69 2850 322 2897 ’ποβλοίπτω
346 2855 434 2886 orbo,
457 2852 584 2889 τοιοῦδ’
604 2839 889 2904 ἀποβλαφθεῖσαν
907 2858 970 2905 ἀρ-

52 2896 156 2979 fficio
185 2901 239 2932 Ai.
262 2897 341 2933 941.
365 2902 457 2935 Suid.
477 2913 511 2956 y.
533 2901 677 2949 ἀρτίως,
712 2904 810 2937 Eust.
831 2915 864 2947 p.
887 2903 967 2947 586,

113 2971 121 2987 ,
150 2943 192 2979 31
218 2948 259 2979 de
288 2958 366 2980 voce
392 2950 589 2990 explicanda
615 2962 646 2982 v.
679 2956 818 2992 praeter,
841 2953 966 2994 Musgr.

72 2998 118 3025 11.
139 2994 180 3026 ad
196 2995 321 3027 Phoen.
343 2992 423 3028 979.
444 2996 631 3029 Mehlhorn.
652 2999 691 3030 ad
710 3000 830 3031 Anacr.
852 3010 886 3041 p.
901 2998 970 3033 132

21 3053 77 3093 ³:5³¹
88 3041 200 3073 ucitur
224 3043 259 3073 in
285 3041 378 3086 arsi).

19 3093 57 3147 ζ.
73 3094 126 3132 1έὸ
138 3097 328 3143 β’λαστάν
339 3114 367 3135 ω
381 3103 572 3142 proyiynor.
602 3103 728 3150 ματρὸς
739 3107 863 3143 ’κοινᾶς
881 3105 969 3140 ἀπέ-

30 3184 33 3186 *
49 3178 57 3192 :—
70 3162 77 3173 ¹
125 3143 250 3184 ὠδῖνος
267 3147 322 3180 ΘΟ
340 3145 407 3181 533
423 3157 470 3181 111.
952 3183 956 3185 .

16 3210 18 3214 “
51 3242 53 3245 ,
70 3202 285 3250 monstrem
303 3209 435 3248 aspicio.
457 3204 496 3240 οὐ
514 3206 583 3255 χρή
597 3207 671 3242 ποτ’
692 3207 884 3256 ἀνθρώπων
904 3211 968 3256 μέ-

16 3280 18 3300 3
54 3247 137 3296 βονν
153 3250 350 3299 ἀποβλέψαι
375 3265 393 3286 a
541 3280 547 3287 .
572 3256 578 3263 '

16 3387 18 3389 .
51 3358 79 3401 j.»
97 3353 206 3391 Λαΐου
223 3356 293 3403 'toste
309 3356 388 3401 τιν’;
410 3371 441 3392 v.
454 3357 533 3403 219.
552 3362 611 3393 LA
624 3363 696 3394 add.
719 3360 960 3410 ἀπόγονον,

674 113 954 203 ῐΑπόβαθρα
981 163 1043 171 -
1065 129 1342 186 Ἀποκαλέω

56 343 155 386 gnte,
184 350 251 374 non
276 350 352 374 cum
378 343 588 375 substantivo
605 345 827 385 praecedente
844 354 997 387 praepo-·

16 3419 20 3443 ς
46 3403 64 3450 2'
77 3399 267 3436 'stationem
285 3408 460 3438 continens
476 3408 549 3439 iure
566 3408 720 3441 delevere
738 3409 827 3443 Reis.
841 3411 960 3444 Elmsl.
980 3422 983 3441 5

1972 143 2037 192 ’79

1022 251 1136 285 Herm.
1162 247 1236 296 [τιν’
1268 250 1335 287 ὅντ’
1361 251 1483 300 Dind.]
1502 273 1543 279 —
1574 255 1647 288 Non
1674 257 1802 289 curavit
1820 257 1920 299 Soph.
1949 260 2035 299 quod

1022 300 1111 331 inter
1127 298 1194 334 ἀπό
1219 312 1295 339 ονος
1313 305 1348 333 et
1365 298 1503 348 ἔκγονος
1521 303 1700 335 discrimen
1722 306 1934 337 constituunt
1951 307 2031 337 Am-

1022 356 1109 379 mon.
1139 357 1172 388 p.
1268 353 1302 380 et
1324 349 1424 381 Eran.
1452 360 1484 390 p.
1509 346 1574 381 166
1599 352 1641 382 cf.
1662 351 1758 384 Eust.
1788 362 1821 392 p.
1846 349 1955 393 1682,
1980 350 2031 384 18.

1021 394 1110 433 Quin
1130 396 1182 426 vel
1206 396 1246 428 ab
1272 395 1439 428 historicis
1456 406 1556 438 saepe
1574 399 1699 438 negligi
1723 399 1834 430 eidem
1853 400 1901 430 illi
1920 401 2037 431 obser-

1023 445 1154 474 varunt.

2087 262 2288 427 lm,

1090 495 1412 546 Ἀποδείκνῦμι
1437 507 1664 535 commonstra
1692 503 1912 545 κάπεὸείξατε
1930 504 2037 539 πατέ-

1023 558 1094 593 ρας,
1131 545 1314 604 ἀδελιροὺς,
1349 546 1479 604 παῖδαςἢ
1508 548 1647 596 (γάμοι)
1679 552 1737 582 OR
1763 549 1863 585 1405.
1910 554 1959 584 De
1980 554 2032 585 El.

1025 591 1114 627 1453
1130 593 1333 635 κάπὲοειξαν
1352 607 1384 628 ν.
1405 594 1631 642 ἐπιοείκνυμι.

1091 647 1131 688 Ἀ
1142 665 1167 687 π
1178 665 1195 687 ο
1207 651 1224 686 ὃ
1233 667 1257 701 η
1269 652 1320 698 μέ
1332 667 1359 687 ω
1373 664 1506 695 pereyre
1523 666 1643 688 versor.
1663 655 1950 704 κάποῦημοῦντος
1969 671 2036 693 πα·-

1020 699 1099 747 τρός
1118 703 1157 733 fr.
1180 703 1246 733 inc.
1268 699 1348 742 779,
1372 699 1415 733 12
1442 703 1669 744 {scribendum
1687 703 1904 751 ἀδημοῦντος
1922 713 2037 738 censet

1022 749 1147 780 Nauck.
1176 750 1235 790 qui
1258 750 1346 781 idem
1370 753 1477 782 totum
1503 751 1612 782 locum
1638 752 1791 793 Sophocli
1817 754 1983 786 abiudicat
2002 756 2034 785 iu

1021 796 1138 828 Phnoi.
1163 793 1217 837 12,
1238 793 1332 840 193J.

1089 848 1431 901 Ἀποδῖδράσκω
1456 856 1589 897 effuyio,
1611 859 1688 889 vito.
1727 856 1781 892 ὅτε
1806 857 1844 893 τὸ
1871 859 1928 893 σὸν
1952 857 2035 904 ὄμμ’

1019 899 1170 947 ἀπέδραν
1204 903 1258 934 Ai.
1290 899 1356 934 167
1381 913 1435 934 an.
1469 901 1630 951 [ἐπέδραν
1659 906 1715 937 LA
1742 916 1791 947 pr.
1814 911 1853 938 ut
1871 907 2030 949 videtum]

1019 950 1127 981 Affert
1150 949 1267 981 Thom.
1305 961 1334 981 v.
1373 947 1537 997 ἀποδράς.
1573 950 1761 999 ἀποφυγών
1795 955 2036 995 interpretatur

1017 997 1073 1028 Gr.
1095 997 1200 1029 Bekk.
1223 1007 1255 1038 p.
1273 994 1354 1032 427,
1380 995 1433 1029 11.
1463 999 1579 1030 Elmsl.
1602 1000 1642 1031 ad
1660 1001 1791 1032 Heracl.
1818 999 1858 1032 14
1876 1002 1931 1033 his
1948 1002 2031 1034 duo-

1015 1045 1077 1075 bus
1095 1045 1175 1076 locis
1194 1045 1273 1076 solis
1290 1045 1379 1085 apud
1397 1047 1536 1085 tragicos
1560 1047 1624 1087 legi
1643 1048 1701 1079 ait.

1086 1096 1362 1147 Ἀποδῖὃωμι
1385 1103 1496 1136 ‘reddo
1535 1103 1662 1143 ἀπόδος
1687 1106 1734 1143 ὡς
1758 1106 1865 1154 τάχος
1889 1106 1933 1141 τὰ
1956 1106 2035 1147 τόξα

1018 1161 1075 1195 μοι
1093 1150 1153 1183 Ρ11.
1175 1147 1254 1182 924.
1284 1148 1425 1192 ἀπόδος,
1456 1150 1615 1197 ἱκνοῦμαί
1643 1147 1681 1192 α’,
1712 1152 1840 1191 ἀπόδος
1858 1151 1938 1187 932.
1961 1153 2035 1188 ἀλλ’

1015 1195 1144 1235 ἀπόδος
1161 1194 1240 1230 950.
1273 1196 1413 1238 ἀπόδος,
1435 1197 1519 1246 ἄφες
1539 1211 1609 1245 μοι,
1631 1203 1706 1241 παῖ,
1727 1200 1770 1235 τὰ
1786 1199 1865 1241 τόξα
1879 1199 1957 1234 981.

1084 1261 1186 1302 'Ami
1202 1266 1219 1300 ὃ
1232 1280 1275 1315 ρο
1287 1280 1378 1314 μος.
1407 1268 1467 1303 ἀπ.
1484 1296 1491 1310 ,
1520 1268 1768 1305 ἐλαττούμενον
1786 1275 1860 1310 τοῖς
1879 1270 2033 1319 δρόμοις,

69 1332 127 1364 sed
144 1333 290 1365 secundo
307 1335 463 1375 exemplo
481 1343 545 1366 non
564 1336 668 1375 magis
685 1345 724 1367 ea
741 1338 899 1368 convenit
916 1345 977 1368 ex·
1013 1312 1288 1370 ,ᾖ-παλίνὸρομογ
1305 1313 1327 1361 ἢ
1358 1311 1430 1361 μετ’
1456 1316 1623 1351 endvossov
1646 1316 1775 1366 (onp.)
1791 1314 1954 1366 Ἀκρισίῳ
1972 1320 2031 1364 UT·

1022 1361 1078 1407 11))
1093 1363 1239 1403 Hesych.
1272 1363 1348 1405 [quo
1375 1366 1408 1396 in
1436 1366 1570 1397 nomine
1598 1366 1707 1398 rabula
1733 1369 1835 1399 latere
1861 1372 1958 1409 putat
1985 1369 2028 1400 M.

993 1398 997 1454 Ι
1016 1410 1166 1443 Schmidt
1179 1409 1270 1457 παρὰ
1283 1407 1423 1457 Κρησὶ].
1446 1413 1665 1445 Scribendum
1685 1415 1818 1446 videtur
1835 1412 1930 1460 μέτ’
1958 1413 2033 1449 ἐπ·

1015 1455 1189 1491 ανόδου.
1225 1460 1328 1501 Apud
1362 1459 1540 1492 Cretenses
1581 1458 1867 1508 ἀποὸρόμους
1904 1468 2030 1495 vocatos

994 1514 997 1544 ι
1013 1503 1092 1542 τοὺς
1111 1503 1219 1550 μήπω
1232 1509 1358 1539 κοινῶν
1376 1503 1514 1552 δρόμων
1560 1506 1740 1555 ετέχοντας
1759 1507 1912 1556 ἐφήβους
1930 1510 2028 1542 Eust.

994 1545 997 1607 Ι
1014 1553 1117 1584 refert
1134 1562 1168 1594 p.
1189 1549 1269 1593 727,
1286 1550 1343 1586 21.
1375 1552 1476 1595 1788,
1496 1553 1517 1587 5
1546 1580 1552 1587 .
1583 1557 1628 1587 At
1643 1555 1702 1589 τὸν
1726 1567 1839 1590 πεπαυ
1871 1555 1946 1591 ένον
1963 1561 2032 1591 τῶν

1014 1597 1151 1645 δρόμων
1170 1600 1258 1632 idem
1276 1602 1424 1642 explicat
1442 1612 1473 1643 p.
1491 1599 1592 1642 1592,
1614 1600 1659 1635 56
1677 1605 1719 1635 cf.
1742 1601 1821 1645 727,
1870 1602 1899 1636 1.
1929 1604 2031 1637 Utra—

1013 1656 1078 1687 que
1103 1648 1302 1687 significatio
1321 1650 1501 1690 Sophocleo
1519 1651 1587 1682 loco
1605 1652 1772 1683 convenit:
1800 1653 1901 1692 probo
1918 1657 2031 1684 autem

993 1686 1170 1739 ι4111181818,
1192 1696 1280 1736 quod
1306 1701 1473 1729 certamen
1499 1699 1690 1737 gymnicum
1725 1700 1758 1729 in
1785 1708 1824 1730 ea
1850 1700 1961 1731 fabula
1978 1701 2032 1731 in—

1013 1742 1172 1773 stitutum
1199 1743 1303 1774 fuisse
1322 1744 1483 1775 discimus
1508 1754 1550 1775 ex
1570 1745 1610 1777 fr.
1632 1741 1688 1777 68.

1082 1794 1156 1834 Ἀπ
1168 1812 1185 1833 ο
1196 1798 1214 1833 ὃ
1225 1793 1244 1835 ὅ
1255 1812 1300 1847 ρο
1311 1813 1386 1847 μαι
1411 1803 1528 1845 defleo.
1559 1801 1653 1840 ὅπως
1679 1802 1833 1850 ἐμαυτὴν
1852 1803 1910 1838 καὶ
1933 1803 2030 1851 γένος

1009 1846 1048 1881 τὸ
1077 1850 1150 1890 ποῖνΔ
1170 1846 1258 1893 ὁμοῦ
1285 1849 1340 1890 Ξὺν
1358 1848 1445 1896 τῇδε
1462 1848 1603 1884 κλαύσω
1628 1849 1882 1898 κάποδύρωμαι
1918 1851 2037 1897 σποδῷ

1010 1894 1065 1926 El.
1091 1892 1193 1929 1122.
1827 1897 1859 1942 (Ι
1877 1909 1911 1941 p.
1932 1897 2030 1943 199.)

1077 1950 1151 1987 Ἀπ
1163 1952 1211 1989 οθ
1222 1967 1243 1988 α
1253 1967 1272 1989 υ
1285 1968 1309 2000 μ
1319 1954 1405 1995 άζω
1422 1956 1574 1988 demiror.
1602 1951 1698 1991 ταῦτ’
1715 1956 1805 1991 ἐστὶν
1830 1955 1900 2004 ἤδη
1912 1957 2027 1992 κάπο-

1008 1998 1185 2045 θαυμάσαι
1203 2002 1334 2048 πρέπον
1353 2003 1408 2036 OC
1429 2001 1531 2036 1586.
1554 2005 1677 2036 Rarum
1696 2006 1836 2037 verbum
1854 2011 2027 2047 praeterea

1006 2048 1130 2088 legitur
1147 2050 1269 2082 Aesch.
1296 2052 1358 2091 Ag.
1381 2047 1461 2083 318.

1078 2112 1118 2153 ’A
1128 2130 1152 2152 π
1163 2117 1211 2154 όθ
1221 2131 1237 2153 ε
1247 2132 1265 2154 ο
1277 2132 1303 2158 ς.
1327 2118 1479 2155 camsilem
1502 2119 1602 2163 ἄθεα,
1623 2121 1722 2160 ἐκτὸς
1735 2121 1838 2157 θεῶν.
1862 2120 1948 2171 Σοφ.
1959 2121 2024 2159 Θυ.

1008 2164 1070 2216 (fr.
1087 2163 1173 2210 246)
1191 2168 1335 2208 Hesych.

1079 2221 1297 2261 Ἀποικέω
1324 2237 1468 2260 seorsum
1492 2228 1618 2270 habito,
1640 2229 1780 2262 discedo.
1812 2228 1835 2274 ἡ
1855 2226 2026 2276 Κόρινθος

1009 2269 1043 2310 ἐξ
1069 2270 1154 2317 ἐμοῦ
1179 2272 1287 2308 πάλαι
1313 2273 1448 2321 μακρὰν
1473 2272 1649 2321 ἀπῳκεῖτο
1675 2277 1733 2309 OR
1751 2273 1831 2309 998.
1867 2278 1918 2309 De
1936 2281 2026 2308 stru-

1009 2323 1102 2351 ctura
1121 2331 1152 2351 v.
1174 2322 1290 2354 Valok.
1312 2323 1352 2354 ad
1369 2323 1476 2355 Adon.
1498 2332 1532 2366 p,
1553 2319 1633 2356 238.

1081 2372 1286 2413 Ἀποικία
1309 2380 1449 2413 colonia.
1479 2371 1632 2452 οἵτῆσῗῖ
1657 2379 1759 2429 ἐρῶσι
1775 2385 1839 2429 τῆς
1865 2381 2026 2421 ἀποικίας

1009 2426 1104 2458 Laoc.
1128 2427 1168 2458 fr.
1191 2424 1270 2459 342.

1078 2479 1117 2519 Ἀ
1129 2497 1152 2518 π
1164 2497 1181 2519 ο
1194 2483 1322 2524 ικίζω
1341 2496 1484 2519 (ιτηουιο.
1514 2486 1614 2521 καλῶ
1638 2487 1677 2521 τὸ
1696 2485 1874 2536 Ταρτάρου
1892 2488 2022 2536 ἔρεβος,

1009 2532 1055 2569 ὡς
1074 2530 1100 2564 σ’
1118 2531 1258 2567 ἀποικία
1302 2534 1357 2566 OC
1374 2530 1473 2566 1390.
1496 2532 1595 2581 αὔρα,
1615 2533 1692 2580 ἥτις
1711 2530 1746 2580 μ’
1763 2535 1970 2570 ἀποικίσειεν
1985 2536 2024 2570 ἐκ

1005 2578 1122 2612 τόπων
1141 2581 1196 2612 Tr.
1217 2577 1270 2612 95.
1304 2591 1348 2612 m.

1070 2630 1285 2676 ’Ἄποικος
1310 2642 1456 2672 extorris.
1485 2643 1550 2687 γῆς
1576 2635 1610 2686 μ’
1636 2639 1730 2679 ὅπως
1755 2641 1902 2689 πέμψεις
1919 2641 2024 2677 &⁷102-

1006 2696 1068 2718 κον
1086 2683 1143 2718 ΟἘ
1162 2683 1253 2718 1518
1271 2681 1343 2731 [ἀπ’
1361 2685 1468 2721 οἴκων
1487 2689 1547 2720 LA
1564 2699 1595 2719 v.
1618 2698 1646 2720 s.
1667 2687 1763 2734 ἀπό].

1074 2749 1180 2790 Ἀπο
1192 2755 1341 2801 ιμώζω
1374 2757 1517 2798 deploro.
1546 2756 1648 2804 εὐνῆς
1682 2755 1928 2804 ἀποιμώζοντα
1960 2764 2023 2807 τῆς

1006 2801 1102 2836 κάτω
1121 2800 1254 2850 φθοράν
1273 2805 1356 2836 Ant.
1380 2801 1481 2837 1224.
1505 2803 1583 2849 ποῖ’
1601 2804 1797 2852 ἀποιμῶξαι
1815 2806 1927 2849 κακοί,
1958 2809 2018 2839 Ρ11.

1006 2847 1075 2883 278
1081 2875 1087 2881 .

1076 2907 1114 2927 **
1126 2900 1171 2942 ’Ἃ
1182 2919 1206 2941 π
1216 2920 1234 2942 ο
1246 2919 1282 2942 ιν
1294 2921 1316 2943 α
1339 2911 1498 2943 audacem
1534 2913 1803 2945 emendationem
1837 2914 2021 2946 Hermanni

1005 2949 1112 2989 Ἰδαῖα
1130 2954 1245 3000 μίμνω
1263 2951 1415 3001 λειμώνι’
1431 2955 1557 2992 ἄποινα
1573 2961 1628 2991 Ai.
1649 2956 1715 2992 601
1735 2961 1788 2992 ch.
1816 2961 1921 2993 Idaea
1939 2971 2020 3001 pra-

1005 3005 1110 3034 temia
1122 3005 1283 3044 praemia,
1304 3006 1431 3046 recepit
1441 3006 1544 3038 Dind.
1562 2999 1690 3048 [Ἰδαίαι
1705 3006 1839 3051 μίμνων
1853 3005 2021 3053 λειμώνια

1005 3048 1099 3083 ποίαι
1118 3048 1206 3094 LA.]
1232 3061 1263 3083 V.
1284 3049 1377 3086 ποία.

1074 3102 1116 3142 'A
1126 3119 1150 3141 π
1160 3120 1177 3142 ο
1190 3107 1233 3155 ίχ
1243 3120 1260 3143 ο
1272 3121 1296 3154 μ
1307 3120 1348 3143 αι
1373 3110 1516 3143 discedo.
1551 3109 1676 3150 ὠδῖνας
1691 3109 1796 3148 αὑτοῦ
1813 3110 2016 3161 προσβαλὼν

1003 3153 1184 3202 ἀποίχεται
1203 3158 1257 3189 Tr.
1279 3154 1335 3189 42.

1042 3226 1049 3239 ·-
1073 3207 1361 3262 Ἀποκαίριος
1388 3212 1636 3258 inopportuna&
1678 3216 1716 3253 τὸ
1733 3216 1798 3266 γάρ
1817 3230 1875 3265 μοι
1894 3218 2017 3266 μαθεῖν
2053 3207 2057 3211 ,

1002 3257 1066 3293 οὐκ
1083 3259 1284 3317 ἀποκαίριον
1311 3263 1372 3296 Ρ11.
1397 3261 1462 3297 155
1480 3265 1531 3296 811.
1561 3265 1668 3299 schol.
1699 3263 1766 3299 οὐκ
1778 3265 1926 3308 ἄτοπον,
1955 3266 2018 3301 οὐκ

2076 2272 2198 2451 ss‘

75 3308 237 3356 π’όγονο
249 3322 264 3348 ς
278 3313 397 3352 proles.
420 3311 582 3358 ἀπόγονοι
598 3313 672 3348 τεαί
690 3315 745 3358 QG
763 3313 832 3348 534
849 3307 901 3349 ch'.
922 3319 966 3350 At
1001 3305 1173 3354 ‘smwffls

1054 3361 1112 3401 ,Ἀ
1123 3366 1332 3402 ποκαλὲω
1364 3379 1438 3401 cum
1470 3373 1615 3403 convicio
1653 3373 1820 3412 compello.
1872 3371 1929 3406 τὸν
1954 3374 2015 3406 τοῦ
2106 3367 2110 3371 ’

1001 3412 1165 3456 μανέντος
1181 3413 1343 3459 ξύναιμον
1361 3414 1614 3455 ἀποκαλοῦντες
1632 3420 1684 3449 Ai.
1708 3416 1785 3449 727.
