2288 3600
272 91 337 140 84
1011 85 1259 156 Ἀποφέρω
1289 117 1352 126 -
1372 85 1601 138 ’Amnem
2022 69 2109 144 [1,.
2143 99 2230 144 .··v

271 211 412 249 utroque
437 217 560 248 genere
577 207 706 248 aliquid
723 207 879 248 sumpsit,
901 204 1069 240 δοκοῦντα
1081 232 1088 246 ,
1117 215 1202 246 quae
1221 215 1291 238 cre-
1398 199 1476 240 Ἀπ
1487 203 1594 252 ροσή
1606 216 1652 263 γο
1663 215 1707 252 ρο
1719 217 1735 244 ς
1768 205 1998 239 intractabilis.
2038 203 2134 254 ἀπρ.
2170 203 2238 253 hg

271 256 448 296 derantur,
476 259 512 287 et
535 253 801 301 ἀποφάσκοντα,
830 264 915 295 quae
948 250 1132 294 nequi-ent)
1173 254 1287 285 Herm.
1328 263 1427 291 ποςτ
1449 251 1485 286 ὃν
1503 250 1569 300 οὐχ
1587 251 1660 287 οιόν
1673 264 1711 286 τε
1723 254 1993 300 προσαγορεῦσαι
2006 250 2063 288 διὰ
2073 251 2203 300 τρόπου
2226 274 2246 298 ¹.

270 303 363 334 Bene
380 303 562 334 illustravit
579 304 719 335 verbum
733 302 857 341 Musgr.
875 301 934 333 sed
946 302 1069 333 erravit
1086 301 1291 332 accusativos
1326 311 1414 346 τητα
1428 301 1486 333 Gr.
1499 301 1605 333 Bekk.
1623 311 1657 342 p.
1669 297 1750 342 440,
1770 297 1825 332 17.
1837 318 1879 324 —
1892 299 2020 347 πατρὸς
2029 300 2070 336 τὸ
2086 299 2188 336 δυσπ
2202 319 2207 329 r

269 355 393 391 putans
418 351 598 390 singularis
628 351 762 381 numeri
787 359 862 381 esse
896 346 1065 382 δοκοῦντα
1090 352 1124 380 et
1149 345 1291 394 ἀποφά-
1326 346 1591 394 κάπροσήγορον
1609 346 1719 393 στόμα
1735 347 1790 380 OC
1811 344 1913 380 1277.
1938 345 2092 383 ἄπλατον
2114 345 2206 396 θρμ

270 408 395 431 σκοντα
416 398 515 440 [idem
533 399 640 430 voluit
654 398 791 437 Kayser,
816 400 879 428 act.
899 406 983 428 sem.
996 396 1151 427 Heidelb.
1164 406 1198 437 p.
1211 393 1287 437 81],
1327 393 1544 442 προσήγορον
1560 396 1616 428 Τ1.
1635 391 1726 428 1093
1742 396 1794 427 100
1808 395 1995 428 Nemeaeus
2012 396 2146 437 dicitur,
2161 405 2219 439 qu
2233 415 2247 441 χ

270 455 356 486 quae
384 456 402 477 a
424 444 573 491 ταράσσε
587 456 605 477 ν
632 445 900 486 suspenduntur.
937 443 1047 476 Schol.
1079 439 1157 476 οὔτε
1188 441 1291 476 πιστὰ
1328 443 1504 475 scholiasta
1537 443 1685 484 explicat
1717 440 1956 490 ἀναγόρευτον,
1984 440 2186 490 ἀδιήγητον.
2236 439 2242 455 ”

270 487 340 526 οὔτ’
358 490 496 526 ἄπιστα.
1328 491 1474 531 Wakef.,
1496 490 1552 522 cui
1569 490 1654 522 adde
1670 491 1787 523 Valck.
1817 490 1859 522 ad
1874 491 1979 532 Hipp.
2000 486 2057 523 96.
2081 509 2124 515 —
2141 491 2223 523 Pri».
2235 483 2257 527 f*

339 545 414 585 Ἀπ
425 563 442 584 ο
453 548 572 598 φέρω
590 554 731 591 asporto,
761 549 809 587 ὡς
826 546 938 596 ἄλλην
955 547 1071 597 χθόνα
1089 547 1202 582 δοκῶν
1221 546 1290 582 ἀπ-
1326 539 1363 569 111
1381 539 1446 570 arsi
1464 539 1574 579 posita
1590 538 1636 569 sit
1652 539 1846 589 utrobique,
1855 537 2070 587 producitur.
2235 551 2240 560 2

270 596 372 632 οίσειν
395 598 454 630 OR
480 596 569 630 1179
596 608 722 629 mecum
754 597 892 637 aufero:
934 595 994 630 καὶ
1011 590 1112 629 τῶνδ’
1138 594 1291 634 ἀποίσεις
1397 590 1595 642 Ἀπρόσμ
1607 607 1687 644 αχο
1699 602 1715 629 ς
1738 598 1881 628 invictus
1898 590 1939 640 (ἄ
1947 597 2083 642 11111ΡΡο
2100 597 2137 629 in
2155 596 2205 629 th
2220 611 2223 624 ;
2242 599 2244 601 ’

271 649 369 692 σῆμα
387 647 441 678 Τ1.
464 643 544 678 614.
565 643 721 690 κομίσεις
739 645 842 677 501101.
1328 641 1530 691 πρόσμαχον
1547 641 1648 690 τέρας
1667 643 1724 675 Τ1.
1747 641 1837 676 1098
1856 643 2034 676 Cerberus.
2090 642 2123 688 (Ι
2138 653 2174 686 Ρ.
2191 640 2239 681 21ἶ

339 710 415 751 'Art
425 728 442 750 o
454 727 478 763 φ
488 727 503 749 ε
515 713 532 749 ύ
542 728 599 762 γω
618 715 765 756 defuyiO.
785 717 879 761 κῆρα
895 709 988 748 τάνδ’
1005 712 1212 761 ἀποφεύγειν
1226 715 1288 746 Ph.
1398 697 1475 760 'Af
1488 713 1504 749 Ρ
1518 713 1535 736 0
1547 713 1565 735 ⁶
1576 701 1593 736 ό
1605 700 1683 748 ni).
1694 714 1711 736 0
1722 714 1738 740 ς
1755 712 1903 735 moro-‘522⁸
1928 701 2029 747 (Qu.
2038 701 2133 747 arsi).
2153 699 2217 737 ἀπ
2230 720 2251 757 '³2

272 761 362 797 1160
381 765 432 796 ch.
464 765 563 796 Trici.
593 761 752 809 ἀμέτρως
777 760 1039 809 ἀποφυγεῖν.
1069 764 1107 793 in
1127 758 1291 794 001739
1328 748 1388 784 λον
1407 761 1516 797 impu:
1534 750 1589 783 00
1610 747 1699 782 1236
1718 751 1769 782 ch·
1797 750 2022 782 AffertEust-
2044 760 2079 792 r·
2099 747 2180 792 790,

272 813 323 844 ch.
343 813 422 843 libri
446 821 562 844 omnes
586 809 646 844 καὶ
670 809 777 857 πάρος
804 808 1054 856 ἀπεφεύγετον,
1087 813 1195 856 σφῶιν
1221 807 1291 852 (vel
1394 803 1554 844 ”Απτω.
1582 811 1676 841 Inter
1694 805 1793 842 ἅπτω
1819 813 1854 841 01
1878 806 2033 854 ἅπτομαι
2057 813 2246 842 accurate-

271 858 385 906 σφῷν)
417 859 456 893 τὸ
484 857 533 904 μὴ
560 856 688 892 πίτνειν
714 862 844 891 κακῶς.
874 859 961 889 Leni
978 858 1165 889 mutatione
1183 860 1291 888 totum
1329 858 1420 889 mina
1437 858 1550 898 posuit
1568 858 1649 889 Lob.
1671 857 1712 888 ad
1728 857 1784 888 Ai.
1807 852 1894 898 6983
1923 866 1987 889 nec
2011 861 2124 889 tamen
2140 856 2241 890 illud

270 908 380 939 locum
397 908 536 938 refinxit
553 907 668 938 Herm.
694 906 874 948 [sequente
893 905 1012 947 Dind.]
1042 906 1132 936 inter
1149 905 1291 945 Antigo-
1329 906 1418 946 apud
1444 905 1543 946 Soph.
1573 905 1699 944 legitur
1723 905 1878 945 omnino,
1905 914 2005 946 quam
2031 914 2108 936 cum
2131 904 2249 936 dativ

270 964 347 986 nam
372 959 407 986 et
432 955 569 986 chorum
594 954 819 985 distribuens:
848 949 894 987 X.
922 951 981 986 καὶ
1003 950 1112 998 ποίρος
1137 949 1292 998 ἀπέφυγε
1330 958 1433 993 0111111,
1454 952 1543 993 quod
1560 951 1719 993 loquendi
1736 961 1842 991 genus
1856 951 1998 985 Pindaro
2015 952 2181 984 familiare
2232 958 2245 995 J

271 996 362 1035 Ἀντ.
383 999 434 1043 ri,
463 998 508 1034 Χ.
536 999 580 1034 τὰ
605 1000 701 1047 σφῷν
734 998 774 1034 τὸ
809 999 857 1046 μὴ
885 998 1014 1033 πίτνειν
1047 1003 1177 1036 κακῶς.
1212 999 1288 1031 Cho,
1329 1001 1378 1031 vit
1411 999 1555 1031 Boeckh.
1592 999 1694 1040 Expl.
1729 999 1828 1031 Pind.
1863 1009 1898 1040 p.
1922 995 2000 1030 111.
2040 995 2148 1041 [οὗτοι
2172 1009 2211 1032 π
2227 999 2252 1033 ‘⁵25

273 1050 385 1080 Etiam
402 1053 480 1080 ante
497 1049 617 1087 effugit
634 1067 674 1072 —
693 1049 772 1079 Ant.
793 1048 906 1086 Quid?
937 1047 1012 1078 Cho.
1034 1057 1087 1078 res
1106 1051 1227 1087 vestra,
1249 1056 1292 1078 ne
1328 1051 1397 1080 τῶν
1417 1045 1533 1093 ἄκρων
1554 1044 1635 1080 ἄνευ
1653 1044 1760 1079 πόνου
1774 1046 1901 1086 Polyid.
1913 1047 1955 1078 fr.
1966 1042 2036 1079 463
2054 1047 2139 1078 coni.
2151 1045 2190 1078 Ο.
2210 1050 2220 1058 “
2235 1068 2247 1085 ·.

271 1097 492 1136 affligeretur.
529 1096 705 1128 Recordari
722 1097 817 1127 iubet
833 1096 977 1136 puellas,
997 1095 1096 1135 paulo
1113 1099 1191 1126 ante
1211 1095 1292 1126 Gre—
1331 1096 1401 1127 der.
1423 1095 1556 1127 Stobaei
1573 1094 1665 1126 codd.
1686 1091 1787 1139 ἥξει.,
1810 1093 1924 1126 Cobet.
1939 1093 1998 1125 NL
2011 1089 2081 1126 259
2099 1090 2221 1134 ebbena
2236 1095 2255 1133 ψ’

270 1145 342 1176 onti
358 1153 431 1175 sese
446 1148 579 1185 ereptas
592 1153 678 1175 esse.
700 1140 913 1190 ἀπεφύγετον
928 1143 1059 1175 volebat
1075 1143 1186 1181 Brck.,
1207 1139 1293 1174 ἀπε-
1331 1140 1407 1187 Heu]
1418 1160 1459 1165 -
1480 1138 1633 1186 ἅπτομαι
1652 1141 1819 1181 significat
1832 1142 1992 1180 attinyere
2007 1145 2042 1173 et
2058 1141 2154 1173 inhae
2222 1154 2238 1174 .’

273 1189 440 1237 φευγέτην
463 1191 583 1222 Ε111151.
1037 1187 1069 1233 (I
1085 1199 1119 1231 p.
1141 1187 1210 1222 210
1226 1187 1295 1233 in.)
1326 1192 1398 1230 prie
1416 1190 1565 1222 dictum:
1594 1185 1661 1236 οὐχ
1678 1185 1813 1234 ἅψομαι
1828 1182 1922 1222 τοῦδ’
1939 1185 2061 1234 ἀνδρός
2078 1187 2134 1221 00
2149 1149 2223 1268 ἐξ

1011 1236 1013 1238 ’
1330 1237 1559 1269 translationis
1584 1237 1779 1278 praemunit
1801 1233 1910 1280 ἧπταί
1927 1246 1994 1291 μου
2012 1233 2146 1280 (νόσος)

1331 1295 1398 1326 111.;
1428 1285 1529 1316 501101.
1551 1295 1598 1316 κα
1632 1281 1757 1329 ’ψατοε
1785 1287 1820 1315 et
1836 1285 1896 1316 νῦν
1915 1280 1933 1316 δ
1963 1281 2108 1330 ἔσχατόν
2127 1292 2187 1316 σου
2202 1281 2243 1327 (Δ,

1330 1330 1458 1377 τούμὸν
1476 1328 1619 1364 ἅπτεται
1638 1329 1745 1375 οέμας
1763 1330 1818 1363 ΟΟ
1839 1327 1941 1371 1550,
1969 1331 2127 1362 ultimum
2143 1333 2174 1362 te
2196 1333 2250 1375 1ιρ

1332 1380 1494 1419 Fiqurata
1511 1379 1611 1410 dictio
1629 1382 1680 1410 est
1697 1375 1873 1412 θανόντων
1894 1375 1994 1411 οὐδὲν
2015 1374 2120 1423 ἄλγος
2132 1373 2212 1411 ἅπτ
2230 1396 2237 1402 -

341 1418 531 1473 Ἀποφθῗ
536 1438 552 1458 ν
565 1439 605 1459 ω.
634 1426 855 1458 Intransitive
885 1427 1004 1458 intereo
1018 1436 1028 1455 .·
1062 1423 1147 1459 ὅπου
1180 1422 1293 1458 κάπο-
1331 1423 1411 1458 955.
1435 1425 1483 1472 μὴ
1501 1430 1569 1459 τῶν
1587 1422 1734 1472 ἀρίστων
1747 1422 1893 1458 ἅπτεται
1933 1422 2225 1470 ουλευμοίτωνᾼιι

272 1471 385 1521 φθίνει
416 1471 462 1507 τὰ
494 1486 520 1521 χ
541 1472 632 1520 ηστοί
662 1474 722 1505 Ph.
744 1470 824 1505 457.
867 1474 1058 1505 Transitive
1076 1472 1209 1504 occido:
1235 1470 1293 1505 τὸν
1332 1471 1371 1507 οὐ
1405 1471 1559 1519 σπουδῆς
1585 1470 1719 1510 δικαίας
1754 1476 1878 1517 μῶμος
1932 1469 2033 1519 ψεται
2059 1472 2195 1512 Thyest.
2226 1484 2250 1518 ag

271 1515 407 1567 βαλόντ’
424 1519 518 1568 ἀποφ
548 1519 615 1554 ίσαι
631 1532 641 1540 .
679 1514 771 1569 ῄζων
791 1521 846 1552 Tr.
869 1517 948 1553 709.
971 1518 1098 1565 ἔμελλέ
1116 1516 1143 1552 σ’
1155 1512 1294 1565 Ἕκτωρ
1333 1521 1394 1563 [510
1411 1522 1527 1554 Valck.
1543 1533 1550 1553 ε
1579 1517 1722 1553 ἅπτεται
1739 1520 1844 1563 libri].
2216 1520 2241 1530 ''

271 1566 476 1615 ἀποφθίσειν
502 1570 557 1601 Α1.
582 1531 683 1600 1011).
721 1568 815 1600 Suid.
842 1579 873 1599 v.
902 1565 1141 1614 ἀποφθίμενον
1166 1572 1200 1599 01
1216 1567 1294 1598 libri
1401 1573 1741 1616 ’Affuv'gdzoeroq
1766 1575 1966 1624 ἀπύθμενος
1991 1579 2198 1620 explicatum

272 1613 478 1663 ἀποφθίσειν
489 1642 497 1657 ,
545 1626 645 1657 quam
683 1616 882 1656 scripturam
918 1615 1142 1655 grammaticis
1180 1615 1295 1647 deberi
2243 1611 2245 1617 ¹

274 1664 389 1696 Herm.
407 1664 495 1696 haud
513 1664 640 1695 iniuria
657 1663 848 1694 existimat:
871 1666 905 1694 et
923 1663 1016 1695 Suid.
1039 1663 1111 1704 ipse
1129 1672 1167 1694 eo
1186 1662 1291 1702 ducit,

272 1715 311 1743 ut
336 1708 528 1757 ἀποφθίσαι
553 1711 594 1742 ab
618 1720 656 1742 eo
673 1711 798 1742 lectum
817 1710 990 1751 videatur,
1012 1707 1157 1751 ἀνελεῖν,
1186 1707 1293 1743 θανα-

271 1762 380 1792 τῶσαι
397 1759 652 1800 interpretatus,
673 1769 705 1789 v.
727 1754 859 1802 μέλλω.

341 1256 510 1308 Ἀπόφη
523 1273 566 1306 μι
591 1271 686 1302 71090.
714 1259 774 1294 καὶ
792 1258 883 1307 φημὶ
899 1257 1098 1306 κάπόφημι,
1115 1258 1203 1293 κούκ
1221 1257 1293 1306 ἔχω
2225 1240 2249 1270 “V

271 1307 305 1343 τί
323 1314 377 1356 φῶ
395 1309 450 1341 OC
469 1307 538 1342 317
563 1310 750 1341 dubitantis
775 1310 930 1340 Ismenae
956 1317 1081 1340 sermo:
1118 1307 1215 1339 modo
1241 1309 1293 1340 αἱο

276 1357 366 1398 apud
381 1367 445 1398 me,
467 1357 565 1389 modo
582 1366 676 1397 neyo.

1331 1627 1422 1666 sych.
1441 1638 1472 1658 v.
1490 1624 1750 1667 ἀπυνδάκωτος,
1772 1626 1865 1659 Suid.
1879 1637 1911 1658 V.
1933 1623 2075 1667 πύνδαξ,
2090 1626 2231 1658 Demetr

1331 1676 1372 1707 de
1397 1675 1479 1706 0100.
1508 1684 1541 1715 p.
1566 1671 1643 1706 114.
1674 1674 1774 1706 Eust.
1793 1683 1827 1715 p.
1853 1670 1934 1714 870,
1955 1669 2012 1704 27.
2044 1673 2110 1705 ΕΜ
2132 1682 2166 1714 Ρ.
2189 1668 2206 1705 1

1332 1723 1391 1754 ubi
1416 1726 1571 1763 corrupte
1595 1722 1758 1762 scriptum
1786 1720 1906 1762 [Crem.
1934 1721 2002 1752 An.
2030 1720 2106 1752 Par.
2126 1717 2160 1760 3,
2189 1714 2249 1756 16

1332 1770 1415 1801 Poll.
1438 1766 1493 1810 10,
1516 1765 1574 1809 79,
1594 1769 1684 1810 apud
1709 1778 1810 1810 quem
1837 1777 1913 1800 cum
1927 1769 2038 1799 verbis
2056 1767 2157 1809 Soph.
2230 1774 2247 1790 s

1331 1818 1438 1848 instar
1455 1816 1615 1848 adhibitis
1632 1818 1726 1847 extat
1757 1813 1821 1860 τὴν
1855 1812 1893 1847 δὲ
1925 1811 2126 1859 ἀπύθμενον
2156 1776 2245 1848 ‘agl'
2271 1851 2274 1854 ⁴

1333 1860 1564 1910 Τριπτολέμῳ
1601 1859 1641 1897 Σ.
1678 1860 1737 1906 (fr.
1767 1859 1854 1905 541)
1893 1859 2141 1895 ἀπυνδάκωτον
2182 1877 2195 1889 =·

1327 1907 1593 1948 Ἀπυνδάκωτος
1611 1908 1651 1943 οὐ
1668 1908 1895 1956 τραπεζοῦται
1911 1906 2021 1948 κύλιξ.

1346 1998 1353 2005 ,
1396 1962 1592 2014 ”Απῦ’ρος
1612 1970 1754 2001 intactus
1772 1970 1858 2008 iyne.
1885 1966 1925 2002 τὸ
1950 1966 2132 2015 φάρμακον
2148 1977 2188 2001 το
2241 1959 2246 1986 Ῐ

1335 2027 1392 2063 ρον
1418 2013 1556 2050 ἀκτῖνός
1578 2010 1607 2049 τ’
1639 2013 1693 2049 ἀεὶ
1716 2012 1850 2094 θερένζγς
1877 2012 2020 2049 ἄθικτον
2051 2012 2170 2054 σώζειν

1334 2065 1506 2096 cfiValck.
1528 2063 1566 2095 ad
1586 2064 1694 2095 Adon.
1714 2073 1748 2104 p.
1792 2059 1815 2094 2
1843 2087 1850 2094 .
1874 2080 1915 2086 —
1934 2059 2125 2110 ἀπύρουε
2146 2057 2207 2102 ἀί
2224 2066 2243 2103 «γ’

1333 2107 1426 2146 Μυσ.
1445 2109 1503 2154 (fr.
1521 2107 1607 2155 366]
1624 2111 1769 2150 Hesych.
2231 2110 2234 2111 ’

1397 2161 1617 2206 ”Απυστος
1651 2168 1889 2201 clandestinus.
1933 2165 2125 2209 ἄπυστα,
2158 2178 2170 2195 ι’
2234 2156 2243 2174 ⁵

342 1822 384 1862 'A
393 1839 418 1861 π
428 1839 444 1861 ο
455 1839 479 1874 φ
491 1837 507 1873 ρ
518 1827 540 1861 οί
549 1840 593 1874 γν
604 1825 623 1860 ὕ
636 1839 660 1872 μ
670 1838 681 1860 ι
714 1825 988 1874 [ἀποφοίργνυμι]
1022 1828 1150 1859 munio.
1186 1824 1224 1860 εὖ
1257 1837 1295 1871 γε

273 1874 433 1923 στοχάζει
450 1873 737 1922 κάποφράγνυσαι
753 1872 874 1920 κύκλῳ
891 1874 930 1908 τὸ
947 1876 1090 1921 πρᾶγμα
1107 1875 1189 1906 Ant.
1209 1871 1290 1906 241.

275 1921 681 1969 [ἀποφάργνυσαιΒ11111.]
702 1919 823 1967 κύκλῳ
839 1921 962 1955 σαυτὸν
980 1919 1151 1968 ἀσφαλίζῃ
1169 1918 1192 1966 ἢ
1212 1919 1295 1954 αὐτὸ

272 1969 311 2003 τὸ
328 1973 470 2016 πρᾶγμα
483 1970 584 2002 schol.
613 1970 714 2001 Cavea
731 1969 789 2001 tibi
806 1969 845 2000 de
863 1971 924 2001 isto
942 1970 1092 2009 facinore
1109 1969 1292 2008 ditiyenter.

274 2019 369 2049 Inest
395 2018 487 2049 enim
511 2017 699 2048 secernendi
717 2017 785 2058 vis,
815 2020 855 2049 ut
872 2017 959 2048 nihil
985 2026 1023 2048 se
1039 2017 1098 2049 illa
1122 2026 1157 2048 re
1175 2016 1297 2056 attingi

276 2065 362 2097 velle
380 2065 601 2104 significetur.

344 2126 586 2181 Ἀποψύχω
612 2136 750 2175 exspiro.
788 2131 823 2171 ἔς
855 2127 884 2167 τ’
917 2131 1087 2180 ἀπέψυξεν
1123 2131 1196 2179 βίον
1237 2134 1292 2166 Α1.

278 2178 380 2214 1031.
417 2182 524 2214 Schol.
546 2179 728 2215 ἀπέθανεν.
758 2182 861 2214 Plane
886 2180 1066 2228 ὁμηρικῶς
1085 2181 1184 2222 Soph.
1223 2181 1295 2212 Me-
2235 2200 2250 2218 υ,

274 2234 379 2261 morat
412 2230 506 2262 Suid.
534 2240 566 2261 V.
595 2226 705 2276 τύχη,
743 2226 901 2275 ἄντυγες,
938 2227 1112 2275 πρισθείς;
1140 2229 1237 2260 Eust.
1259 2238 1294 2269 p.
1334 2217 1400 2248 ΕΜ
1417 2227 1460 2274 1³3!
1476 2213 1554 2258 133>
1575 2213 1633 2248 43·
1656 2216 1712 2274 G}-
1734 2217 1841 2271 BCRIJ·
1869 2226 1904 2258 P·
1924 2212 2005 2257 441,
2026 2211 2047 2247 9
2072 2216 2210 2247 f01t²⁸⁸⁰
2231 2257 2239 2260 ,

277 2273 358 2317 622,
379 2272 437 2308 23,
458 2273 538 2317 824,
561 2273 618 2308 43,
642 2273 744 2317 1954²
764 2273 821 2308 29,
1334 2260 1415 2318 489.
1437 2274 1573 2297 απυστα
1591 2274 1717 2321 φωνων
1735 2260 1824 2309 μηδε
1843 2259 2008 2309 μηκύνων
2027 2260 2126 2308 βοήν,
2146 2259 2255 2308 quod-

1334 2315 1435 2343 etiam
1453 2315 1614 2343 memorat
1639 2322 1671 2342 v.
1693 2321 1841 2344 απυστα.
2219 2332 2237 2342 -.

1403 2362 1545 2403 Ἀπύω
1564 2367 1674 2414 (-υ-)
1690 2369 1776 2409 dico,
1797 2368 1918 2401 indico.
1945 2365 1997 2406 τίς
2022 2365 2065 2402 ἄν
2089 2378 2148 2414 μοι
2167 2365 2248 2402 τὸνῗ

1333 2414 1444 2461 θυμόν
1464 2414 1587 2457 ἀπύοι;
1617 2417 1672 2448 Α1.
1693 2413 1763 2448 887
1781 2416 1833 2447 011.
1855 2415 1987 2448 Schol.:
2009 2412 2111 2449 εἴποι.
2146 2414 2173 2447 Ρ
2212 2410 2249 2452 ιθ,

1333 2464 1478 2504 ducitur,
1500 2468 1539 2496 ut
1555 2465 1590 2495 in
1611 2464 1741 2495 senario
1759 2463 1817 2495 Ar.
1832 2463 1895 2504 Eq.
1914 2459 2014 2503 1029,
2035 2461 2245 2504 anapaesti.

339 2338 421 2380 ’Ἃπ
431 2357 449 2392 ρ
459 2357 562 2388 ακτο
573 2357 588 2383 ς
607 2348 798 2379 intentatus.
819 2343 924 2380 κούδὲ
940 2347 1108 2392 μαντικῆς
1122 2342 1299 2392 ἄπρακτος

278 2390 448 2473 ῥ’μῖνείμι
473 2394 556 2426 Α111.
581 2390 671 2426 1035
696 2405 728 2426 v.
749 2394 865 2426 Herm.
888 2394 1081 2435 Stephanus
1099 2394 1298 2426 coniiciebat

277 2451 411 2487 απρατο
433 2465 440 2473 .

346 2492 495 2544 Ἀπρίξ
526 2499 673 2541 firmiter.
713 2497 964 2546 ἐμπεφυκότως
990 2499 1149 2532 Timaeus
1180 2509 1214 2540 p.
1236 2496 1292 2531 47.

281 2542 336 2592 51,
364 2544 524 2590 δυνάμει,
546 2544 713 2592 ἰσχυρῶς,
734 2544 899 2593 ἀσφαλῶς
918 2547 975 2578 Gr.
997 2547 1105 2578 Bekk.
1125 2543 1207 2587 440,
1231 2543 1292 2587 133

277 2594 335 2633 qm'
360 2603 400 2624 us
427 2595 497 2625 fere
523 2594 652 2625 eisdem
676 2594 787 2625 utitur
809 2594 873 2625 EM
890 2604 924 2635 p.
948 2590 1025 2630 132,
1055 2591 1101 2626 48
1127 2595 1297 2634 expressis

278 2641 381 2672 etiam
408 2640 495 2672 Gud.
523 2651 556 2682 p.
579 2638 642 2681 70,
671 2637 728 2672 39.
773 2641 876 2672 Recte
901 2644 1046 2682 uterque
1063 2644 1098 2673 01
1115 2641 1217 2673 schol.
1237 2641 1293 2672 Ai.

278 2688 300 2719 1.
318 2697 347 2719 c.
367 2698 387 2718 a
403 2685 513 2733 πρίζω
531 2688 636 2728 ducit,
657 2688 739 2719 falso
756 2688 853 2719 Eust.
875 2698 908 2728 p.
933 2684 1010 2728 166,
1034 2685 1079 2719 32
1096 2699 1114 2720 a
1131 2685 1238 2734 πέριξ.
1252 2705 1294 2711 -

277 2731 391 2779 κόμην
410 2732 510 2780 ἀπρὶξ
534 2731 624 2773 ὄνυξι
650 2732 830 2779 συλλαβὼν
847 2731 925 2780 χερί
941 2735 996 2766 Α1.
1019 2731 1098 2767 310.
1129 2734 1295 2767 Orationis

279 2781 315 2812 in
332 2781 385 2812 his
403 2782 531 2822 copiam
547 2782 644 2821 longe
662 2782 787 2813 rectius
801 2782 995 2814 Hermanno
1011 2782 1035 2813 1.
1052 2791 1079 2813 0.
1102 2786 1135 2813 01
1149 2782 1190 2813 ad
1208 2782 1291 2814 Eur.

278 2828 396 2868 Suppl.
420 2825 509 2860 1155
533 2829 699 2870 explicuit
723 2829 803 2860 Lob.
833 2846 874 2852 —-
907 2828 990 2860 Cum
1013 2829 1121 2870 fiyura
1147 2829 1291 2861 dictum:

277 2876 338 2907 τοῦ
355 2885 393 2920 γε
410 2872 596 2920 κερδαίνειν
616 2873 710 2920 ὅμως
729 2872 829 2921 ἀπρὶξ
847 2873 986 2923 ἔχονται
1012 2875 1127 2908 Oreus.
1149 2877 1190 2908 fr.
1212 2873 1292 2908 325.

281 2922 333 2952 De
350 2922 548 2962 explicando
565 2923 723 2954 vocabulo
740 2924 870 2954 consuli
887 2923 989 2954 etiam
1005 2926 1148 2963 possunt
1164 2923 1240 2955 Bos.
1263 2926 1297 2954 et

279 2969 471 3000 Hemsterh.
490 2969 531 3000 ad
542 2970 623 3001 Luc.
639 2970 793 3009 Necyom.
814 2973 839 3001 t.
855 2966 887 3002 3.
907 2980 942 3011 p.
958 2967 1026 3002 337
1040 2970 1115 3012 Bip.
1129 2982 1137 3011 3
1155 2970 1292 3002 Ruhnk.

279 3016 319 3046 ad
338 3016 425 3047 Tim.
446 3026 479 3057 p.
501 3013 558 3056 47,
578 3026 690 3058 quem,
712 3011 788 3048 cuin
807 3016 950 3048 Creusae
967 3017 1036 3049 1000
1052 3020 1187 3057 utatur,
1212 3018 1295 3049 Aia-

1334 2512 1415 2543 Hec.
1440 2508 1518 2552 151,
1555 2511 1743 2543 dochmiaco
1776 2509 1832 2542 Or.
1863 2506 1964 2542 1250.
2009 2509 2127 2542 Bacch.
2163 2502 2249 2548 94*-

1334 2557 1487 2602 Elmsl.),
1508 2562 1543 2590 et
1559 2559 1684 2600 passim
1701 2558 1788 2599 apud
1804 2557 1925 2589 Aesch.
1939 2557 2048 2589 Prom.
2061 2553 2140 2597 595,
2159 2555 2238 2598 Sep

1332 2606 1423 2637 Pers.
1448 2602 1533 2646 1223
1572 2609 1606 2637 et
1621 2602 1726 2650 ἡπύω
1748 2606 1886 2636 Ionum:
1923 2604 2021 2636 Hom.
2048 2605 2088 2636 Il.
2110 2597 2239 2648 ξ399.

1333 2649 1390 2684 83.
1422 2663 1439 2698 ρ
1457 2650 1537 2685 271.
1567 2652 1618 2684 Of.
1640 2653 1730 2684 Pors.
1760 2652 1800 2683 ad
1827 2651 1945 2692 Suppl.
1966 2650 2155 2683 Marklandi
2170 2645 2238 2682 81'.
2278 2667 2281 2673 ·

1333 2700 1538 2732 credibiliter
1554 2700 1678 2741 ineptit
1696 2699 1815 2731 Blomf.
1836 2699 1879 2738 gl.
1901 2699 2009 2730 Prom.
2031 2694 2111 2730 613.
2243 2705 2247 2708 ·

1398 2750 1598 2792 Ἀπωθεν
1627 2759 1756 2798 procul.
1801 2753 1941 2790 ἄπωθεν
1971 2753 2097 2802 ὀρθίων
2129 2766 2174 2788 κω
2225 2759 2246 2779 V

1333 2801 1429 2838 κλύει
1461 2815 1511 2842 τις
1545 2806 1627 2837 Ant.
1659 2801 1759 2836 1206.
1788 2803 1955 2845 Moschop.
1977 2804 2083 2836 Dictt.
2109 2803 2181 2835 Att.
2220 2800 2243 2841 ς’

1334 2861 1455 2884 manno
1473 2852 1670 2883 emendatus
1690 2848 1718 2884 ὦ
1737 2851 1860 2883 diserto
1873 2851 2066 2882 testimonio
2083 2850 2203 2890 firmat,
2227 2848 2240 2886 «ζ

1333 2899 1393 2940 qui
1418 2903 1523 2931 metro
1548 2902 1697 2939 certum,
1725 2902 1764 2929 ut
1787 2899 1823 2929 in
1850 2894 1991 2931 ἄπωθεν
2010 2894 2161 2944 ἑρπούσῃ
2235 2895 2247 2941 Ἀ

1333 2946 1422 2987 quod
1445 2945 1661 2977 discedentem
1677 2945 1855 2985 significat.
1890 2942 2034 2992 ἐπιούσῃ
2061 2944 2154 2985 expli
2179 2956 2205 2970 ε·
2230 2961 2239 2977 η

1333 2994 1448 3025 liastes
1467 2990 1662 3039 ἐφερπούσῃ
1680 2993 1803 3031 legisse
1830 2992 2027 3031 credendus,
2055 2991 2150 3024 velut
2173 2999 2205 3022 v·
2225 2991 2240 3030 ·³.

1333 3037 1401 3071 815
1419 3040 1489 3073 cod.
1510 3040 1603 3071 Harl.
1623 3049 1674 3081 pr.
1696 3036 1861 3085 ἀφέρπεις
1879 3042 1914 3070 et
1930 3035 2094 3084 ἀφέρπειν
2117 3037 2238 3070 habet

280 3063 326 3093 cis
349 3063 472 3094 mirum
497 3066 548 3094 est
578 3064 806 3095 immemorem
837 3064 963 3095 fuisse:
1000 3065 1116 3105 Intpp.
1136 3064 1296 3096 Moeridis
1334 3084 1611 3133 mmm-kefipmw.
1634 3087 1803 3127 Scriptura
1820 3086 1910 3126 apud
1927 3086 2075 3117 scenicos
2091 3079 2240 3123 indubii

278 3119 311 3149 p.
330 3106 386 3140 84.
409 3110 489 3141 Lob.
510 3110 550 3141 ad
567 3111 622 3141 Ai.
647 3107 748 3142 1030.
770 3128 812 3134 —
832 3111 884 3142 De
901 3114 979 3143 tono
995 3119 1114 3150 magno
1132 3120 1296 3143 consensu

280 3159 435 3187 statuunt
451 3157 572 3188 Herod.
594 3167 631 3189 π.
653 3168 728 3202 μον.
749 3154 818 3196 λεξ.
838 3167 871 3198 Ρ.
885 3154 942 3199 46,
964 3155 998 3198 5,
1019 3158 1138 3190 Arcad.
1159 3167 1194 3199 p.
1214 3155 1293 3198 184,
1334 3134 1422 3175 alum
1438 3134 1603 3175 prosarios
1621 3142 1739 3172 magna
1756 3133 1956 3172 ambignitas
1974 3141 2017 3164 ex
2035 3131 2234 3170 ‘'onmem'‘

1333 3190 1408 3212 rum
1425 3189 1601 3221 canonum,
1622 3191 1654 3211 v.
1669 3181 1749 3211 Lob.
1770 3180 1810 3211 ad
1828 3179 1952 3219 Phryn.
1973 3189 2007 3220 p.
2028 3175 2061 3210 9.
2076 3195 2117 3202 -—
2136 3177 2196 3209 De*
2239 3179 2242 3181 ’

1333 3228 1564 3259 adverbiorum
1581 3227 1617 3258 in
1630 3223 1689 3260 θεν
1703 3228 1743 3258 ab
1751 3227 1825 3258 aliis
1843 3226 2046 3258 exeuntium
2062 3226 2098 3257 in
2112 3237 2141 3259 ω
2157 3227 2191 3257 te
2216 3236 2229 3245 *¹

1334 3283 1517 3306 consensus
1543 3278 1606 3306 est.
2143 3268 2176 3315 (Ι
2189 3273 2243 3311 pa*

1402 3315 1621 3355 Ἀπωθέω.
1650 3321 1678 3352 I.
1700 3321 1850 3352 Formae.
1870 3318 1884 3361 ΙΙ
1902 3319 2031 3350 Activi:
2058 3314 2194 3352 ἀπωθεῖ
2222 3351 2223 3354 ,

1333 3364 1462 3401 ἀπώσει
1479 3367 1537 3400 OR
1554 3363 1623 3399 234
1641 3366 1700 3410 [sic
1719 3367 1777 3398 LA
1794 3364 1900 3411 recte]
1927 3366 2052 3406 Reisig.
2084 3365 2208 3398 Comm.
2238 3402 2251 3411 ,

282 3199 314 3242 1,
345 3203 446 3234 schol.
467 3204 508 3234 ll.
529 3215 550 3236 α
570 3200 646 3235 148.
683 3202 704 3236 λ
721 3201 802 3245 251,
839 3204 952 3236 011011.
973 3214 1007 3245 p.
1029 3201 1086 3245 64,
1106 3201 1164 3245 24,
1194 3205 1291 3236 Eust.

279 3246 472 3290 p.842,44.
494 3250 557 3281 ΕΜ
572 3260 605 3291 p.
619 3248 697 3291 781,
712 3247 769 3282 46.
792 3251 924 3292 Gud.p.
937 3247 1019 3291 201,
1033 3248 1075 3283 31
1091 3254 1126 3283 et
1143 3248 1223 3292 544,
1234 3248 1292 3284 24.

349 3313 447 3365 Ἀπρ
459 3330 476 3352 0
487 3330 506 3352 σ
516 3317 532 3351 δ
541 3317 559 3352 ό
568 3330 620 3365 κη
629 3330 648 3352 τ
657 3331 675 3352 ο
686 3331 701 3357 ς
736 3322 985 3361 inexspectatus.
1035 3317 1210 3367 ἀπροσδόκ
1236 3331 1294 3355 τον

281 3363 379 3398 οὐδὲν
397 3364 537 3412 εἴρηκας
554 3367 606 3398 El.
631 3363 732 3399 1017.
755 3367 864 3399 Affert
881 3367 997 3401 Thom.
1019 3377 1051 3399 v.
1074 3364 1225 3414 έπαγγέλ
1249 3380 1290 3402 ω.
