<?xml version="1.0" encoding="UTF-8"?>
<!DOCTYPE html PUBLIC "-//W3C//DTD XHTML 1.0 Transitional//EN"
    "http://www.w3.org/TR/xhtml1/DTD/xhtml1-transitional.dtd">
<html xmlns="http://www.w3.org/1999/xhtml" xml:lang="en" lang="en">
 <head>
  <title>
</title>
<meta http-equiv="Content-Type" content="text/html;charset=utf-8" />
  <meta name='ocr-system' content='tesseract 3.04.00' />
  <meta name='ocr-capabilities' content='ocr_page ocr_carea ocr_par ocr_line ocrx_word'/>
</head>
<body>
  <div class='ocr_page' id='page_1' title='image "./lexiconsophocleu00elleuoft_0773.png"; bbox 0 0 2288 3600; ppageno 0'>
   <div class='ocr_carea' id='block_1_1' title="bbox 77 146 240 195">
    <p class='ocr_par' dir='ltr' id='par_1_1' title="bbox 77 146 240 195">
     <span class='ocr_line' id='line_1_1' title="bbox 77 146 240 195; baseline 0.031 -16"><span class='ocrx_word' id='word_1_1' title='bbox 77 165 84 179; x_wconf 91' lang='lat'>.</span> <span class='ocrx_word' id='word_1_2' title='bbox 139 146 240 195; x_wconf 64' lang='lat'>918]</span> 
     </span>
    </p>
   </div>
   <div class='ocr_carea' id='block_1_2' title="bbox 0 0 137 223">
    <p class='ocr_par' dir='ltr' id='par_1_2' title="bbox 0 0 137 223">
     <span class='ocr_line' id='line_1_2' title="bbox 0 0 137 223; baseline 0 3377"><span class='ocrx_word' id='word_1_3' title='bbox 0 0 137 223; x_wconf 95' lang='lat' dir='ltr'> </span> 
     </span>
    </p>
   </div>
   <div class='ocr_carea' id='block_1_3' title="bbox 15 220 43 231">
    <p class='ocr_par' dir='ltr' id='par_1_3' title="bbox 15 220 43 234">
     <span class='ocr_line' id='line_1_3' title="bbox 15 220 43 231; baseline 0 -3"><span class='ocrx_word' id='word_1_4' title='bbox 15 220 43 231; x_wconf 33' lang='grc'>...</span> 
     </span>
    </p>
   </div>
   <div class='ocr_carea' id='block_1_4' title="bbox 705 136 1222 204">
    <p class='ocr_par' dir='ltr' id='par_1_4' title="bbox 705 136 1222 204">
     <span class='ocr_line' id='line_1_4' title="bbox 705 136 1222 204; baseline -0.002 -18"><span class='ocrx_word' id='word_1_5' title='bbox 705 137 906 203; x_wconf 78' lang='grc' dir='ltr'><strong>Κάλχας</strong></span> <span class='ocrx_word' id='word_1_6' title='bbox 931 167 992 180; x_wconf 74' lang='lat'>-·</span> <span class='ocrx_word' id='word_1_7' title='bbox 1017 136 1222 204; x_wconf 83' lang='grc' dir='ltr'>Καναχή</span> 
     </span>
    </p>
   </div>
   <div class='ocr_carea' id='block_1_5' title="bbox 1884 140 1983 190">
    <p class='ocr_par' dir='ltr' id='par_1_5' title="bbox 1884 140 1983 190">
     <span class='ocr_line' id='line_1_5' title="bbox 1884 140 1983 190; baseline 0 -1"><span class='ocrx_word' id='word_1_8' title='bbox 1884 140 1983 190; x_wconf 86' lang='grc'>367</span> 
     </span>
    </p>
   </div>
   <div class='ocr_carea' id='block_1_6' title="bbox 1 247 1983 344">
    <p class='ocr_par' dir='ltr' id='par_1_6' title="bbox 1 239 1983 344">
     <span class='ocr_line' id='line_1_6' title="bbox 1 247 1983 301; baseline 0.001 -15"><span class='ocrx_word' id='word_1_9' title='bbox 1 247 88 299; x_wconf 39' lang='grc' dir='ltr'><strong>ζωή.</strong></span> <span class='ocrx_word' id='word_1_10' title='bbox 107 248 209 300; x_wconf 74' lang='grc'><strong>393),</strong></span> <span class='ocrx_word' id='word_1_11' title='bbox 236 255 272 287; x_wconf 85' lang='lat' dir='ltr'>in</span> <span class='ocrx_word' id='word_1_12' title='bbox 290 254 394 286; x_wconf 84' lang='lat' dir='ltr'><strong>fundo</strong></span> <span class='ocrx_word' id='word_1_13' title='bbox 411 255 512 286; x_wconf 74' lang='lat' dir='ltr'><strong>maris</strong></span> <span class='ocrx_word' id='word_1_14' title='bbox 528 255 648 295; x_wconf 83' lang='lat' dir='ltr'><strong>degere</strong></span> <span class='ocrx_word' id='word_1_15' title='bbox 671 254 768 286; x_wconf 77' lang='lat' dir='ltr'><strong>solita</strong></span> <span class='ocrx_word' id='word_1_16' title='bbox 784 255 935 294; x_wconf 76' lang='lat' dir='ltr'><strong>Musgra-</strong></span> <span class='ocrx_word' id='word_1_17' title='bbox 972 256 1046 295; x_wconf 83' lang='grc' dir='ltr'>παῖ,</span> <span class='ocrx_word' id='word_1_18' title='bbox 1075 251 1192 291; x_wconf 87' lang='grc' dir='ltr'>καλῶς</span> <span class='ocrx_word' id='word_1_19' title='bbox 1223 251 1255 286; x_wconf 76' lang='grc' dir='ltr'>εἴ</span> <span class='ocrx_word' id='word_1_20' title='bbox 1286 251 1392 299; x_wconf 78' lang='grc' dir='ltr'>δῆλος</span> <span class='ocrx_word' id='word_1_21' title='bbox 1424 251 1488 287; x_wconf 78' lang='grc' dir='ltr'>οὐκ</span> <span class='ocrx_word' id='word_1_22' title='bbox 1519 251 1619 291; x_wconf 79' lang='grc' dir='ltr'>εἰδὼς</span> <span class='ocrx_word' id='word_1_23' title='bbox 1650 253 1682 288; x_wconf 86' lang='grc' dir='ltr'>τί</span> <span class='ocrx_word' id='word_1_24' title='bbox 1716 253 1798 301; x_wconf 79' lang='grc' dir='ltr'>δρᾷς</span> <span class='ocrx_word' id='word_1_25' title='bbox 1816 255 1874 288; x_wconf 83' lang='grc' dir='ltr'>ΟΒ.</span> <span class='ocrx_word' id='word_1_26' title='bbox 1893 252 1983 289; x_wconf 88' lang='grc'><strong>1008</strong></span> 
     </span>
     <span class='ocr_line' id='line_1_7' title="bbox 6 294 1980 344; baseline 0.003 -15"><span class='ocrx_word' id='word_1_27' title='bbox 6 294 61 336; x_wconf 55' lang='lat'>⁴15„</span> <span class='ocrx_word' id='word_1_28' title='bbox 91 302 213 334; x_wconf 79' lang='lat' dir='ltr'><strong>visum.</strong></span> <span class='ocrx_word' id='word_1_29' title='bbox 251 301 365 334; x_wconf 85' lang='lat' dir='ltr'><strong>Herm.</strong></span> <span class='ocrx_word' id='word_1_30' title='bbox 395 306 560 342; x_wconf 76' lang='lat' dir='ltr'><strong>comparat</strong></span> <span class='ocrx_word' id='word_1_31' title='bbox 582 301 798 333; x_wconf 87' lang='lat' dir='ltr'><strong>Homericum</strong></span> <span class='ocrx_word' id='word_1_32' title='bbox 823 298 936 334; x_wconf 81' lang='grc' dir='ltr'>πολλὰ</span> <span class='ocrx_word' id='word_1_33' title='bbox 969 302 1087 341; x_wconf 78' lang='lat' dir='ltr'><strong>plane,</strong></span> <span class='ocrx_word' id='word_1_34' title='bbox 1112 310 1257 341; x_wconf 70' lang='lat' dir='ltr'><strong>prorsus.</strong></span> <span class='ocrx_word' id='word_1_35' title='bbox 1293 301 1471 333; x_wconf 84' lang='lat' dir='ltr'><strong>Illustrant</strong></span> <span class='ocrx_word' id='word_1_36' title='bbox 1496 301 1636 334; x_wconf 84' lang='lat' dir='ltr'><strong>Dorvill.</strong></span> <span class='ocrx_word' id='word_1_37' title='bbox 1667 302 1709 334; x_wconf 82' lang='lat' dir='ltr'>ad</span> <span class='ocrx_word' id='word_1_38' title='bbox 1727 302 1824 335; x_wconf 74' lang='lat' dir='ltr'>Char.</span> <span class='ocrx_word' id='word_1_39' title='bbox 1846 313 1879 344; x_wconf 88' lang='lat' dir='ltr'>p.</span> <span class='ocrx_word' id='word_1_40' title='bbox 1901 299 1980 334; x_wconf 88' lang='lat'>691.</span> 
     </span>
    </p>
   </div>
   <div class='ocr_carea' id='block_1_7' title="bbox 0 223 76 408">
    <p class='ocr_par' dir='ltr' id='par_1_7' title="bbox 0 223 76 408">
     <span class='ocr_line' id='line_1_8' title="bbox 0 223 76 408; baseline 0 0"><span class='ocrx_word' id='word_1_41' title='bbox 0 223 76 408; x_wconf 95' lang='lat' dir='ltr'>    </span> 
     </span>
    </p>
   </div>
   <div class='ocr_carea' id='block_1_8' title="bbox 0 346 937 582">
    <p class='ocr_par' dir='ltr' id='par_1_8' title="bbox 0 339 937 582">
     <span class='ocr_line' id='line_1_9' title="bbox 68 346 936 395; baseline -0.001 -13.057"><span class='ocrx_word' id='word_1_42' title='bbox 68 347 231 395; x_wconf 80' lang='grc' dir='ltr'>πόρφυρε.</span> <span class='ocrx_word' id='word_1_43' title='bbox 253 349 351 381; x_wconf 83' lang='lat' dir='ltr'><strong>Eust.</strong></span> <span class='ocrx_word' id='word_1_44' title='bbox 371 357 405 389; x_wconf 87' lang='lat' dir='ltr'>p.</span> <span class='ocrx_word' id='word_1_45' title='bbox 427 346 482 389; x_wconf 89' lang='grc'><strong>51,</strong></span> <span class='ocrx_word' id='word_1_46' title='bbox 506 346 545 380; x_wconf 92' lang='grc'>11</span> <span class='ocrx_word' id='word_1_47' title='bbox 574 346 649 382; x_wconf 81' lang='grc' dir='ltr'>ἀντὶ</span> <span class='ocrx_word' id='word_1_48' title='bbox 673 349 734 381; x_wconf 85' lang='grc' dir='ltr'>τοῦ</span> <span class='ocrx_word' id='word_1_49' title='bbox 751 346 936 394; x_wconf 84' lang='grc' dir='ltr'>πορφύρειν</span> 
     </span>
     <span class='ocr_line' id='line_1_10' title="bbox 3 391 937 437; baseline -0.001 -8"><span class='ocrx_word' id='word_1_50' title='bbox 3 391 13 405; x_wconf 63' lang='grc'>”</span> <span class='ocrx_word' id='word_1_51' title='bbox 40 394 42 396; x_wconf 66' lang='grc'>’</span> <span class='ocrx_word' id='word_1_52' title='bbox 64 398 191 432; x_wconf 80' lang='grc' dir='ltr'>πτικῶς</span> <span class='ocrx_word' id='word_1_53' title='bbox 218 395 345 427; x_wconf 89' lang='lat' dir='ltr'><strong>dictum</strong></span> <span class='ocrx_word' id='word_1_54' title='bbox 373 396 430 427; x_wconf 85' lang='lat' dir='ltr'><strong>ait.</strong></span> <span class='ocrx_word' id='word_1_55' title='bbox 464 396 559 428; x_wconf 83' lang='lat' dir='ltr'><strong>Phot.</strong></span> <span class='ocrx_word' id='word_1_56' title='bbox 580 405 613 437; x_wconf 87' lang='lat' dir='ltr'>p.</span> <span class='ocrx_word' id='word_1_57' title='bbox 639 391 724 435; x_wconf 81' lang='grc'><strong>128,</strong></span> <span class='ocrx_word' id='word_1_58' title='bbox 743 392 790 427; x_wconf 90' lang='grc'>22</span> <span class='ocrx_word' id='word_1_59' title='bbox 827 393 937 428; x_wconf 89' lang='grc' dir='ltr'>καλ-</span> 
     </span>
     <span class='ocr_line' id='line_1_11' title="bbox 0 434 937 488; baseline -0.002 -13"><span class='ocrx_word' id='word_1_60' title='bbox 0 434 96 486; x_wconf 54' lang='lat' dir='ltr'><strong>bez:</strong></span> <span class='ocrx_word' id='word_1_61' title='bbox 126 440 166 475; x_wconf 81' lang='grc' dir='ltr'>ἐκ</span> <span class='ocrx_word' id='word_1_62' title='bbox 182 439 312 488; x_wconf 82' lang='grc' dir='ltr'>βάθους</span> <span class='ocrx_word' id='word_1_63' title='bbox 334 441 554 487; x_wconf 80' lang='grc' dir='ltr'>ταράσσεται,</span> <span class='ocrx_word' id='word_1_64' title='bbox 583 443 672 483; x_wconf 88' lang='lat' dir='ltr'><strong>quod</strong></span> <span class='ocrx_word' id='word_1_65' title='bbox 689 443 777 474; x_wconf 88' lang='lat' dir='ltr'><strong>idem</strong></span> <span class='ocrx_word' id='word_1_66' title='bbox 795 443 836 474; x_wconf 89' lang='lat' dir='ltr'>de</span> <span class='ocrx_word' id='word_1_67' title='bbox 854 443 937 474; x_wconf 82' lang='lat' dir='ltr'><strong>mari</strong></span> 
     </span>
     <span class='ocr_line' id='line_1_12' title="bbox 0 485 936 535; baseline -0.001 -13"><span class='ocrx_word' id='word_1_68' title='bbox 0 485 56 529; x_wconf 59' lang='lat' dir='ltr'>fian</span> <span class='ocrx_word' id='word_1_69' title='bbox 67 490 169 522; x_wconf 78' lang='lat' dir='ltr'><strong>etiam</strong></span> <span class='ocrx_word' id='word_1_70' title='bbox 181 488 325 529; x_wconf 85' lang='lat' dir='ltr'><strong>Hesych.</strong></span> <span class='ocrx_word' id='word_1_71' title='bbox 338 489 449 530; x_wconf 82' lang='lat' dir='ltr'><strong>habet,</strong></span> <span class='ocrx_word' id='word_1_72' title='bbox 471 494 508 521; x_wconf 83' lang='lat' dir='ltr'>ut</span> <span class='ocrx_word' id='word_1_73' title='bbox 522 487 699 535; x_wconf 84' lang='grc' dir='ltr'>πορφύρει,</span> <span class='ocrx_word' id='word_1_74' title='bbox 718 490 807 522; x_wconf 82' lang='lat' dir='ltr'><strong>addit</strong></span> <span class='ocrx_word' id='word_1_75' title='bbox 824 494 936 521; x_wconf 85' lang='lat' dir='ltr'><strong>antem</strong></span> 
     </span>
     <span class='ocr_line' id='line_1_13' title="bbox 0 534 767 582; baseline 0.001 -14"><span class='ocrx_word' id='word_1_76' title='bbox 0 538 100 580; x_wconf 53' lang='lat' dir='ltr'><strong>pente</strong></span> <span class='ocrx_word' id='word_1_77' title='bbox 116 537 205 568; x_wconf 79' lang='lat' dir='ltr'><strong>dicta</strong></span> <span class='ocrx_word' id='word_1_78' title='bbox 219 534 389 582; x_wconf 82' lang='grc' dir='ltr'>ταράσσει,</span> <span class='ocrx_word' id='word_1_79' title='bbox 411 534 590 582; x_wconf 74' lang='grc' dir='ltr'>φροντίζει,</span> <span class='ocrx_word' id='word_1_80' title='bbox 610 534 767 582; x_wconf 79' lang='grc' dir='ltr'><strong>ἄχθεται.</strong></span> 
     </span>
    </p>
   </div>
   <div class='ocr_carea' id='block_1_9' title="bbox 0 591 939 794">
    <p class='ocr_par' dir='ltr' id='par_1_9' title="bbox 0 591 939 794">
     <span class='ocr_line' id='line_1_14' title="bbox 0 591 939 654; baseline 0.001 -16"><span class='ocrx_word' id='word_1_81' title='bbox 0 591 182 653; x_wconf 26' lang='grc' dir='ltr'>Βιάλχας</span> <span class='ocrx_word' id='word_1_82' title='bbox 199 617 231 638; x_wconf 91' lang='lat' dir='ltr'>n.</span> <span class='ocrx_word' id='word_1_83' title='bbox 245 616 295 648; x_wconf 85' lang='lat' dir='ltr'>pr.</span> <span class='ocrx_word' id='word_1_84' title='bbox 317 604 411 651; x_wconf 81' lang='grc' dir='ltr'>εἴπερ</span> <span class='ocrx_word' id='word_1_85' title='bbox 429 617 460 639; x_wconf 88' lang='grc' dir='ltr'>τι</span> <span class='ocrx_word' id='word_1_86' title='bbox 475 603 622 654; x_wconf 78' lang='grc' dir='ltr'>Κάλχας</span> <span class='ocrx_word' id='word_1_87' title='bbox 640 604 677 640; x_wconf 85' lang='grc' dir='ltr'>εὖ</span> <span class='ocrx_word' id='word_1_88' title='bbox 696 610 831 652; x_wconf 79' lang='grc' dir='ltr'>φρονῶν</span> <span class='ocrx_word' id='word_1_89' title='bbox 851 618 939 651; x_wconf 89' lang='grc' dir='ltr'>μαν-</span> 
     </span>
     <span class='ocr_line' id='line_1_15' title="bbox 0 650 939 698; baseline -0.001 -12"><span class='ocrx_word' id='word_1_90' title='bbox 0 662 60 698; x_wconf 63' lang='lat' dir='ltr'><strong>rget</strong></span> <span class='ocrx_word' id='word_1_91' title='bbox 92 654 146 685; x_wconf 89' lang='lat' dir='ltr'>Ai.</span> <span class='ocrx_word' id='word_1_92' title='bbox 167 650 235 686; x_wconf 98' lang='lat'>746</span> <span class='ocrx_word' id='word_1_93' title='bbox 259 651 361 698; x_wconf 90' lang='lat' dir='ltr'><strong>[quod</strong></span> <span class='ocrx_word' id='word_1_94' title='bbox 388 655 423 685; x_wconf 91' lang='lat' dir='ltr'>in</span> <span class='ocrx_word' id='word_1_95' title='bbox 448 655 660 695; x_wconf 81' lang='lat' dir='ltr'><strong>proverbium</strong></span> <span class='ocrx_word' id='word_1_96' title='bbox 689 655 796 685; x_wconf 88' lang='lat' dir='ltr'><strong>abisse</strong></span> <span class='ocrx_word' id='word_1_97' title='bbox 827 658 939 686; x_wconf 92' lang='lat' dir='ltr'><strong>monet</strong></span> 
     </span>
     <span class='ocr_line' id='line_1_16' title="bbox 0 694 939 746; baseline 0.001 -13"><span class='ocrx_word' id='word_1_98' title='bbox 0 694 37 742; x_wconf 68' lang='grc'>»1.</span> <span class='ocrx_word' id='word_1_99' title='bbox 53 701 94 733; x_wconf 82' lang='lat' dir='ltr'>cf.</span> <span class='ocrx_word' id='word_1_100' title='bbox 107 700 278 742; x_wconf 84' lang='lat' dir='ltr'><strong>Aristoph.</strong></span> <span class='ocrx_word' id='word_1_101' title='bbox 297 701 376 740; x_wconf 87' lang='lat' dir='ltr'>Byz.</span> <span class='ocrx_word' id='word_1_102' title='bbox 398 710 431 741; x_wconf 87' lang='lat' dir='ltr'>p.</span> <span class='ocrx_word' id='word_1_103' title='bbox 446 697 514 733; x_wconf 85' lang='lat'>236</span> <span class='ocrx_word' id='word_1_104' title='bbox 533 698 646 745; x_wconf 89' lang='lat' dir='ltr'>ch.].</span> <span class='ocrx_word' id='word_1_105' title='bbox 669 696 815 746; x_wconf 81' lang='grc' dir='ltr'>Κάλχας</span> <span class='ocrx_word' id='word_1_106' title='bbox 833 711 939 745; x_wconf 88' lang='grc' dir='ltr'>μετα-</span> 
     </span>
     <span class='ocr_line' id='line_1_17' title="bbox 0 743 825 794; baseline -0.002 -13"><span class='ocrx_word' id='word_1_107' title='bbox 0 743 101 794; x_wconf 53' lang='lat' dir='ltr'><strong>fidite</strong></span> <span class='ocrx_word' id='word_1_108' title='bbox 116 745 196 780; x_wconf 83' lang='lat'>750.</span> <span class='ocrx_word' id='word_1_109' title='bbox 225 746 255 780; x_wconf 84' lang='grc' dir='ltr'>εἰ</span> <span class='ocrx_word' id='word_1_110' title='bbox 272 743 417 794; x_wconf 82' lang='grc' dir='ltr'>Κάλχας</span> <span class='ocrx_word' id='word_1_111' title='bbox 438 746 542 794; x_wconf 82' lang='grc' dir='ltr'>σοφός</span> <span class='ocrx_word' id='word_1_112' title='bbox 560 745 638 780; x_wconf 88' lang='grc'><strong>783.</strong></span> <span class='ocrx_word' id='word_1_113' title='bbox 660 758 693 780; x_wconf 87' lang='lat' dir='ltr'>v.</span> <span class='ocrx_word' id='word_1_114' title='bbox 714 758 825 789; x_wconf 87' lang='lat' dir='ltr'><strong>supra.</strong></span> 
     </span>
    </p>
   </div>
   <div class='ocr_carea' id='block_1_10' title="bbox 0 808 938 3244">
    <p class='ocr_par' dir='ltr' id='par_1_10' title="bbox 0 808 938 3244">
     <span class='ocr_line' id='line_1_18' title="bbox 0 808 937 859; baseline -0.004 -8"><span class='ocrx_word' id='word_1_115' title='bbox 0 808 156 855; x_wconf 70' lang='grc' dir='ltr'>Καλῶς</span> <span class='ocrx_word' id='word_1_116' title='bbox 170 818 316 858; x_wconf 76' lang='lat' dir='ltr'><strong><em>pulchre,</em></strong></span> <span class='ocrx_word' id='word_1_117' title='bbox 337 818 423 858; x_wconf 75' lang='lat' dir='ltr'><strong>bene,</strong></span> <span class='ocrx_word' id='word_1_118' title='bbox 443 820 537 848; x_wconf 77' lang='lat' dir='ltr'><strong>recte.</strong></span> <span class='ocrx_word' id='word_1_119' title='bbox 565 816 579 859; x_wconf 78' lang='lat'>1}</span> <span class='ocrx_word' id='word_1_120' title='bbox 597 817 648 849; x_wconf 92' lang='lat' dir='ltr'>De</span> <span class='ocrx_word' id='word_1_121' title='bbox 666 818 788 857; x_wconf 86' lang='lat' dir='ltr'><strong>animo,</strong></span> <span class='ocrx_word' id='word_1_122' title='bbox 807 817 937 848; x_wconf 90' lang='lat' dir='ltr'><strong>intelli-</strong></span> 
     </span>
     <span class='ocr_line' id='line_1_19' title="bbox 0 861 938 909; baseline 0 -13"><span class='ocrx_word' id='word_1_123' title='bbox 0 865 53 907; x_wconf 53' lang='grc' dir='ltr'>βία,</span> <span class='ocrx_word' id='word_1_124' title='bbox 81 865 188 906; x_wconf 77' lang='lat' dir='ltr'><strong>dictis,</strong></span> <span class='ocrx_word' id='word_1_125' title='bbox 210 865 317 896; x_wconf 81' lang='lat' dir='ltr'><strong>factis.</strong></span> <span class='ocrx_word' id='word_1_126' title='bbox 346 862 462 901; x_wconf 91' lang='grc' dir='ltr'>καλῶς</span> <span class='ocrx_word' id='word_1_127' title='bbox 489 862 576 909; x_wconf 77' lang='grc' dir='ltr'>δρῶν</span> <span class='ocrx_word' id='word_1_128' title='bbox 594 864 655 896; x_wconf 90' lang='lat' dir='ltr'>Ph.</span> <span class='ocrx_word' id='word_1_129' title='bbox 676 861 732 895; x_wconf 89' lang='grc'>94.</span> <span class='ocrx_word' id='word_1_130' title='bbox 753 861 870 901; x_wconf 89' lang='grc' dir='ltr'>καλῶς</span> <span class='ocrx_word' id='word_1_131' title='bbox 888 862 938 896; x_wconf 79' lang='grc' dir='ltr'>εἰ-</span> 
     </span>
     <span class='ocr_line' id='line_1_20' title="bbox 0 907 937 958; baseline 0.001 -15"><span class='ocrx_word' id='word_1_132' title='bbox 0 908 76 958; x_wconf 52' lang='lat' dir='ltr'><strong>{me</strong></span> <span class='ocrx_word' id='word_1_133' title='bbox 92 908 172 943; x_wconf 85' lang='lat'>317.</span> <span class='ocrx_word' id='word_1_134' title='bbox 201 914 280 948; x_wconf 82' lang='grc' dir='ltr'>νοῦς</span> <span class='ocrx_word' id='word_1_135' title='bbox 305 910 411 948; x_wconf 82' lang='grc' dir='ltr'>κακὸς</span> <span class='ocrx_word' id='word_1_136' title='bbox 434 908 550 948; x_wconf 86' lang='grc' dir='ltr'>καλῶς</span> <span class='ocrx_word' id='word_1_137' title='bbox 569 914 705 956; x_wconf 79' lang='grc' dir='ltr'>φρονῶν</span> <span class='ocrx_word' id='word_1_138' title='bbox 724 907 804 942; x_wconf 84' lang='grc'><strong>600.</strong></span> <span class='ocrx_word' id='word_1_139' title='bbox 826 909 854 943; x_wconf 81' lang='grc' dir='ltr'>εἰ</span> <span class='ocrx_word' id='word_1_140' title='bbox 871 922 937 944; x_wconf 88' lang='grc' dir='ltr'>κα-</span> 
     </span>
     <span class='ocr_line' id='line_1_21' title="bbox 0 955 936 1010; baseline 0 -19"><span class='ocrx_word' id='word_1_141' title='bbox 0 960 146 1010; x_wconf 55' lang='grc' dir='ltr'>,ἕφρονοῖ</span> <span class='ocrx_word' id='word_1_142' title='bbox 168 959 209 990; x_wconf 84' lang='lat' dir='ltr'>fr.</span> <span class='ocrx_word' id='word_1_143' title='bbox 229 959 295 990; x_wconf 89' lang='lat' dir='ltr'><strong>inc.</strong></span> <span class='ocrx_word' id='word_1_144' title='bbox 317 955 396 990; x_wconf 88' lang='lat'>718.</span> <span class='ocrx_word' id='word_1_145' title='bbox 430 956 548 995; x_wconf 83' lang='grc' dir='ltr'>καλῶς</span> <span class='ocrx_word' id='word_1_146' title='bbox 573 956 682 996; x_wconf 73' lang='grc' dir='ltr'>έλεξεν</span> <span class='ocrx_word' id='word_1_147' title='bbox 710 955 789 990; x_wconf 86' lang='grc'><strong>616.</strong></span> <span class='ocrx_word' id='word_1_148' title='bbox 821 956 936 994; x_wconf 82' lang='grc' dir='ltr'>καλῶς</span> 
     </span>
     <span class='ocr_line' id='line_1_22' title="bbox 0 999 936 1051; baseline -0.001 -13"><span class='ocrx_word' id='word_1_149' title='bbox 0 1001 76 1045; x_wconf 55' lang='lat' dir='ltr'><strong>flet&lt;</strong></span> <span class='ocrx_word' id='word_1_150' title='bbox 100 1001 180 1037; x_wconf 82' lang='lat'>859.</span> <span class='ocrx_word' id='word_1_151' title='bbox 217 1003 332 1038; x_wconf 71' lang='grc' dir='ltr'>καλῶς</span> <span class='ocrx_word' id='word_1_152' title='bbox 355 1002 489 1038; x_wconf 85' lang='grc' dir='ltr'>ἅπαντα</span> <span class='ocrx_word' id='word_1_153' title='bbox 513 999 605 1038; x_wconf 72' lang='grc' dir='ltr'>ταῦτ’</span> <span class='ocrx_word' id='word_1_154' title='bbox 637 1002 678 1038; x_wconf 81' lang='grc' dir='ltr'>ἂν</span> <span class='ocrx_word' id='word_1_155' title='bbox 706 1002 856 1051; x_wconf 77' lang='grc' dir='ltr'>έξείρητό</span> <span class='ocrx_word' id='word_1_156' title='bbox 885 1015 936 1038; x_wconf 87' lang='grc' dir='ltr'>σοι</span> 
     </span>
     <span class='ocr_line' id='line_1_23' title="bbox 0 1049 936 1098; baseline -0.001 -12"><span class='ocrx_word' id='word_1_157' title='bbox 0 1053 25 1086; x_wconf 57' lang='grc' dir='ltr'>’ξ’</span> <span class='ocrx_word' id='word_1_158' title='bbox 45 1051 99 1085; x_wconf 76' lang='grc' dir='ltr'><strong>κεί</strong></span> <span class='ocrx_word' id='word_1_159' title='bbox 130 1050 246 1089; x_wconf 81' lang='grc' dir='ltr'>καλῶς</span> <span class='ocrx_word' id='word_1_160' title='bbox 284 1050 392 1098; x_wconf 77' lang='grc' dir='ltr'>λέγεις</span> <span class='ocrx_word' id='word_1_161' title='bbox 426 1049 506 1083; x_wconf 85' lang='grc'><strong>986.</strong></span> <span class='ocrx_word' id='word_1_162' title='bbox 542 1050 788 1097; x_wconf 74' lang='grc' dir='ltr'>βεβουλεῦσθαι</span> <span class='ocrx_word' id='word_1_163' title='bbox 819 1050 936 1089; x_wconf 83' lang='grc' dir='ltr'>καλῶς</span> 
     </span>
     <span class='ocr_line' id='line_1_24' title="bbox 0 1091 936 1139; baseline -0.001 -6"><span class='ocrx_word' id='word_1_164' title='bbox 0 1091 35 1134; x_wconf 55' lang='lat' dir='ltr'>R»</span> <span class='ocrx_word' id='word_1_165' title='bbox 61 1097 178 1136; x_wconf 82' lang='grc' dir='ltr'>καλῶς</span> <span class='ocrx_word' id='word_1_166' title='bbox 204 1097 315 1139; x_wconf 78' lang='grc' dir='ltr'>ἔξοιδα</span> <span class='ocrx_word' id='word_1_167' title='bbox 340 1099 394 1132; x_wconf 88' lang='lat' dir='ltr'>OC</span> <span class='ocrx_word' id='word_1_168' title='bbox 411 1095 491 1131; x_wconf 87' lang='lat'>269.</span> <span class='ocrx_word' id='word_1_169' title='bbox 528 1097 796 1139; x_wconf 76' lang='grc' dir='ltr'>κάξεπίστασθον</span> <span class='ocrx_word' id='word_1_170' title='bbox 820 1097 936 1136; x_wconf 87' lang='grc' dir='ltr'>καλῶς</span> 
     </span>
     <span class='ocr_line' id='line_1_25' title="bbox 0 1143 936 1192; baseline -0.001 -12"><span class='ocrx_word' id='word_1_171' title='bbox 0 1143 152 1192; x_wconf 46' lang='grc' dir='ltr'>ἰχκαλῶς</span> <span class='ocrx_word' id='word_1_172' title='bbox 175 1144 239 1192; x_wconf 81' lang='grc' dir='ltr'>γὰρ</span> <span class='ocrx_word' id='word_1_173' title='bbox 257 1144 315 1192; x_wconf 77' lang='grc' dir='ltr'>ἐξη</span> <span class='ocrx_word' id='word_1_174' title='bbox 340 1149 372 1179; x_wconf 85' lang='grc' dir='ltr'>εἰ</span> <span class='ocrx_word' id='word_1_175' title='bbox 397 1144 435 1179; x_wconf 77' lang='grc' dir='ltr'>σύ</span> <span class='ocrx_word' id='word_1_176' title='bbox 455 1157 513 1190; x_wconf 87' lang='grc' dir='ltr'>μοι</span> <span class='ocrx_word' id='word_1_177' title='bbox 532 1143 632 1178; x_wconf 81' lang='grc'><strong>1284.</strong></span> <span class='ocrx_word' id='word_1_178' title='bbox 662 1145 779 1179; x_wconf 82' lang='grc' dir='ltr'>καλῶς</span> <span class='ocrx_word' id='word_1_179' title='bbox 795 1145 936 1179; x_wconf 78' lang='grc' dir='ltr'>κάτοιδα</span> 
     </span>
     <span class='ocr_line' id='line_1_26' title="bbox 0 1157 935 1239; baseline -0.002 -13"><span class='ocrx_word' id='word_1_180' title='bbox 0 1187 34 1232; x_wconf 63' lang='grc' dir='ltr'>δ’.</span> <span class='ocrx_word' id='word_1_181' title='bbox 60 1192 99 1226; x_wconf 90' lang='grc' dir='ltr'>τὸ</span> <span class='ocrx_word' id='word_1_182' title='bbox 125 1191 227 1239; x_wconf 82' lang='grc' dir='ltr'>φέρον</span> <span class='ocrx_word' id='word_1_183' title='bbox 253 1191 293 1226; x_wconf 86' lang='grc' dir='ltr'>ἐκ</span> <span class='ocrx_word' id='word_1_184' title='bbox 317 1157 398 1226; x_wconf 49' lang='lat' dir='ltr'><strong>geo&amp;</strong></span> <span class='ocrx_word' id='word_1_185' title='bbox 423 1191 540 1230; x_wconf 87' lang='grc' dir='ltr'>καλῶς</span> <span class='ocrx_word' id='word_1_186' title='bbox 560 1190 649 1225; x_wconf 87' lang='grc'><strong>1694</strong></span> <span class='ocrx_word' id='word_1_187' title='bbox 666 1194 716 1225; x_wconf 85' lang='lat' dir='ltr'>ch.</span> <span class='ocrx_word' id='word_1_188' title='bbox 739 1194 824 1234; x_wconf 85' lang='lat' dir='ltr'><strong>quod</strong></span> <span class='ocrx_word' id='word_1_189' title='bbox 842 1205 861 1225; x_wconf 81' lang='lat' dir='ltr'><em>a</em></span> <span class='ocrx_word' id='word_1_190' title='bbox 878 1194 935 1225; x_wconf 77' lang='lat' dir='ltr'>deo</span> 
     </span>
     <span class='ocr_line' id='line_1_27' title="bbox 0 1239 936 1282; baseline 0 -10"><span class='ocrx_word' id='word_1_191' title='bbox 0 1239 136 1282; x_wconf 58' lang='lat' dir='ltr'><strong>zssuffert,</strong></span> <span class='ocrx_word' id='word_1_192' title='bbox 164 1241 328 1281; x_wconf 86' lang='lat' dir='ltr'><strong>siquidem</strong></span> <span class='ocrx_word' id='word_1_193' title='bbox 346 1240 476 1281; x_wconf 88' lang='lat' dir='ltr'><strong>Herm.,</strong></span> <span class='ocrx_word' id='word_1_194' title='bbox 496 1250 598 1281; x_wconf 86' lang='lat' dir='ltr'><strong>quem</strong></span> <span class='ocrx_word' id='word_1_195' title='bbox 616 1241 701 1280; x_wconf 85' lang='lat' dir='ltr'><strong>vide,</strong></span> <span class='ocrx_word' id='word_1_196' title='bbox 724 1241 833 1272; x_wconf 87' lang='lat' dir='ltr'><strong>locum</strong></span> <span class='ocrx_word' id='word_1_197' title='bbox 848 1245 936 1272; x_wconf 86' lang='lat' dir='ltr'><strong>recte</strong></span> 
     </span>
     <span class='ocr_line' id='line_1_28' title="bbox 0 1279 935 1333; baseline -0.001 -12"><span class='ocrx_word' id='word_1_198' title='bbox 0 1286 115 1321; x_wconf 60' lang='lat' dir='ltr'><strong>nituit.</strong></span> <span class='ocrx_word' id='word_1_199' title='bbox 143 1279 213 1333; x_wconf 69' lang='grc' dir='ltr'>ἤδη</span> <span class='ocrx_word' id='word_1_200' title='bbox 235 1284 352 1324; x_wconf 84' lang='grc' dir='ltr'>καλῶς</span> <span class='ocrx_word' id='word_1_201' title='bbox 380 1289 461 1319; x_wconf 89' lang='lat' dir='ltr'>Ant.</span> <span class='ocrx_word' id='word_1_202' title='bbox 486 1285 540 1319; x_wconf 80' lang='grc'>18.</span> <span class='ocrx_word' id='word_1_203' title='bbox 577 1284 796 1332; x_wconf 78' lang='grc' dir='ltr'>ἐξεπίσταμαι</span> <span class='ocrx_word' id='word_1_204' title='bbox 819 1285 935 1325; x_wconf 85' lang='grc' dir='ltr'>καλῶς</span> 
     </span>
     <span class='ocr_line' id='line_1_29' title="bbox 0 1331 935 1381; baseline -0.001 -13"><span class='ocrx_word' id='word_1_205' title='bbox 0 1339 13 1371; x_wconf 62' lang='grc' dir='ltr'>ἑιῗ</span> <span class='ocrx_word' id='word_1_206' title='bbox 37 1331 155 1368; x_wconf 78' lang='grc' dir='ltr'>καλῶς</span> <span class='ocrx_word' id='word_1_207' title='bbox 179 1333 218 1367; x_wconf 89' lang='grc' dir='ltr'>σὺ</span> <span class='ocrx_word' id='word_1_208' title='bbox 238 1333 299 1379; x_wconf 85' lang='grc' dir='ltr'>μὲν</span> <span class='ocrx_word' id='word_1_209' title='bbox 326 1333 389 1375; x_wconf 90' lang='grc' dir='ltr'>σοὶ,</span> <span class='ocrx_word' id='word_1_210' title='bbox 417 1336 490 1371; x_wconf 87' lang='grc' dir='ltr'>τοῖς</span> <span class='ocrx_word' id='word_1_211' title='bbox 518 1331 544 1366; x_wconf 76' lang='grc' dir='ltr'>δ’</span> <span class='ocrx_word' id='word_1_212' title='bbox 564 1333 631 1380; x_wconf 79' lang='grc' dir='ltr'>ἐγὼ</span> <span class='ocrx_word' id='word_1_213' title='bbox 647 1332 780 1367; x_wconf 69' lang='grc' dir='ltr'>’ὃόκουν</span> <span class='ocrx_word' id='word_1_214' title='bbox 799 1337 935 1381; x_wconf 86' lang='grc' dir='ltr'>φρονεῖν</span> 
     </span>
     <span class='ocr_line' id='line_1_30' title="bbox 0 1378 932 1437; baseline -0.001 -23"><span class='ocrx_word' id='word_1_215' title='bbox 0 1380 12 1418; x_wconf 63' lang='grc' dir='ltr'>ὲ,</span> <span class='ocrx_word' id='word_1_216' title='bbox 38 1383 97 1414; x_wconf 78' lang='grc' dir='ltr'>σοῦ</span> <span class='ocrx_word' id='word_1_217' title='bbox 122 1379 238 1418; x_wconf 86' lang='grc' dir='ltr'>καλῶς</span> <span class='ocrx_word' id='word_1_218' title='bbox 255 1379 448 1437; x_wconf 62' lang='grc' dir='ltr'>ἡχουμένου</span> <span class='ocrx_word' id='word_1_219' title='bbox 467 1378 545 1413; x_wconf 89' lang='grc'><strong>638.</strong></span> <span class='ocrx_word' id='word_1_220' title='bbox 574 1379 691 1418; x_wconf 86' lang='grc' dir='ltr'>καλῶς</span> <span class='ocrx_word' id='word_1_221' title='bbox 717 1380 834 1428; x_wconf 79' lang='grc' dir='ltr'>ἄρχειν</span> <span class='ocrx_word' id='word_1_222' title='bbox 852 1378 932 1414; x_wconf 85' lang='grc'><strong>669.</strong></span> 
     </span>
     <span class='ocr_line' id='line_1_31' title="bbox 0 1423 934 1487; baseline 0 -26"><span class='ocrx_word' id='word_1_223' title='bbox 0 1426 46 1471; x_wconf 53' lang='lat' dir='ltr'>pe.</span> <span class='ocrx_word' id='word_1_224' title='bbox 69 1426 204 1483; x_wconf 67' lang='grc' dir='ltr'>ἐρήμης</span> <span class='ocrx_word' id='word_1_225' title='bbox 228 1423 254 1484; x_wconf 56' lang='grc' dir='ltr'>χ’</span> <span class='ocrx_word' id='word_1_226' title='bbox 282 1440 325 1483; x_wconf 46' lang='grc' dir='ltr'>αν.</span> <span class='ocrx_word' id='word_1_227' title='bbox 348 1427 387 1462; x_wconf 86' lang='grc' dir='ltr'>σὺ</span> <span class='ocrx_word' id='word_1_228' title='bbox 412 1431 476 1487; x_wconf 61' lang='grc' dir='ltr'>γῆς</span> <span class='ocrx_word' id='word_1_229' title='bbox 499 1426 540 1474; x_wconf 82' lang='grc' dir='ltr'>ἄρ</span> <span class='ocrx_word' id='word_1_230' title='bbox 569 1435 619 1461; x_wconf 69' lang='lat' dir='ltr'>ot&lt;</span> <span class='ocrx_word' id='word_1_231' title='bbox 645 1428 747 1472; x_wconf 84' lang='grc' dir='ltr'>μόνος</span> <span class='ocrx_word' id='word_1_232' title='bbox 774 1426 841 1486; x_wconf 82' lang='grc'>739</span> <span class='ocrx_word' id='word_1_233' title='bbox 859 1439 934 1461; x_wconf 87' lang='lat' dir='ltr'>cum</span> 
     </span>
     <span class='ocr_line' id='line_1_32' title="bbox 0 1472 935 1523; baseline 0.001 -15"><span class='ocrx_word' id='word_1_234' title='bbox 0 1472 88 1514; x_wconf 56' lang='lat' dir='ltr'><strong>hidi</strong></span> <span class='ocrx_word' id='word_1_235' title='bbox 106 1477 402 1516; x_wconf 79' lang='lat' dir='ltr'><strong>adsigmficatlone.</strong></span> <span class='ocrx_word' id='word_1_236' title='bbox 442 1475 520 1508; x_wconf 92' lang='grc' dir='ltr'>όταν</span> <span class='ocrx_word' id='word_1_237' title='bbox 566 1474 666 1521; x_wconf 78' lang='grc' dir='ltr'>όγους</span> <span class='ocrx_word' id='word_1_238' title='bbox 693 1474 855 1523; x_wconf 80' lang='grc' dir='ltr'>αἰσχρους</span> <span class='ocrx_word' id='word_1_239' title='bbox 869 1487 935 1509; x_wconf 88' lang='grc' dir='ltr'>κα-</span> 
     </span>
     <span class='ocr_line' id='line_1_33' title="bbox 0 1516 936 1570; baseline 0 -15"><span class='ocrx_word' id='word_1_240' title='bbox 0 1516 138 1569; x_wconf 53' lang='grc' dir='ltr'>ἕλέγωσι</span> <span class='ocrx_word' id='word_1_241' title='bbox 153 1524 214 1556; x_wconf 87' lang='grc' dir='ltr'>τοῦ</span> <span class='ocrx_word' id='word_1_242' title='bbox 230 1521 374 1568; x_wconf 80' lang='grc' dir='ltr'>κέρδους</span> <span class='ocrx_word' id='word_1_243' title='bbox 389 1520 489 1570; x_wconf 65' lang='grc' dir='ltr'>χάριν</span> <span class='ocrx_word' id='word_1_244' title='bbox 504 1519 592 1554; x_wconf 89' lang='grc'><strong>1047</strong></span> <span class='ocrx_word' id='word_1_245' title='bbox 606 1523 753 1562; x_wconf 74' lang='lat' dir='ltr'><strong><em>turpibus</em></strong></span> <span class='ocrx_word' id='word_1_246' title='bbox 771 1525 936 1555; x_wconf 75' lang='lat' dir='ltr'><em>honestam</em></span> 
     </span>
     <span class='ocr_line' id='line_1_34' title="bbox 0 1561 936 1618; baseline 0.003 -18"><span class='ocrx_word' id='word_1_247' title='bbox 0 1568 66 1605; x_wconf 51' lang='lat' dir='ltr'><strong>&amp;m</strong></span> <span class='ocrx_word' id='word_1_248' title='bbox 82 1569 243 1601; x_wconf 73' lang='lat' dir='ltr'><strong>dictorum</strong></span> <span class='ocrx_word' id='word_1_249' title='bbox 262 1561 459 1610; x_wconf 66' lang='lat' dir='ltr'><strong>praeteaeire.</strong></span> <span class='ocrx_word' id='word_1_250' title='bbox 487 1567 589 1615; x_wconf 88' lang='grc' dir='ltr'>λόγου</span> <span class='ocrx_word' id='word_1_251' title='bbox 613 1567 729 1607; x_wconf 87' lang='grc' dir='ltr'>καλῶς</span> <span class='ocrx_word' id='word_1_252' title='bbox 752 1568 936 1618; x_wconf 76' lang='grc' dir='ltr'>λεχθέντος</span> 
     </span>
     <span class='ocr_line' id='line_1_35' title="bbox 0 1610 935 1663; baseline 0 -13"><span class='ocrx_word' id='word_1_253' title='bbox 0 1610 85 1650; x_wconf 51' lang='lat' dir='ltr'>QG.</span> <span class='ocrx_word' id='word_1_254' title='bbox 119 1614 158 1649; x_wconf 87' lang='grc' dir='ltr'>οὐ</span> <span class='ocrx_word' id='word_1_255' title='bbox 185 1614 302 1654; x_wconf 84' lang='grc' dir='ltr'>καλῶς</span> <span class='ocrx_word' id='word_1_256' title='bbox 328 1619 447 1662; x_wconf 88' lang='grc' dir='ltr'>φρονεῖ</span> <span class='ocrx_word' id='word_1_257' title='bbox 470 1614 548 1649; x_wconf 85' lang='grc'><strong>442.</strong></span> <span class='ocrx_word' id='word_1_258' title='bbox 579 1615 617 1650; x_wconf 77' lang='grc' dir='ltr'>οὐ</span> <span class='ocrx_word' id='word_1_259' title='bbox 650 1615 766 1655; x_wconf 85' lang='grc' dir='ltr'>καλῶς</span> <span class='ocrx_word' id='word_1_260' title='bbox 798 1628 860 1663; x_wconf 90' lang='grc' dir='ltr'>ταρ</span> <span class='ocrx_word' id='word_1_261' title='bbox 886 1620 935 1655; x_wconf 85' lang='grc' dir='ltr'>εἰς</span> 
     </span>
     <span class='ocr_line' id='line_1_36' title="bbox 0 1655 935 1711; baseline 0.004 -17"><span class='ocrx_word' id='word_1_262' title='bbox 0 1655 105 1704; x_wconf 40' lang='lat' dir='ltr'><strong>&amp;mate</strong></span> <span class='ocrx_word' id='word_1_263' title='bbox 129 1665 240 1704; x_wconf 75' lang='lat' dir='ltr'><strong>times,</strong></span> <span class='ocrx_word' id='word_1_264' title='bbox 268 1666 291 1695; x_wconf 86' lang='lat' dir='ltr'>i.</span> <span class='ocrx_word' id='word_1_265' title='bbox 313 1674 342 1696; x_wconf 93' lang='lat' dir='ltr'>e.</span> <span class='ocrx_word' id='word_1_266' title='bbox 373 1666 505 1696; x_wconf 75' lang='lat' dir='ltr'><strong>iniuria.</strong></span> <span class='ocrx_word' id='word_1_267' title='bbox 543 1662 796 1711; x_wconf 72' lang='grc' dir='ltr'>ἐγκεκλημένον</span> <span class='ocrx_word' id='word_1_268' title='bbox 820 1676 865 1698; x_wconf 89' lang='grc' dir='ltr'>κα</span> <span class='ocrx_word' id='word_1_269' title='bbox 889 1669 935 1697; x_wconf 75' lang='grc' dir='ltr'>ῶς</span> 
     </span>
     <span class='ocr_line' id='line_1_37' title="bbox 0 1699 931 1752; baseline 0.001 -9"><span class='ocrx_word' id='word_1_270' title='bbox 0 1699 20 1752; x_wconf 83' lang='lat'>3</span> <span class='ocrx_word' id='word_1_271' title='bbox 41 1707 156 1747; x_wconf 83' lang='grc' dir='ltr'>καλῶς</span> <span class='ocrx_word' id='word_1_272' title='bbox 180 1708 340 1744; x_wconf 77' lang='grc' dir='ltr'>τελευτ”ς</span> <span class='ocrx_word' id='word_1_273' title='bbox 365 1708 464 1743; x_wconf 84' lang='grc'><strong>1252.</strong></span> <span class='ocrx_word' id='word_1_274' title='bbox 509 1709 626 1745; x_wconf 82' lang='grc' dir='ltr'>καλῶς</span> <span class='ocrx_word' id='word_1_275' title='bbox 657 1709 772 1750; x_wconf 79' lang='grc' dir='ltr'>ἔλεξας</span> <span class='ocrx_word' id='word_1_276' title='bbox 798 1714 852 1744; x_wconf 88' lang='lat' dir='ltr'>Ai.</span> <span class='ocrx_word' id='word_1_277' title='bbox 874 1709 931 1744; x_wconf 88' lang='grc'>94.</span> 
     </span>
     <span class='ocr_line' id='line_1_38' title="bbox 0 1722 934 1819; baseline 0.002 -30"><span class='ocrx_word' id='word_1_278' title='bbox 0 1758 45 1792; x_wconf 66' lang='grc' dir='ltr'>ῦς</span> <span class='ocrx_word' id='word_1_279' title='bbox 66 1754 223 1812; x_wconf 73' lang='grc' dir='ltr'>λέγοντος</span> <span class='ocrx_word' id='word_1_280' title='bbox 249 1722 328 1790; x_wconf 64' lang='grc'><strong>763.</strong></span> <span class='ocrx_word' id='word_1_281' title='bbox 364 1756 481 1795; x_wconf 85' lang='grc' dir='ltr'>καλῶς</span> <span class='ocrx_word' id='word_1_282' title='bbox 504 1756 595 1819; x_wconf 31' lang='grc' dir='ltr'>λέγβω</span> <span class='ocrx_word' id='word_1_283' title='bbox 625 1759 678 1790; x_wconf 91' lang='lat' dir='ltr'>El.</span> <span class='ocrx_word' id='word_1_284' title='bbox 699 1756 778 1791; x_wconf 83' lang='lat'>252.</span> <span class='ocrx_word' id='word_1_285' title='bbox 817 1757 934 1811; x_wconf 66' lang='grc' dir='ltr'>καλῶς</span> 
     </span>
     <span class='ocr_line' id='line_1_39' title="bbox 33 1801 936 1897; baseline 0.002 -12.929"><span class='ocrx_word' id='word_1_286' title='bbox 33 1801 232 1888; x_wconf 51' lang='lat' dir='ltr'>‘&#39;aff-6&amp;-</span> <span class='ocrx_word' id='word_1_287' title='bbox 250 1801 655 1897; x_wconf 55' lang='lat' dir='ltr'>{{ss.{t.2‚0.2202.{²s{02</span> <span class='ocrx_word' id='word_1_288' title='bbox 667 1803 936 1893; x_wconf 40' lang='lat' dir='ltr'>{abii-..3225</span> 
     </span>
     <span class='ocr_line' id='line_1_40' title="bbox 0 1893 934 1958; baseline 0.002 -27"><span class='ocrx_word' id='word_1_289' title='bbox 0 1893 115 1944; x_wconf 43' lang='lat'>&amp;1917</span> <span class='ocrx_word' id='word_1_290' title='bbox 145 1895 184 1931; x_wconf 78' lang='grc' dir='ltr'>οὐ</span> <span class='ocrx_word' id='word_1_291' title='bbox 209 1898 272 1958; x_wconf 67' lang='grc' dir='ltr'>χὰρ</span> <span class='ocrx_word' id='word_1_292' title='bbox 296 1897 335 1932; x_wconf 83' lang='grc' dir='ltr'>ἂν</span> <span class='ocrx_word' id='word_1_293' title='bbox 360 1897 477 1936; x_wconf 80' lang='grc' dir='ltr'>καλῶς</span> <span class='ocrx_word' id='word_1_294' title='bbox 503 1898 708 1945; x_wconf 77' lang='grc' dir='ltr'>ὑπηρετοίην</span> <span class='ocrx_word' id='word_1_295' title='bbox 725 1899 777 1945; x_wconf 83' lang='grc' dir='ltr'>τῷ</span> <span class='ocrx_word' id='word_1_296' title='bbox 794 1899 934 1946; x_wconf 84' lang='grc' dir='ltr'>παρόντι</span> 
     </span>
     <span class='ocr_line' id='line_1_41' title="bbox 0 1942 928 1985; baseline 0.001 -7"><span class='ocrx_word' id='word_1_297' title='bbox 0 1942 60 1985; x_wconf 57' lang='grc' dir='ltr'>ἕῦνι</span> <span class='ocrx_word' id='word_1_298' title='bbox 86 1942 186 1978; x_wconf 89' lang='grc'><strong>1305.</strong></span> <span class='ocrx_word' id='word_1_299' title='bbox 228 1942 400 1980; x_wconf 82' lang='grc' dir='ltr'>Απόλλων</span> <span class='ocrx_word' id='word_1_300' title='bbox 431 1945 460 1979; x_wconf 85' lang='grc' dir='ltr'>εἰ</span> <span class='ocrx_word' id='word_1_301' title='bbox 484 1945 600 1984; x_wconf 85' lang='grc' dir='ltr'>καλῶς</span> <span class='ocrx_word' id='word_1_302' title='bbox 625 1944 801 1980; x_wconf 78' lang='grc' dir='ltr'>ἐθέσπισεν</span> <span class='ocrx_word' id='word_1_303' title='bbox 828 1945 928 1979; x_wconf 90' lang='grc'><strong>1425.</strong></span> 
     </span>
     <span class='ocr_line' id='line_1_42' title="bbox 0 1985 932 2040; baseline 0.003 -16"><span class='ocrx_word' id='word_1_304' title='bbox 0 1985 51 2031; x_wconf 56' lang='lat' dir='ltr'>[Et</span> <span class='ocrx_word' id='word_1_305' title='bbox 73 1990 189 2030; x_wconf 82' lang='grc' dir='ltr'>καλῶς</span> <span class='ocrx_word' id='word_1_306' title='bbox 215 1993 332 2025; x_wconf 82' lang='lat' dir='ltr'><strong>Oreus.</strong></span> <span class='ocrx_word' id='word_1_307' title='bbox 359 1995 401 2025; x_wconf 87' lang='lat' dir='ltr'>fr.</span> <span class='ocrx_word' id='word_1_308' title='bbox 424 1990 502 2026; x_wconf 84' lang='lat'>321.</span> <span class='ocrx_word' id='word_1_309' title='bbox 531 1993 583 2039; x_wconf 89' lang='grc' dir='ltr'>τῷ</span> <span class='ocrx_word' id='word_1_310' title='bbox 607 1992 723 2027; x_wconf 80' lang='grc' dir='ltr'>καλῶς</span> <span class='ocrx_word' id='word_1_311' title='bbox 748 1993 932 2040; x_wconf 79' lang='grc' dir='ltr'>τιμωμένῳ</span> 
     </span>
     <span class='ocr_line' id='line_1_43' title="bbox 0 2030 933 2087; baseline 0.004 -16"><span class='ocrx_word' id='word_1_312' title='bbox 0 2030 95 2084; x_wconf 49' lang='grc' dir='ltr'>ζῦῖὸ,</span> <span class='ocrx_word' id='word_1_313' title='bbox 117 2036 147 2071; x_wconf 87' lang='grc'>1.</span> <span class='ocrx_word' id='word_1_314' title='bbox 178 2038 277 2086; x_wconf 82' lang='grc' dir='ltr'>ἔργου</span> <span class='ocrx_word' id='word_1_315' title='bbox 319 2051 336 2073; x_wconf 87' lang='grc' dir='ltr'>ν</span> <span class='ocrx_word' id='word_1_316' title='bbox 353 2046 404 2073; x_wconf 71' lang='grc' dir='ltr'>τις</span> <span class='ocrx_word' id='word_1_317' title='bbox 420 2038 442 2073; x_wconf 81' lang='grc' dir='ltr'><em>ἄ</em></span> <span class='ocrx_word' id='word_1_318' title='bbox 463 2052 484 2087; x_wconf 77' lang='lat' dir='ltr'><em>y</em></span> <span class='ocrx_word' id='word_1_319' title='bbox 513 2052 568 2074; x_wconf 85' lang='grc' dir='ltr'>ται</span> <span class='ocrx_word' id='word_1_320' title='bbox 583 2039 700 2078; x_wconf 86' lang='grc' dir='ltr'>καλῶς</span> <span class='ocrx_word' id='word_1_321' title='bbox 718 2039 797 2082; x_wconf 88' lang='grc'><strong>715,</strong></span> <span class='ocrx_word' id='word_1_322' title='bbox 815 2040 847 2074; x_wconf 92' lang='grc'>1.</span> <span class='ocrx_word' id='word_1_323' title='bbox 868 2041 933 2075; x_wconf 87' lang='grc' dir='ltr'>πέ-</span> 
     </span>
     <span class='ocr_line' id='line_1_44' title="bbox 0 2051 933 2138; baseline 0.003 -20"><span class='ocrx_word' id='word_1_324' title='bbox 0 2084 74 2138; x_wconf 53' lang='lat' dir='ltr'><strong>&amp;vat</strong></span> <span class='ocrx_word' id='word_1_325' title='bbox 96 2084 135 2119; x_wconf 84' lang='grc' dir='ltr'>τὸ</span> <span class='ocrx_word' id='word_1_326' title='bbox 157 2083 240 2121; x_wconf 79' lang='grc' dir='ltr'>θεοῦ</span> <span class='ocrx_word' id='word_1_327' title='bbox 264 2098 309 2120; x_wconf 92' lang='grc' dir='ltr'>κα</span> <span class='ocrx_word' id='word_1_328' title='bbox 334 2091 380 2124; x_wconf 87' lang='grc' dir='ltr'>ῶς</span> <span class='ocrx_word' id='word_1_329' title='bbox 398 2051 530 2128; x_wconf 39' lang='grc'><strong>77911.</strong></span> <span class='ocrx_word' id='word_1_330' title='bbox 559 2086 675 2125; x_wconf 88' lang='grc' dir='ltr'>καλῶς</span> <span class='ocrx_word' id='word_1_331' title='bbox 691 2093 808 2126; x_wconf 89' lang='grc' dir='ltr'>κακῶς</span> <span class='ocrx_word' id='word_1_332' title='bbox 827 2087 933 2135; x_wconf 91' lang='grc' dir='ltr'>πράσ-</span> 
     </span>
     <span class='ocr_line' id='line_1_45' title="bbox 0 2132 932 2179; baseline -0.002 -10"><span class='ocrx_word' id='word_1_333' title='bbox 0 2133 298 2179; x_wconf 49' lang='grc' dir='ltr'>Βὲβυμπαραινέσαι</span> <span class='ocrx_word' id='word_1_334' title='bbox 316 2135 356 2166; x_wconf 83' lang='lat' dir='ltr'>fr.</span> <span class='ocrx_word' id='word_1_335' title='bbox 376 2136 442 2167; x_wconf 92' lang='lat' dir='ltr'><strong>inc.</strong></span> <span class='ocrx_word' id='word_1_336' title='bbox 464 2132 544 2176; x_wconf 85' lang='lat'>964,</span> <span class='ocrx_word' id='word_1_337' title='bbox 565 2133 597 2167; x_wconf 87' lang='lat'>3.</span> <span class='ocrx_word' id='word_1_338' title='bbox 618 2154 664 2159; x_wconf 96' lang='lat'>—</span> <span class='ocrx_word' id='word_1_339' title='bbox 680 2136 694 2178; x_wconf 80' lang='grc'>11</span> <span class='ocrx_word' id='word_1_340' title='bbox 712 2136 752 2167; x_wconf 92' lang='lat' dir='ltr'>de</span> <span class='ocrx_word' id='word_1_341' title='bbox 770 2140 860 2167; x_wconf 84' lang='lat' dir='ltr'><strong>statu</strong></span> <span class='ocrx_word' id='word_1_342' title='bbox 878 2145 932 2167; x_wconf 89' lang='lat' dir='ltr'>re-</span> 
     </span>
     <span class='ocr_line' id='line_1_46' title="bbox 0 2177 933 2227; baseline 0.003 -14"><span class='ocrx_word' id='word_1_343' title='bbox 0 2178 70 2223; x_wconf 59' lang='grc' dir='ltr'>Ξξτὸ</span> <span class='ocrx_word' id='word_1_344' title='bbox 86 2177 202 2218; x_wconf 85' lang='grc' dir='ltr'>καλῶς</span> <span class='ocrx_word' id='word_1_345' title='bbox 221 2180 300 2227; x_wconf 81' lang='grc' dir='ltr'>ἕχον</span> <span class='ocrx_word' id='word_1_346' title='bbox 319 2179 416 2215; x_wconf 89' lang='grc' dir='ltr'>πόλει</span> <span class='ocrx_word' id='word_1_347' title='bbox 433 2180 611 2227; x_wconf 83' lang='grc' dir='ltr'>πάλαισμα</span> <span class='ocrx_word' id='word_1_348' title='bbox 624 2183 681 2215; x_wconf 89' lang='lat' dir='ltr'>OR</span> <span class='ocrx_word' id='word_1_349' title='bbox 693 2180 760 2215; x_wconf 86' lang='lat'>879</span> <span class='ocrx_word' id='word_1_350' title='bbox 771 2183 822 2215; x_wconf 90' lang='lat' dir='ltr'>ch.</span> <span class='ocrx_word' id='word_1_351' title='bbox 843 2186 933 2216; x_wconf 86' lang='grc' dir='ltr'>ταῖσι</span> 
     </span>
     <span class='ocr_line' id='line_1_47' title="bbox 0 2224 934 2276; baseline 0.003 -16"><span class='ocrx_word' id='word_1_352' title='bbox 0 2224 57 2264; x_wconf 48' lang='lat' dir='ltr'>lt&amp;</span> <span class='ocrx_word' id='word_1_353' title='bbox 80 2226 109 2261; x_wconf 81' lang='grc' dir='ltr'>εἰ</span> <span class='ocrx_word' id='word_1_354' title='bbox 133 2226 296 2274; x_wconf 86' lang='grc' dir='ltr'>εὐημερεῖ</span> <span class='ocrx_word' id='word_1_355' title='bbox 316 2226 432 2262; x_wconf 85' lang='grc' dir='ltr'>καλῶς</span> <span class='ocrx_word' id='word_1_356' title='bbox 455 2228 494 2263; x_wconf 87' lang='grc' dir='ltr'>τὸ</span> <span class='ocrx_word' id='word_1_357' title='bbox 518 2229 602 2276; x_wconf 80' lang='grc' dir='ltr'>πρὸς</span> <span class='ocrx_word' id='word_1_358' title='bbox 630 2229 666 2263; x_wconf 93' lang='grc' dir='ltr'>σέ</span> <span class='ocrx_word' id='word_1_359' title='bbox 693 2229 748 2262; x_wconf 85' lang='lat' dir='ltr'>OC</span> <span class='ocrx_word' id='word_1_360' title='bbox 767 2227 845 2261; x_wconf 90' lang='lat'>617.</span> <span class='ocrx_word' id='word_1_361' title='bbox 873 2228 934 2263; x_wconf 80' lang='grc' dir='ltr'>τὰς</span> 
     </span>
     <span class='ocr_line' id='line_1_48' title="bbox 0 2268 932 2323; baseline 0.004 -17"><span class='ocrx_word' id='word_1_362' title='bbox 0 2268 87 2320; x_wconf 48' lang='lat' dir='ltr'><strong>nime,</strong></span> <span class='ocrx_word' id='word_1_363' title='bbox 116 2274 163 2312; x_wconf 79' lang='grc' dir='ltr'>ὡς</span> <span class='ocrx_word' id='word_1_364' title='bbox 179 2269 396 2321; x_wconf 73' lang='grc' dir='ltr'>κατῴκηνται</span> <span class='ocrx_word' id='word_1_365' title='bbox 419 2274 535 2313; x_wconf 78' lang='grc' dir='ltr'>καλῶς</span> <span class='ocrx_word' id='word_1_366' title='bbox 554 2274 655 2309; x_wconf 84' lang='grc'><strong>1004.</strong></span> <span class='ocrx_word' id='word_1_367' title='bbox 682 2274 799 2314; x_wconf 87' lang='grc' dir='ltr'>καλῶς</span> <span class='ocrx_word' id='word_1_368' title='bbox 814 2277 932 2323; x_wconf 87' lang='grc' dir='ltr'>χώραν</span> 
     </span>
     <span class='ocr_line' id='line_1_49' title="bbox 0 2318 932 2365; baseline 0 -10"><span class='ocrx_word' id='word_1_369' title='bbox 0 2318 98 2361; x_wconf 48' lang='lat' dir='ltr'><strong>&amp;dev</strong></span> <span class='ocrx_word' id='word_1_370' title='bbox 117 2319 248 2355; x_wconf 77' lang='grc' dir='ltr'>ἄλυπον</span> <span class='ocrx_word' id='word_1_371' title='bbox 270 2319 369 2355; x_wconf 86' lang='grc'><strong>1764.</strong></span> <span class='ocrx_word' id='word_1_372' title='bbox 397 2323 511 2355; x_wconf 86' lang='lat' dir='ltr'>Herm.</span> <span class='ocrx_word' id='word_1_373' title='bbox 532 2327 663 2364; x_wconf 88' lang='grc' dir='ltr'>κακῶν,</span> <span class='ocrx_word' id='word_1_374' title='bbox 691 2324 778 2365; x_wconf 89' lang='lat' dir='ltr'><strong>quod</strong></span> <span class='ocrx_word' id='word_1_375' title='bbox 794 2326 932 2356; x_wconf 88' lang='lat' dir='ltr'><strong>minime</strong></span> 
     </span>
     <span class='ocr_line' id='line_1_50' title="bbox 0 2364 932 2415; baseline 0.004 -16"><span class='ocrx_word' id='word_1_376' title='bbox 0 2364 165 2413; x_wconf 53' lang='lat' dir='ltr'><strong>pharium,</strong></span> <span class='ocrx_word' id='word_1_377' title='bbox 181 2370 260 2410; x_wconf 82' lang='lat' dir='ltr'><strong>quia</strong></span> <span class='ocrx_word' id='word_1_378' title='bbox 275 2373 310 2401; x_wconf 87' lang='lat' dir='ltr'>et</span> <span class='ocrx_word' id='word_1_379' title='bbox 353 2369 442 2415; x_wconf 82' lang='grc' dir='ltr'>ώραν</span> <span class='ocrx_word' id='word_1_380' title='bbox 461 2368 591 2404; x_wconf 88' lang='grc' dir='ltr'>άλυπον</span> <span class='ocrx_word' id='word_1_381' title='bbox 606 2372 786 2411; x_wconf 87' lang='lat' dir='ltr'>quominus</span> <span class='ocrx_word' id='word_1_382' title='bbox 803 2372 932 2403; x_wconf 79' lang='lat' dir='ltr'><strong>dicatur</strong></span> 
     </span>
     <span class='ocr_line' id='line_1_51' title="bbox 0 2412 926 2459; baseline 0.003 -12"><span class='ocrx_word' id='word_1_383' title='bbox 0 2412 193 2457; x_wconf 55' lang='lat' dir='ltr'><strong>B‘thibet,</strong></span> <span class='ocrx_word' id='word_1_384' title='bbox 222 2420 256 2448; x_wconf 79' lang='lat' dir='ltr'>et</span> <span class='ocrx_word' id='word_1_385' title='bbox 279 2426 324 2450; x_wconf 90' lang='grc' dir='ltr'>κα</span> <span class='ocrx_word' id='word_1_386' title='bbox 349 2421 395 2450; x_wconf 81' lang='grc' dir='ltr'>ῶς</span> <span class='ocrx_word' id='word_1_387' title='bbox 420 2419 608 2457; x_wconf 85' lang='lat' dir='ltr'><strong>significare</strong></span> <span class='ocrx_word' id='word_1_388' title='bbox 629 2427 782 2458; x_wconf 78' lang='lat' dir='ltr'><em>prospere</em></span> <span class='ocrx_word' id='word_1_389' title='bbox 804 2423 926 2459; x_wconf 86' lang='lat' dir='ltr'><strong>potest.</strong></span> 
     </span>
     <span class='ocr_line' id='line_1_52' title="bbox 0 2459 931 2510; baseline 0.003 -15"><span class='ocrx_word' id='word_1_390' title='bbox 0 2459 159 2501; x_wconf 53' lang='grc' dir='ltr'>Ιόῗκαλῶς</span> <span class='ocrx_word' id='word_1_391' title='bbox 183 2461 368 2509; x_wconf 80' lang='grc' dir='ltr'>πράξαιμεν</span> <span class='ocrx_word' id='word_1_392' title='bbox 387 2465 466 2496; x_wconf 86' lang='lat' dir='ltr'>Ant.</span> <span class='ocrx_word' id='word_1_393' title='bbox 486 2462 566 2496; x_wconf 87' lang='lat'>271.</span> <span class='ocrx_word' id='word_1_394' title='bbox 595 2467 656 2498; x_wconf 89' lang='grc' dir='ltr'>τοῦ</span> <span class='ocrx_word' id='word_1_395' title='bbox 680 2462 796 2497; x_wconf 83' lang='grc' dir='ltr'>καλῶς</span> <span class='ocrx_word' id='word_1_396' title='bbox 819 2463 931 2510; x_wconf 86' lang='grc' dir='ltr'>πράσ-</span> 
     </span>
     <span class='ocr_line' id='line_1_53' title="bbox 0 2500 930 2568; baseline 0.005 -28"><span class='ocrx_word' id='word_1_397' title='bbox 0 2500 75 2541; x_wconf 50' lang='lat'>²1¹1.</span> <span class='ocrx_word' id='word_1_398' title='bbox 95 2506 151 2564; x_wconf 67' lang='lat'>57.</span> <span class='ocrx_word' id='word_1_399' title='bbox 187 2507 294 2568; x_wconf 78' lang='grc' dir='ltr'>ἄνδρα</span> <span class='ocrx_word' id='word_1_400' title='bbox 322 2509 438 2548; x_wconf 83' lang='grc' dir='ltr'>καλῶς</span> <span class='ocrx_word' id='word_1_401' title='bbox 464 2509 657 2556; x_wconf 85' lang='grc' dir='ltr'>πράσσοντα</span> <span class='ocrx_word' id='word_1_402' title='bbox 680 2509 760 2543; x_wconf 86' lang='grc'><strong>230.</strong></span> <span class='ocrx_word' id='word_1_403' title='bbox 795 2510 930 2556; x_wconf 80' lang='grc' dir='ltr'>πράξειν</span> 
     </span>
     <span class='ocr_line' id='line_1_54' title="bbox 0 2550 928 2652; baseline 0 -13"><span class='ocrx_word' id='word_1_404' title='bbox 0 2550 51 2639; x_wconf 58' lang='lat'>5⁵.</span> <span class='ocrx_word' id='word_1_405' title='bbox 65 2552 516 2650; x_wconf 55' lang='lat' dir='ltr'>¹ssssz..zzis‡²},sffl⁰;z.</span> <span class='ocrx_word' id='word_1_406' title='bbox 531 2556 718 2651; x_wconf 50' lang='lat' dir='ltr'>esf-..35²2</span> <span class='ocrx_word' id='word_1_407' title='bbox 731 2555 774 2652; x_wconf 67' lang='grc' dir='ltr'>ἰ.</span> <span class='ocrx_word' id='word_1_408' title='bbox 790 2558 928 2647; x_wconf 58' lang='lat'>2332?</span> 
     </span>
     <span class='ocr_line' id='line_1_55' title="bbox 0 2612 928 2699; baseline 0.003 -17"><span class='ocrx_word' id='word_1_409' title='bbox 0 2612 87 2695; x_wconf 72' lang='grc' dir='ltr'>99οχ</span> <span class='ocrx_word' id='word_1_410' title='bbox 110 2647 250 2691; x_wconf 80' lang='grc' dir='ltr'>ἐκεῖνος,</span> <span class='ocrx_word' id='word_1_411' title='bbox 279 2651 325 2689; x_wconf 82' lang='grc' dir='ltr'>ὡς</span> <span class='ocrx_word' id='word_1_412' title='bbox 345 2650 416 2698; x_wconf 80' lang='grc' dir='ltr'>ἔχει</span> <span class='ocrx_word' id='word_1_413' title='bbox 430 2678 438 2694; x_wconf 90' lang='grc'><strong>,</strong></span> <span class='ocrx_word' id='word_1_414' title='bbox 463 2650 579 2688; x_wconf 87' lang='grc' dir='ltr'>καλῶς</span> <span class='ocrx_word' id='word_1_415' title='bbox 598 2650 614 2685; x_wconf 84' lang='grc' dir='ltr'>ἔ</span> <span class='ocrx_word' id='word_1_416' title='bbox 641 2663 669 2685; x_wconf 90' lang='grc' dir='ltr'>ει</span> <span class='ocrx_word' id='word_1_417' title='bbox 687 2651 707 2684; x_wconf 88' lang='grc'><strong>7</strong></span> <span class='ocrx_word' id='word_1_418' title='bbox 735 2652 765 2685; x_wconf 92' lang='grc'>1.</span> <span class='ocrx_word' id='word_1_419' title='bbox 786 2651 853 2699; x_wconf 83' lang='grc' dir='ltr'>ἆρά</span> <span class='ocrx_word' id='word_1_420' title='bbox 871 2665 928 2698; x_wconf 88' lang='grc' dir='ltr'>μοι</span> 
     </span>
     <span class='ocr_line' id='line_1_56' title="bbox 0 2662 924 2747; baseline 0.004 -18"><span class='ocrx_word' id='word_1_421' title='bbox 0 2692 147 2742; x_wconf 43' lang='lat' dir='ltr'>*iffa</span> <span class='ocrx_word' id='word_1_422' title='bbox 175 2695 253 2730; x_wconf 84' lang='lat'>816.</span> <span class='ocrx_word' id='word_1_423' title='bbox 282 2697 397 2735; x_wconf 86' lang='grc' dir='ltr'>καλῶς</span> <span class='ocrx_word' id='word_1_424' title='bbox 416 2709 460 2730; x_wconf 91' lang='lat' dir='ltr'>sc.</span> <span class='ocrx_word' id='word_1_425' title='bbox 483 2697 556 2746; x_wconf 81' lang='grc' dir='ltr'>ἔχει</span> <span class='ocrx_word' id='word_1_426' title='bbox 573 2662 674 2732; x_wconf 59' lang='grc'><strong>1340.</strong></span> <span class='ocrx_word' id='word_1_427' title='bbox 702 2700 748 2737; x_wconf 81' lang='grc' dir='ltr'>ὡς</span> <span class='ocrx_word' id='word_1_428' title='bbox 763 2702 822 2733; x_wconf 88' lang='grc' dir='ltr'>νῦν</span> <span class='ocrx_word' id='word_1_429' title='bbox 841 2699 924 2747; x_wconf 80' lang='grc' dir='ltr'>ἔχει,</span> 
     </span>
     <span class='ocr_line' id='line_1_57' title="bbox 0 2738 923 2792; baseline 0.003 -16"><span class='ocrx_word' id='word_1_430' title='bbox 0 2738 43 2788; x_wconf 52' lang='lat' dir='ltr'><strong>ffl</strong></span> <span class='ocrx_word' id='word_1_431' title='bbox 63 2743 106 2777; x_wconf 81' lang='grc' dir='ltr'>τὰ</span> <span class='ocrx_word' id='word_1_432' title='bbox 127 2742 248 2778; x_wconf 85' lang='grc' dir='ltr'>κείνων</span> <span class='ocrx_word' id='word_1_433' title='bbox 266 2745 393 2787; x_wconf 80' lang='grc' dir='ltr'>πάντα,</span> <span class='ocrx_word' id='word_1_434' title='bbox 422 2745 480 2778; x_wconf 89' lang='grc' dir='ltr'>καὶ</span> <span class='ocrx_word' id='word_1_435' title='bbox 495 2744 539 2779; x_wconf 83' lang='grc' dir='ltr'>τὰ</span> <span class='ocrx_word' id='word_1_436' title='bbox 556 2745 603 2791; x_wconf 79' lang='grc' dir='ltr'>μὴ</span> <span class='ocrx_word' id='word_1_437' title='bbox 621 2744 736 2784; x_wconf 84' lang='grc' dir='ltr'>καλῶς</span> <span class='ocrx_word' id='word_1_438' title='bbox 756 2744 845 2779; x_wconf 87' lang='grc'><strong>1345</strong></span> <span class='ocrx_word' id='word_1_439' title='bbox 861 2747 923 2792; x_wconf 86' lang='lat' dir='ltr'><strong>(sc.</strong></span> 
     </span>
     <span class='ocr_line' id='line_1_58' title="bbox 0 2789 930 2839; baseline 0.006 -18"><span class='ocrx_word' id='word_1_440' title='bbox 0 2789 64 2839; x_wconf 53' lang='grc' dir='ltr'>Ιῼᾷ,</span> <span class='ocrx_word' id='word_1_441' title='bbox 82 2800 114 2822; x_wconf 79' lang='lat' dir='ltr'>v.</span> <span class='ocrx_word' id='word_1_442' title='bbox 133 2790 280 2836; x_wconf 76' lang='lat' dir='ltr'><strong>Herm).</strong></span> <span class='ocrx_word' id='word_1_443' title='bbox 310 2790 383 2836; x_wconf 82' lang='grc' dir='ltr'>[τάν</span> <span class='ocrx_word' id='word_1_444' title='bbox 402 2791 535 2837; x_wconf 76' lang='grc' dir='ltr'>δόμοισι</span> <span class='ocrx_word' id='word_1_445' title='bbox 554 2791 615 2837; x_wconf 83' lang='grc' dir='ltr'>μὲν</span> <span class='ocrx_word' id='word_1_446' title='bbox 631 2791 747 2831; x_wconf 89' lang='grc' dir='ltr'>καλῶς</span> <span class='ocrx_word' id='word_1_447' title='bbox 766 2803 811 2826; x_wconf 87' lang='lat' dir='ltr'>sc.</span> <span class='ocrx_word' id='word_1_448' title='bbox 831 2797 930 2839; x_wconf 85' lang='grc' dir='ltr'>κυρεῖ</span> 
     </span>
     <span class='ocr_line' id='line_1_59' title="bbox 0 2827 929 2884; baseline 0.001 -13"><span class='ocrx_word' id='word_1_449' title='bbox 0 2827 51 2881; x_wconf 56' lang='grc' dir='ltr'>ῧὲἢ</span> <span class='ocrx_word' id='word_1_450' title='bbox 71 2835 187 2875; x_wconf 81' lang='grc' dir='ltr'>καλῶς</span> <span class='ocrx_word' id='word_1_451' title='bbox 205 2836 295 2884; x_wconf 80' lang='grc' dir='ltr'>ἔχειν</span> <span class='ocrx_word' id='word_1_452' title='bbox 322 2841 398 2871; x_wconf 87' lang='lat' dir='ltr'>Ter.</span> <span class='ocrx_word' id='word_1_453' title='bbox 419 2841 460 2871; x_wconf 78' lang='lat' dir='ltr'>fr.</span> <span class='ocrx_word' id='word_1_454' title='bbox 483 2837 562 2880; x_wconf 84' lang='lat'>517,</span> <span class='ocrx_word' id='word_1_455' title='bbox 585 2837 638 2871; x_wconf 92' lang='lat'>12.</span> <span class='ocrx_word' id='word_1_456' title='bbox 668 2841 756 2872; x_wconf 90' lang='lat' dir='ltr'><strong>Hinc</strong></span> <span class='ocrx_word' id='word_1_457' title='bbox 772 2841 878 2881; x_wconf 73' lang='lat' dir='ltr'><strong>fausti</strong></span> <span class='ocrx_word' id='word_1_458' title='bbox 894 2845 929 2872; x_wconf 85' lang='lat' dir='ltr'>et</span> 
     </span>
     <span class='ocr_line' id='line_1_60' title="bbox 17 2882 927 2930; baseline 0.005 -15"><span class='ocrx_word' id='word_1_459' title='bbox 17 2882 71 2920; x_wconf 45' lang='grc' dir='ltr'>ζ’</span> <span class='ocrx_word' id='word_1_460' title='bbox 95 2885 188 2916; x_wconf 79' lang='lat' dir='ltr'><strong>adest</strong></span> <span class='ocrx_word' id='word_1_461' title='bbox 211 2887 428 2926; x_wconf 83' lang='lat' dir='ltr'><strong>significatio:</strong></span> <span class='ocrx_word' id='word_1_462' title='bbox 467 2884 572 2930; x_wconf 77' lang='grc' dir='ltr'>μῦθοι</span> <span class='ocrx_word' id='word_1_463' title='bbox 603 2885 719 2924; x_wconf 88' lang='grc' dir='ltr'>καλῶς</span> <span class='ocrx_word' id='word_1_464' title='bbox 751 2886 927 2921; x_wconf 84' lang='grc' dir='ltr'>πίπτουσιν</span> 
     </span>
     <span class='ocr_line' id='line_1_61' title="bbox 0 2928 926 2979; baseline 0.004 -17"><span class='ocrx_word' id='word_1_465' title='bbox 0 2967 18 2972; x_wconf 60' lang='lat'>,.</span> <span class='ocrx_word' id='word_1_466' title='bbox 43 2928 166 2975; x_wconf 29' lang='lat' dir='ltr'>..hbpoc</span> <span class='ocrx_word' id='word_1_467' title='bbox 182 2930 372 2978; x_wconf 78' lang='grc' dir='ltr'>ὀφθαλμῶν</span> <span class='ocrx_word' id='word_1_468' title='bbox 386 2931 472 2979; x_wconf 77' lang='grc' dir='ltr'>αὐτῇ</span> <span class='ocrx_word' id='word_1_469' title='bbox 484 2930 602 2978; x_wconf 78' lang='grc' dir='ltr'>γένοιτ’</span> <span class='ocrx_word' id='word_1_470' title='bbox 620 2932 760 2967; x_wconf 82' lang='grc' dir='ltr'>ἄπωθεν</span> <span class='ocrx_word' id='word_1_471' title='bbox 776 2932 926 2979; x_wconf 83' lang='grc' dir='ltr'>έρπούσῃ</span> 
     </span>
     <span class='ocr_line' id='line_1_62' title="bbox 23 2973 928 3027; baseline 0.004 -17"><span class='ocrx_word' id='word_1_472' title='bbox 23 2973 178 3024; x_wconf 54' lang='grc' dir='ltr'>’[καλός</span> <span class='ocrx_word' id='word_1_473' title='bbox 194 2979 295 3011; x_wconf 88' lang='lat' dir='ltr'><strong>Dind.</strong></span> <span class='ocrx_word' id='word_1_474' title='bbox 318 2989 361 3011; x_wconf 80' lang='lat' dir='ltr'>ex</span> <span class='ocrx_word' id='word_1_475' title='bbox 379 2978 491 3012; x_wconf 72' lang='lat' dir='ltr'><strong>schol.&#39;</strong></span> <span class='ocrx_word' id='word_1_476' title='bbox 516 2977 596 3011; x_wconf 91' lang='grc'><strong>816.</strong></span> <span class='ocrx_word' id='word_1_477' title='bbox 616 2979 716 3025; x_wconf 88' lang='grc' dir='ltr'>νόμοι</span> <span class='ocrx_word' id='word_1_478' title='bbox 731 2979 847 3018; x_wconf 86' lang='grc' dir='ltr'>καλῶς</span> <span class='ocrx_word' id='word_1_479' title='bbox 866 2980 928 3027; x_wconf 84' lang='grc' dir='ltr'>φέ-</span> 
     </span>
     <span class='ocr_line' id='line_1_63' title="bbox 0 3021 926 3073; baseline 0.005 -18"><span class='ocrx_word' id='word_1_480' title='bbox 0 3021 82 3063; x_wconf 25' lang='lat' dir='ltr'>,dv</span> <span class='ocrx_word' id='word_1_481' title='bbox 99 3025 153 3060; x_wconf 89' lang='lat' dir='ltr'>Ai.</span> <span class='ocrx_word' id='word_1_482' title='bbox 170 3022 270 3058; x_wconf 89' lang='grc'><strong>1073.</strong></span> <span class='ocrx_word' id='word_1_483' title='bbox 299 3025 398 3060; x_wconf 81' lang='grc' dir='ltr'>τέλος</span> <span class='ocrx_word' id='word_1_484' title='bbox 415 3021 441 3059; x_wconf 76' lang='grc' dir='ltr'>δ’</span> <span class='ocrx_word' id='word_1_485' title='bbox 460 3025 477 3059; x_wconf 78' lang='grc' dir='ltr'>ἔ</span> <span class='ocrx_word' id='word_1_486' title='bbox 501 3037 566 3072; x_wconf 90' lang='grc' dir='ltr'>ηκε</span> <span class='ocrx_word' id='word_1_487' title='bbox 583 3024 671 3064; x_wconf 85' lang='grc' dir='ltr'>Ζεὺς</span> <span class='ocrx_word' id='word_1_488' title='bbox 688 3025 816 3069; x_wconf 85' lang='grc' dir='ltr'>καλῶς,</span> <span class='ocrx_word' id='word_1_489' title='bbox 837 3027 866 3061; x_wconf 84' lang='grc' dir='ltr'>εἰ</span> <span class='ocrx_word' id='word_1_490' title='bbox 883 3027 926 3073; x_wconf 81' lang='grc' dir='ltr'>δὴ</span> 
     </span>
     <span class='ocr_line' id='line_1_64' title="bbox 14 3068 926 3132; baseline 0.003 -28"><span class='ocrx_word' id='word_1_491' title='bbox 14 3077 19 3091; x_wconf 66' lang='lat'><strong><em>⁵</em></strong></span> <span class='ocrx_word' id='word_1_492' title='bbox 55 3070 111 3103; x_wconf 74' lang='lat' dir='ltr'>Tr.</span> <span class='ocrx_word' id='word_1_493' title='bbox 130 3068 187 3104; x_wconf 87' lang='lat'>26.</span> <span class='ocrx_word' id='word_1_494' title='bbox 223 3074 309 3104; x_wconf 87' lang='lat' dir='ltr'><strong>Item</strong></span> <span class='ocrx_word' id='word_1_495' title='bbox 327 3074 437 3105; x_wconf 82' lang='lat' dir='ltr'><strong>laudis</strong></span> <span class='ocrx_word' id='word_1_496' title='bbox 453 3077 487 3105; x_wconf 87' lang='lat' dir='ltr'>et</span> <span class='ocrx_word' id='word_1_497' title='bbox 504 3074 654 3132; x_wconf 52' lang='lat' dir='ltr'><strong>yber-iam,</strong></span> <span class='ocrx_word' id='word_1_498' title='bbox 679 3073 794 3111; x_wconf 82' lang='grc' dir='ltr'>καλῶς</span> <span class='ocrx_word' id='word_1_499' title='bbox 819 3073 881 3120; x_wconf 77' lang='grc' dir='ltr'>ζῆν</span> <span class='ocrx_word' id='word_1_500' title='bbox 904 3072 926 3120; x_wconf 80' lang='grc' dir='ltr'>ἢ</span> 
     </span>
     <span class='ocr_line' id='line_1_65' title="bbox 42 3113 929 3244; baseline -0.008 -46.309"><span class='ocrx_word' id='word_1_501' title='bbox 1 3113 929 3244; x_wconf 39' lang='lat' dir='ltr'><strong>3532&amp;ss{affligeszssffaigt</strong></span> 
     </span>
    </p>
   </div>
   <div class='ocr_carea' id='block_1_11' title="bbox 0 3146 65 3600">
    <p class='ocr_par' dir='ltr' id='par_1_11' title="bbox 0 3146 65 3600">
     <span class='ocr_line' id='line_1_66' title="bbox 0 3146 54 3324; baseline 0 -117"><span class='ocrx_word' id='word_1_502' title='bbox 0 3146 54 3324; x_wconf 95' lang='lat' dir='ltr'>   </span> 
     </span>
     <span class='ocr_line' id='line_1_67' title="bbox 0 3324 65 3600; baseline 0 -223"><span class='ocrx_word' id='word_1_503' title='bbox 0 3324 65 3600; x_wconf 95' lang='lat' dir='ltr'>   </span> 
     </span>
    </p>
   </div>
   <div class='ocr_carea' id='block_1_12' title="bbox 6 3210 927 3353">
    <p class='ocr_par' dir='ltr' id='par_1_12' title="bbox 6 3210 927 3353">
     <span class='ocr_line' id='line_1_68' title="bbox 199 3210 927 3253; baseline 0.005 -9"><span class='ocrx_word' id='word_1_504' title='bbox 199 3210 229 3244; x_wconf 95' lang='lat'>1.</span> <span class='ocrx_word' id='word_1_505' title='bbox 243 3231 284 3236; x_wconf 93' lang='lat'>—</span> <span class='ocrx_word' id='word_1_506' title='bbox 301 3216 317 3251; x_wconf 78' lang='lat' dir='ltr'>ss</span> <span class='ocrx_word' id='word_1_507' title='bbox 333 3215 383 3245; x_wconf 91' lang='lat' dir='ltr'>De</span> <span class='ocrx_word' id='word_1_508' title='bbox 402 3214 510 3245; x_wconf 77' lang='lat' dir='ltr'><strong>indole</strong></span> <span class='ocrx_word' id='word_1_509' title='bbox 528 3215 674 3253; x_wconf 70' lang='lat' dir='ltr'><strong>inqenita</strong></span> <span class='ocrx_word' id='word_1_510' title='bbox 686 3225 696 3244; x_wconf 88' lang='lat'><em>:</em></span> <span class='ocrx_word' id='word_1_511' title='bbox 721 3217 794 3251; x_wconf 88' lang='grc' dir='ltr'>τοῖς</span> <span class='ocrx_word' id='word_1_512' title='bbox 811 3212 927 3252; x_wconf 85' lang='grc' dir='ltr'>καλῶς</span> 
     </span>
     <span class='ocr_line' id='line_1_69' title="bbox 17 3252 924 3307; baseline 0.003 -16"><span class='ocrx_word' id='word_1_513' title='bbox 17 3252 110 3292; x_wconf 60' lang='grc' dir='ltr'><strong>.’ᾱι.νν</strong></span> <span class='ocrx_word' id='word_1_514' title='bbox 127 3259 181 3290; x_wconf 80' lang='lat' dir='ltr'>El.</span> <span class='ocrx_word' id='word_1_515' title='bbox 199 3256 266 3291; x_wconf 84' lang='lat'>989</span> <span class='ocrx_word' id='word_1_516' title='bbox 282 3262 451 3300; x_wconf 69' lang='lat' dir='ltr'><strong>qenerosis.</strong></span> <span class='ocrx_word' id='word_1_517' title='bbox 477 3259 516 3293; x_wconf 86' lang='grc' dir='ltr'>τὸ</span> <span class='ocrx_word' id='word_1_518' title='bbox 534 3258 650 3297; x_wconf 85' lang='grc' dir='ltr'>καλῶς</span> <span class='ocrx_word' id='word_1_519' title='bbox 666 3259 818 3307; x_wconf 82' lang='grc' dir='ltr'>πεφυκός</span> <span class='ocrx_word' id='word_1_520' title='bbox 834 3262 924 3294; x_wconf 87' lang='lat' dir='ltr'><strong>Alet.</strong></span> 
     </span>
     <span class='ocr_line' id='line_1_70' title="bbox 6 3302 927 3353; baseline 0.005 -17"><span class='ocrx_word' id='word_1_521' title='bbox 6 3302 120 3348; x_wconf 42' lang='lat' dir='ltr'>³1&amp;ss</span> <span class='ocrx_word' id='word_1_522' title='bbox 133 3309 218 3345; x_wconf 79' lang='lat' dir='ltr'><strong>apte,</strong></span> <span class='ocrx_word' id='word_1_523' title='bbox 246 3306 363 3338; x_wconf 72' lang='lat' dir='ltr'><strong>idonea</strong></span> <span class='ocrx_word' id='word_1_524' title='bbox 375 3309 522 3339; x_wconf 79' lang='lat' dir='ltr'><strong>ratione:</strong></span> <span class='ocrx_word' id='word_1_525' title='bbox 548 3318 573 3339; x_wconf 93' lang='grc' dir='ltr'>π</span> <span class='ocrx_word' id='word_1_526' title='bbox 595 3306 624 3340; x_wconf 87' lang='grc' dir='ltr'>ὶν</span> <span class='ocrx_word' id='word_1_527' title='bbox 644 3304 684 3341; x_wconf 84' lang='grc' dir='ltr'>ἂν</span> <span class='ocrx_word' id='word_1_528' title='bbox 701 3307 793 3353; x_wconf 80' lang='grc' dir='ltr'>φάγῃ</span> <span class='ocrx_word' id='word_1_529' title='bbox 811 3306 927 3345; x_wconf 85' lang='grc' dir='ltr'>καλῶς</span> 
     </span>
    </p>
   </div>
   <div class='ocr_carea' id='block_1_13' title="bbox 111 3349 927 3401">
    <p class='ocr_par' dir='ltr' id='par_1_13' title="bbox 15 3342 927 3401">
     <span class='ocr_line' id='line_1_71' title="bbox 111 3349 927 3401; baseline 0.005 -17.474"><span class='ocrx_word' id='word_1_530' title='bbox 111 3349 188 3392; x_wconf 83' lang='lat'>149,</span> <span class='ocrx_word' id='word_1_531' title='bbox 207 3349 240 3384; x_wconf 89' lang='grc'>2.</span> <span class='ocrx_word' id='word_1_532' title='bbox 268 3350 362 3399; x_wconf 77' lang='grc' dir='ltr'>δείλῃ</span> <span class='ocrx_word' id='word_1_533' title='bbox 381 3351 537 3398; x_wconf 85' lang='grc' dir='ltr'>τέμνεται</span> <span class='ocrx_word' id='word_1_534' title='bbox 554 3351 573 3398; x_wconf 80' lang='grc' dir='ltr'>β</span> <span class='ocrx_word' id='word_1_535' title='bbox 598 3353 789 3401; x_wconf 90' lang='grc' dir='ltr'>αστουμένη</span> <span class='ocrx_word' id='word_1_536' title='bbox 809 3353 927 3401; x_wconf 81' lang='grc' dir='ltr'>ὀπώρα</span> 
     </span>
    </p>
   </div>
   <div class='ocr_carea' id='block_1_14' title="bbox 973 344 1984 1100">
    <p class='ocr_par' dir='ltr' id='par_1_14' title="bbox 973 344 1984 1100">
     <span class='ocr_line' id='line_1_72' title="bbox 974 344 1980 390; baseline 0.003 -12"><span class='ocrx_word' id='word_1_537' title='bbox 974 348 1101 380; x_wconf 79' lang='lat' dir='ltr'><strong>Wakef.</strong></span> <span class='ocrx_word' id='word_1_538' title='bbox 1123 348 1200 380; x_wconf 81' lang='lat' dir='ltr'><strong>silv.</strong></span> <span class='ocrx_word' id='word_1_539' title='bbox 1220 348 1294 379; x_wconf 88' lang='lat' dir='ltr'><strong>crit.</strong></span> <span class='ocrx_word' id='word_1_540' title='bbox 1319 344 1350 388; x_wconf 87' lang='lat'>1,</span> <span class='ocrx_word' id='word_1_541' title='bbox 1375 344 1450 380; x_wconf 92' lang='grc'><strong>161.</strong></span> <span class='ocrx_word' id='word_1_542' title='bbox 1481 348 1649 382; x_wconf 81' lang='lat' dir='ltr'><strong>Schaeser.</strong></span> <span class='ocrx_word' id='word_1_543' title='bbox 1669 349 1691 380; x_wconf 95' lang='lat' dir='ltr'>l.</span> <span class='ocrx_word' id='word_1_544' title='bbox 1714 359 1741 381; x_wconf 90' lang='lat' dir='ltr'>c.</span> <span class='ocrx_word' id='word_1_545' title='bbox 1769 354 1804 381; x_wconf 86' lang='lat' dir='ltr'>et</span> <span class='ocrx_word' id='word_1_546' title='bbox 1822 350 1863 381; x_wconf 81' lang='lat' dir='ltr'>ad</span> <span class='ocrx_word' id='word_1_547' title='bbox 1881 350 1980 390; x_wconf 86' lang='lat' dir='ltr'>Greg.</span> 
     </span>
     <span class='ocr_line' id='line_1_73' title="bbox 974 391 1983 436; baseline 0.003 -9"><span class='ocrx_word' id='word_1_548' title='bbox 974 394 1048 427; x_wconf 82' lang='lat' dir='ltr'>Cor.</span> <span class='ocrx_word' id='word_1_549' title='bbox 1069 404 1102 436; x_wconf 88' lang='lat' dir='ltr'>p.</span> <span class='ocrx_word' id='word_1_550' title='bbox 1124 391 1189 427; x_wconf 85' lang='lat'>531</span> <span class='ocrx_word' id='word_1_551' title='bbox 1209 398 1277 426; x_wconf 87' lang='lat' dir='ltr'><strong>not.</strong></span> <span class='ocrx_word' id='word_1_552' title='bbox 1292 411 1333 418; x_wconf 91' lang='lat'>—</span> <span class='ocrx_word' id='word_1_553' title='bbox 1353 394 1419 428; x_wconf 86' lang='lat' dir='ltr'>Sed</span> <span class='ocrx_word' id='word_1_554' title='bbox 1436 395 1525 427; x_wconf 80' lang='lat' dir='ltr'><strong>haud</strong></span> <span class='ocrx_word' id='word_1_555' title='bbox 1543 397 1628 427; x_wconf 79' lang='lat' dir='ltr'><strong>male</strong></span> <span class='ocrx_word' id='word_1_556' title='bbox 1645 396 1762 429; x_wconf 84' lang='lat' dir='ltr'>Herm.</span> <span class='ocrx_word' id='word_1_557' title='bbox 1782 395 1825 429; x_wconf 84' lang='grc' dir='ltr'>τά</span> <span class='ocrx_word' id='word_1_558' title='bbox 1841 407 1893 429; x_wconf 89' lang='grc' dir='ltr'>τοι</span> <span class='ocrx_word' id='word_1_559' title='bbox 1910 408 1983 430; x_wconf 89' lang='grc' dir='ltr'>κα-</span> 
     </span>
     <span class='ocr_line' id='line_1_74' title="bbox 973 435 1977 488; baseline -0.001 -13"><span class='ocrx_word' id='word_1_560' title='bbox 973 446 1058 479; x_wconf 87' lang='grc' dir='ltr'>κῶς</span> <span class='ocrx_word' id='word_1_561' title='bbox 1091 435 1258 487; x_wconf 72' lang='grc' dir='ltr'>ηὑρημέν’</span> <span class='ocrx_word' id='word_1_562' title='bbox 1291 439 1372 487; x_wconf 82' lang='grc' dir='ltr'>ἔργα</span> <span class='ocrx_word' id='word_1_563' title='bbox 1403 440 1453 487; x_wconf 78' lang='grc' dir='ltr'>τῷ</span> <span class='ocrx_word' id='word_1_564' title='bbox 1478 440 1570 488; x_wconf 76' lang='grc' dir='ltr'>λόγῳ</span> <span class='ocrx_word' id='word_1_565' title='bbox 1605 441 1769 488; x_wconf 74' lang='grc' dir='ltr'>μηνύεται</span> <span class='ocrx_word' id='word_1_566' title='bbox 1802 442 1856 476; x_wconf 84' lang='lat' dir='ltr'>OG</span> <span class='ocrx_word' id='word_1_567' title='bbox 1877 441 1977 476; x_wconf 88' lang='lat'>1187.</span> 
     </span>
     <span class='ocr_line' id='line_1_75' title="bbox 976 486 1983 535; baseline 0.002 -15"><span class='ocrx_word' id='word_1_568' title='bbox 976 490 1067 521; x_wconf 88' lang='lat' dir='ltr'>Libri</span> <span class='ocrx_word' id='word_1_569' title='bbox 1079 486 1195 526; x_wconf 86' lang='grc' dir='ltr'>καλῶς</span> <span class='ocrx_word' id='word_1_570' title='bbox 1211 486 1406 534; x_wconf 79' lang='grc' dir='ltr'>ηὑρημένα,</span> <span class='ocrx_word' id='word_1_571' title='bbox 1420 491 1484 521; x_wconf 86' lang='lat' dir='ltr'><strong>nisi</strong></span> <span class='ocrx_word' id='word_1_572' title='bbox 1499 490 1588 531; x_wconf 93' lang='lat' dir='ltr'><strong>quod</strong></span> <span class='ocrx_word' id='word_1_573' title='bbox 1600 491 1655 521; x_wconf 72' lang='lat' dir='ltr'>1.ss</span> <span class='ocrx_word' id='word_1_574' title='bbox 1672 489 1846 535; x_wconf 80' lang='grc' dir='ltr'>εἰρημένα,</span> <span class='ocrx_word' id='word_1_575' title='bbox 1864 490 1939 523; x_wconf 79' lang='lat' dir='ltr'>Par.</span> <span class='ocrx_word' id='word_1_576' title='bbox 1958 491 1983 522; x_wconf 92' lang='lat' dir='ltr'>B</span> 
     </span>
     <span class='ocr_line' id='line_1_76' title="bbox 975 534 1983 582; baseline 0.003 -15"><span class='ocrx_word' id='word_1_577' title='bbox 975 538 1050 568; x_wconf 78' lang='lat' dir='ltr'>vat.</span> <span class='ocrx_word' id='word_1_578' title='bbox 1071 534 1162 569; x_wconf 87' lang='grc' dir='ltr'>καλά</span> <span class='ocrx_word' id='word_1_579' title='bbox 1184 540 1219 567; x_wconf 86' lang='lat' dir='ltr'>et</span> <span class='ocrx_word' id='word_1_580' title='bbox 1245 535 1346 582; x_wconf 80' lang='grc' dir='ltr'><strong>ἔργῳ.</strong></span> <span class='ocrx_word' id='word_1_581' title='bbox 1383 537 1448 569; x_wconf 87' lang='lat' dir='ltr'>Sed</span> <span class='ocrx_word' id='word_1_582' title='bbox 1465 538 1652 576; x_wconf 76' lang='lat' dir='ltr'><strong>Antigonae</strong></span> <span class='ocrx_word' id='word_1_583' title='bbox 1670 537 1836 579; x_wconf 88' lang='lat' dir='ltr'>Oedipum</span> <span class='ocrx_word' id='word_1_584' title='bbox 1859 538 1983 570; x_wconf 84' lang='lat' dir='ltr'><strong>iratum</strong></span> 
     </span>
     <span class='ocr_line' id='line_1_77' title="bbox 973 583 1984 622; baseline 0.002 -8"><span class='ocrx_word' id='word_1_585' title='bbox 973 583 1014 615; x_wconf 82' lang='lat' dir='ltr'>ad</span> <span class='ocrx_word' id='word_1_586' title='bbox 1031 583 1236 615; x_wconf 89' lang='lat' dir='ltr'><strong>audiendum</strong></span> <span class='ocrx_word' id='word_1_587' title='bbox 1253 584 1432 622; x_wconf 81' lang='lat' dir='ltr'><strong>Polynicen</strong></span> <span class='ocrx_word' id='word_1_588' title='bbox 1450 584 1640 615; x_wconf 81' lang='lat' dir='ltr'><strong>hortaturae</strong></span> <span class='ocrx_word' id='word_1_589' title='bbox 1664 585 1804 616; x_wconf 88' lang='lat' dir='ltr'><strong>minime</strong></span> <span class='ocrx_word' id='word_1_590' title='bbox 1827 586 1984 617; x_wconf 73' lang='lat' dir='ltr'><strong>convenit</strong></span> 
     </span>
     <span class='ocr_line' id='line_1_78' title="bbox 974 629 1982 672; baseline 0.002 -11"><span class='ocrx_word' id='word_1_591' title='bbox 974 631 1093 671; x_wconf 85' lang='lat' dir='ltr'>dicere,</span> <span class='ocrx_word' id='word_1_592' title='bbox 1123 632 1150 661; x_wconf 76' lang='lat' dir='ltr'>si</span> <span class='ocrx_word' id='word_1_593' title='bbox 1167 629 1245 671; x_wconf 75' lang='lat' dir='ltr'><strong>quid</strong></span> <span class='ocrx_word' id='word_1_594' title='bbox 1263 630 1339 662; x_wconf 77' lang='lat' dir='ltr'><strong>bene</strong></span> <span class='ocrx_word' id='word_1_595' title='bbox 1357 632 1604 671; x_wconf 66' lang='lat' dir='ltr'><strong>exaequaverit,</strong></span> <span class='ocrx_word' id='word_1_596' title='bbox 1634 641 1671 662; x_wconf 78' lang='lat' dir='ltr'>ex</span> <span class='ocrx_word' id='word_1_597' title='bbox 1688 633 1834 663; x_wconf 80' lang='lat' dir='ltr'><strong>oratione</strong></span> <span class='ocrx_word' id='word_1_598' title='bbox 1848 641 1982 672; x_wconf 77' lang='lat' dir='ltr'><strong>perspe—</strong></span> 
     </span>
     <span class='ocr_line' id='line_1_79' title="bbox 974 678 1981 719; baseline 0.003 -11"><span class='ocrx_word' id='word_1_599' title='bbox 974 681 1061 709; x_wconf 83' lang='lat' dir='ltr'><strong>ctum</strong></span> <span class='ocrx_word' id='word_1_600' title='bbox 1086 679 1136 709; x_wconf 80' lang='lat' dir='ltr'><strong>iri.</strong></span> <span class='ocrx_word' id='word_1_601' title='bbox 1173 678 1310 709; x_wconf 86' lang='lat' dir='ltr'><strong>Rectius</strong></span> <span class='ocrx_word' id='word_1_602' title='bbox 1328 679 1458 710; x_wconf 88' lang='lat' dir='ltr'><strong>dictura</strong></span> <span class='ocrx_word' id='word_1_603' title='bbox 1485 683 1554 709; x_wconf 79' lang='lat' dir='ltr'><strong>erat</strong></span> <span class='ocrx_word' id='word_1_604' title='bbox 1570 680 1660 710; x_wconf 81' lang='lat' dir='ltr'><strong>mala</strong></span> <span class='ocrx_word' id='word_1_605' title='bbox 1684 678 1776 719; x_wconf 77' lang='lat' dir='ltr'><strong>facta</strong></span> <span class='ocrx_word' id='word_1_606' title='bbox 1799 682 1906 710; x_wconf 82' lang='lat' dir='ltr'><strong>mente</strong></span> <span class='ocrx_word' id='word_1_607' title='bbox 1929 681 1981 711; x_wconf 81' lang='grc' dir='ltr'>ἰπ-</span> 
     </span>
     <span class='ocr_line' id='line_1_80' title="bbox 973 724 1983 765; baseline 0.003 -10"><span class='ocrx_word' id='word_1_608' title='bbox 973 725 1088 755; x_wconf 74' lang='lat' dir='ltr'><strong>stituta</strong></span> <span class='ocrx_word' id='word_1_609' title='bbox 1121 724 1216 755; x_wconf 74' lang='lat' dir='ltr'><strong>dictis</strong></span> <span class='ocrx_word' id='word_1_610' title='bbox 1242 725 1359 765; x_wconf 81' lang='lat' dir='ltr'><strong>prodi:</strong></span> <span class='ocrx_word' id='word_1_611' title='bbox 1395 725 1495 765; x_wconf 85' lang='lat' dir='ltr'><strong>idque</strong></span> <span class='ocrx_word' id='word_1_612' title='bbox 1524 726 1608 756; x_wconf 90' lang='lat' dir='ltr'><strong>bene</strong></span> <span class='ocrx_word' id='word_1_613' title='bbox 1639 727 1783 757; x_wconf 82' lang='lat' dir='ltr'><strong>concinit</strong></span> <span class='ocrx_word' id='word_1_614' title='bbox 1806 736 1883 758; x_wconf 91' lang='lat' dir='ltr'>cum</span> <span class='ocrx_word' id='word_1_615' title='bbox 1906 731 1983 759; x_wconf 85' lang='lat' dir='ltr'><strong>ante</strong></span> 
     </span>
     <span class='ocr_line' id='line_1_81' title="bbox 974 766 1982 818; baseline 0.004 -16"><span class='ocrx_word' id='word_1_616' title='bbox 974 772 1091 812; x_wconf 86' lang='lat' dir='ltr'><strong>positis</strong></span> <span class='ocrx_word' id='word_1_617' title='bbox 1108 768 1218 816; x_wconf 80' lang='grc' dir='ltr'>λόγων</span> <span class='ocrx_word' id='word_1_618' title='bbox 1237 766 1265 803; x_wconf 79' lang='grc' dir='ltr'>δ’</span> <span class='ocrx_word' id='word_1_619' title='bbox 1287 770 1430 805; x_wconf 82' lang='grc' dir='ltr'>ἀκοῦσαι</span> <span class='ocrx_word' id='word_1_620' title='bbox 1445 770 1495 808; x_wconf 88' lang='grc' dir='ltr'>τίς</span> <span class='ocrx_word' id='word_1_621' title='bbox 1513 769 1645 818; x_wconf 72' lang='grc' dir='ltr'>βλάβη,</span> <span class='ocrx_word' id='word_1_622' title='bbox 1675 773 1760 804; x_wconf 89' lang='lat' dir='ltr'><strong>utile</strong></span> <span class='ocrx_word' id='word_1_623' title='bbox 1778 774 1870 805; x_wconf 90' lang='lat' dir='ltr'><strong>enim</strong></span> <span class='ocrx_word' id='word_1_624' title='bbox 1887 774 1982 806; x_wconf 82' lang='lat' dir='ltr'><strong>futu-</strong></span> 
     </span>
     <span class='ocr_line' id='line_1_82' title="bbox 975 819 1984 864; baseline 0.003 -15"><span class='ocrx_word' id='word_1_625' title='bbox 975 828 1048 849; x_wconf 90' lang='lat' dir='ltr'>rum</span> <span class='ocrx_word' id='word_1_626' title='bbox 1075 822 1145 850; x_wconf 88' lang='lat' dir='ltr'><strong>erat</strong></span> <span class='ocrx_word' id='word_1_627' title='bbox 1172 819 1333 859; x_wconf 82' lang='lat' dir='ltr'><strong>insidias,</strong></span> <span class='ocrx_word' id='word_1_628' title='bbox 1362 821 1390 851; x_wconf 91' lang='lat' dir='ltr'>si</span> <span class='ocrx_word' id='word_1_629' title='bbox 1420 828 1505 860; x_wconf 86' lang='lat' dir='ltr'><strong>quae</strong></span> <span class='ocrx_word' id='word_1_630' title='bbox 1533 825 1645 857; x_wconf 77' lang='lat' dir='ltr'><strong>erant,</strong></span> <span class='ocrx_word' id='word_1_631' title='bbox 1680 829 1827 852; x_wconf 82' lang='lat' dir='ltr'><strong>noscere.</strong></span> <span class='ocrx_word' id='word_1_632' title='bbox 1852 838 1956 852; x_wconf 91' lang='lat'>—-.—</span> <span class='ocrx_word' id='word_1_633' title='bbox 1973 820 1984 864; x_wconf 72' lang='grc' dir='ltr'>Η</span> 
     </span>
     <span class='ocr_line' id='line_1_83' title="bbox 980 865 1983 908; baseline 0.003 -12"><span class='ocrx_word' id='word_1_634' title='bbox 980 865 1310 905; x_wconf 73' lang='lat' dir='ltr'><strong>comparativus</strong></span> <span class='ocrx_word' id='word_1_635' title='bbox 1335 876 1401 898; x_wconf 91' lang='lat' dir='ltr'><strong>non</strong></span> <span class='ocrx_word' id='word_1_636' title='bbox 1418 866 1542 905; x_wconf 88' lang='lat' dir='ltr'><strong>legitur</strong></span> <span class='ocrx_word' id='word_1_637' title='bbox 1557 877 1609 908; x_wconf 87' lang='lat' dir='ltr'>ap.</span> <span class='ocrx_word' id='word_1_638' title='bbox 1634 866 1734 908; x_wconf 88' lang='lat' dir='ltr'>Soph.</span> <span class='ocrx_word' id='word_1_639' title='bbox 1757 885 1798 890; x_wconf 97' lang='lat'><strong>—</strong></span> <span class='ocrx_word' id='word_1_640' title='bbox 1819 867 1983 907; x_wconf 76' lang='lat' dir='ltr'><strong>Super-</strong></span> 
     </span>
     <span class='ocr_line' id='line_1_84' title="bbox 974 907 1983 960; baseline 0.005 -17"><span class='ocrx_word' id='word_1_641' title='bbox 974 914 1159 944; x_wconf 76' lang='lat' dir='ltr'><strong>lativus:</strong></span> <span class='ocrx_word' id='word_1_642' title='bbox 1186 910 1209 957; x_wconf 81' lang='grc' dir='ltr'>ἡ</span> <span class='ocrx_word' id='word_1_643' title='bbox 1236 907 1260 945; x_wconf 82' lang='grc' dir='ltr'>δ’</span> <span class='ocrx_word' id='word_1_644' title='bbox 1288 911 1355 946; x_wconf 81' lang='grc' dir='ltr'>ἔσω</span> <span class='ocrx_word' id='word_1_645' title='bbox 1381 911 1532 946; x_wconf 76' lang='grc' dir='ltr'>κάλλιστ’</span> <span class='ocrx_word' id='word_1_646' title='bbox 1559 910 1598 946; x_wconf 85' lang='grc' dir='ltr'>ἂν</span> <span class='ocrx_word' id='word_1_647' title='bbox 1624 912 1715 947; x_wconf 83' lang='grc' dir='ltr'>ε’ίποι</span> <span class='ocrx_word' id='word_1_648' title='bbox 1739 913 1782 960; x_wconf 84' lang='grc' dir='ltr'>σὴ</span> <span class='ocrx_word' id='word_1_649' title='bbox 1807 913 1893 960; x_wconf 81' lang='grc' dir='ltr'>γυνὴ</span> <span class='ocrx_word' id='word_1_650' title='bbox 1911 912 1983 948; x_wconf 76' lang='grc' dir='ltr'>τάδ’</span> 
     </span>
     <span class='ocr_line' id='line_1_85' title="bbox 973 954 1984 1008; baseline 0.004 -17"><span class='ocrx_word' id='word_1_651' title='bbox 973 958 1019 991; x_wconf 80' lang='grc' dir='ltr'>ὡς</span> <span class='ocrx_word' id='word_1_652' title='bbox 1036 957 1108 1006; x_wconf 82' lang='grc' dir='ltr'>ἔχει</span> <span class='ocrx_word' id='word_1_653' title='bbox 1133 959 1190 991; x_wconf 90' lang='lat' dir='ltr'>OR</span> <span class='ocrx_word' id='word_1_654' title='bbox 1209 957 1308 992; x_wconf 88' lang='lat'>1172.</span> <span class='ocrx_word' id='word_1_655' title='bbox 1337 954 1489 993; x_wconf 83' lang='grc' dir='ltr'>κάλλιστ’</span> <span class='ocrx_word' id='word_1_656' title='bbox 1514 958 1600 1006; x_wconf 84' lang='grc' dir='ltr'>ἀνὴρ</span> <span class='ocrx_word' id='word_1_657' title='bbox 1627 958 1676 998; x_wconf 85' lang='grc' dir='ltr'>εἷς</span> <span class='ocrx_word' id='word_1_658' title='bbox 1695 959 1730 994; x_wconf 79' lang='grc' dir='ltr'>έν</span> <span class='ocrx_word' id='word_1_659' title='bbox 1755 972 1792 1006; x_wconf 86' lang='grc' dir='ltr'>γε</span> <span class='ocrx_word' id='word_1_660' title='bbox 1816 964 1891 999; x_wconf 83' lang='grc' dir='ltr'>ταῖς</span> <span class='ocrx_word' id='word_1_661' title='bbox 1909 958 1984 1008; x_wconf 81' lang='grc' dir='ltr'>Θή-</span> 
     </span>
     <span class='ocr_line' id='line_1_86' title="bbox 973 1004 1981 1054; baseline 0.003 -15"><span class='ocrx_word' id='word_1_662' title='bbox 973 1004 1047 1051; x_wconf 84' lang='grc' dir='ltr'>βαις</span> <span class='ocrx_word' id='word_1_663' title='bbox 1063 1005 1201 1053; x_wconf 86' lang='grc' dir='ltr'>τραφείς</span> <span class='ocrx_word' id='word_1_664' title='bbox 1229 1004 1330 1039; x_wconf 89' lang='grc'><strong>1380.</strong></span> <span class='ocrx_word' id='word_1_665' title='bbox 1360 1007 1502 1054; x_wconf 79' lang='grc' dir='ltr'>φανήτω</span> <span class='ocrx_word' id='word_1_666' title='bbox 1528 1006 1571 1052; x_wconf 91' lang='grc' dir='ltr'>μό</span> <span class='ocrx_word' id='word_1_667' title='bbox 1595 1019 1642 1041; x_wconf 91' lang='grc' dir='ltr'>ων</span> <span class='ocrx_word' id='word_1_668' title='bbox 1668 1007 1685 1042; x_wconf 83' lang='grc' dir='ltr'><strong>ὁ</strong></span> <span class='ocrx_word' id='word_1_669' title='bbox 1704 1006 1862 1042; x_wconf 80' lang='grc' dir='ltr'>,κάλλιστ’</span> <span class='ocrx_word' id='word_1_670' title='bbox 1887 1007 1981 1054; x_wconf 84' lang='grc' dir='ltr'>ἐμῶν</span> 
     </span>
     <span class='ocr_line' id='line_1_87' title="bbox 973 1051 1978 1100; baseline 0.002 -14"><span class='ocrx_word' id='word_1_671' title='bbox 973 1053 1049 1099; x_wconf 85' lang='grc' dir='ltr'>ἐμοὶ</span> <span class='ocrx_word' id='word_1_672' title='bbox 1065 1052 1204 1100; x_wconf 84' lang='grc' dir='ltr'>τερμίαν</span> <span class='ocrx_word' id='word_1_673' title='bbox 1222 1051 1314 1099; x_wconf 78' lang='grc' dir='ltr'>ἄγων</span> <span class='ocrx_word' id='word_1_674' title='bbox 1328 1052 1459 1100; x_wconf 82' lang='grc' dir='ltr'>ἁμέραν</span> <span class='ocrx_word' id='word_1_675' title='bbox 1472 1055 1553 1086; x_wconf 82' lang='lat' dir='ltr'>Ant.</span> <span class='ocrx_word' id='word_1_676' title='bbox 1591 1051 1658 1087; x_wconf 87' lang='grc'>329</span> <span class='ocrx_word' id='word_1_677' title='bbox 1668 1065 1711 1087; x_wconf 93' lang='lat' dir='ltr'>m.</span> <span class='ocrx_word' id='word_1_678' title='bbox 1730 1058 1978 1097; x_wconf 69' lang='lat' dir='ltr'><strong>exoptatissime.</strong></span> 
     </span>
    </p>
   </div>
   <div class='ocr_carea' id='block_1_15' title="bbox 973 1117 1983 1357">
    <p class='ocr_par' dir='ltr' id='par_1_15' title="bbox 973 1117 1983 1357">
     <span class='ocr_line' id='line_1_88' title="bbox 1043 1117 1983 1172; baseline 0.003 -15"><span class='ocrx_word' id='word_1_679' title='bbox 1043 1117 1260 1168; x_wconf 74' lang='grc' dir='ltr'>Κόιμόίτος</span> <span class='ocrx_word' id='word_1_680' title='bbox 1285 1124 1394 1165; x_wconf 75' lang='lat' dir='ltr'><strong>labor,</strong></span> <span class='ocrx_word' id='word_1_681' title='bbox 1423 1134 1591 1158; x_wconf 72' lang='lat' dir='ltr'><strong>aerumna.</strong></span> <span class='ocrx_word' id='word_1_682' title='bbox 1620 1124 1768 1159; x_wconf 80' lang='grc' dir='ltr'>τόκοισιν</span> <span class='ocrx_word' id='word_1_683' title='bbox 1796 1124 1893 1172; x_wconf 79' lang='grc' dir='ltr'>ἰηίων</span> <span class='ocrx_word' id='word_1_684' title='bbox 1917 1138 1983 1160; x_wconf 87' lang='grc' dir='ltr'>κα-</span> 
     </span>
     <span class='ocr_line' id='line_1_89' title="bbox 974 1169 1980 1217; baseline 0.003 -14"><span class='ocrx_word' id='word_1_685' title='bbox 974 1169 1089 1215; x_wconf 86' lang='grc' dir='ltr'>μάτων</span> <span class='ocrx_word' id='word_1_686' title='bbox 1109 1171 1166 1203; x_wconf 84' lang='lat' dir='ltr'>OR</span> <span class='ocrx_word' id='word_1_687' title='bbox 1185 1169 1250 1203; x_wconf 87' lang='lat'>174</span> <span class='ocrx_word' id='word_1_688' title='bbox 1263 1172 1313 1203; x_wconf 88' lang='lat' dir='ltr'>ch.</span> <span class='ocrx_word' id='word_1_689' title='bbox 1334 1172 1375 1203; x_wconf 90' lang='lat' dir='ltr'>de</span> <span class='ocrx_word' id='word_1_690' title='bbox 1392 1176 1505 1212; x_wconf 85' lang='lat' dir='ltr'><strong>partu.</strong></span> <span class='ocrx_word' id='word_1_691' title='bbox 1533 1172 1584 1206; x_wconf 79' lang='grc' dir='ltr'>τίς</span> <span class='ocrx_word' id='word_1_692' title='bbox 1601 1171 1640 1207; x_wconf 77' lang='grc' dir='ltr'>οὐ</span> <span class='ocrx_word' id='word_1_693' title='bbox 1657 1172 1821 1217; x_wconf 85' lang='grc' dir='ltr'>καμάτων</span> <span class='ocrx_word' id='word_1_694' title='bbox 1840 1172 1904 1215; x_wconf 74' lang='grc' dir='ltr'>ἔνι,</span> <span class='ocrx_word' id='word_1_695' title='bbox 1927 1173 1980 1206; x_wconf 89' lang='lat' dir='ltr'>OC</span> 
     </span>
     <span class='ocr_line' id='line_1_90' title="bbox 976 1214 1981 1266; baseline 0.005 -17"><span class='ocrx_word' id='word_1_696' title='bbox 976 1215 1063 1250; x_wconf 86' lang='lat'>1232</span> <span class='ocrx_word' id='word_1_697' title='bbox 1080 1219 1131 1250; x_wconf 83' lang='lat' dir='ltr'>ch.</span> <span class='ocrx_word' id='word_1_698' title='bbox 1160 1220 1195 1250; x_wconf 90' lang='lat' dir='ltr'>in</span> <span class='ocrx_word' id='word_1_699' title='bbox 1223 1219 1292 1250; x_wconf 79' lang='lat' dir='ltr'><strong>vita</strong></span> <span class='ocrx_word' id='word_1_700' title='bbox 1316 1219 1462 1251; x_wconf 83' lang='lat' dir='ltr'><strong>humana</strong></span> <span class='ocrx_word' id='word_1_701' title='bbox 1488 1221 1559 1251; x_wconf 90' lang='lat' dir='ltr'><strong>scil.</strong></span> <span class='ocrx_word' id='word_1_702' title='bbox 1586 1214 1680 1265; x_wconf 78' lang='grc' dir='ltr'>ἥκετ’</span> <span class='ocrx_word' id='word_1_703' title='bbox 1706 1219 1801 1265; x_wconf 86' lang='grc' dir='ltr'>έμῶν</span> <span class='ocrx_word' id='word_1_704' title='bbox 1817 1220 1981 1266; x_wconf 84' lang='grc' dir='ltr'>καμάτων</span> 
     </span>
     <span class='ocr_line' id='line_1_91' title="bbox 973 1262 1980 1312; baseline 0.005 -15"><span class='ocrx_word' id='word_1_705' title='bbox 973 1262 1187 1310; x_wconf 76' lang='grc' dir='ltr'>παραμύθιον</span> <span class='ocrx_word' id='word_1_706' title='bbox 1213 1266 1267 1297; x_wconf 89' lang='lat' dir='ltr'>El.</span> <span class='ocrx_word' id='word_1_707' title='bbox 1291 1263 1356 1297; x_wconf 86' lang='lat'>130</span> <span class='ocrx_word' id='word_1_708' title='bbox 1374 1276 1417 1298; x_wconf 83' lang='lat' dir='ltr'>m.</span> <span class='ocrx_word' id='word_1_709' title='bbox 1440 1265 1519 1300; x_wconf 75' lang='grc' dir='ltr'>οὐδέ</span> <span class='ocrx_word' id='word_1_710' title='bbox 1544 1265 1617 1300; x_wconf 76' lang='grc' dir='ltr'>ποτ’</span> <span class='ocrx_word' id='word_1_711' title='bbox 1643 1266 1683 1300; x_wconf 84' lang='grc' dir='ltr'>ἐκ</span> <span class='ocrx_word' id='word_1_712' title='bbox 1705 1266 1870 1312; x_wconf 85' lang='grc' dir='ltr'>καμάτων</span> <span class='ocrx_word' id='word_1_713' title='bbox 1891 1267 1980 1302; x_wconf 81' lang='grc' dir='ltr'>ἀπο-</span> 
     </span>
     <span class='ocr_line' id='line_1_92' title="bbox 974 1309 1976 1357; baseline 0.002 -12"><span class='ocrx_word' id='word_1_714' title='bbox 974 1310 1147 1357; x_wconf 80' lang='grc' dir='ltr'>παύσομαι</span> <span class='ocrx_word' id='word_1_715' title='bbox 1170 1309 1235 1344; x_wconf 89' lang='grc'>231</span> <span class='ocrx_word' id='word_1_716' title='bbox 1257 1323 1300 1344; x_wconf 88' lang='lat' dir='ltr'>m.</span> <span class='ocrx_word' id='word_1_717' title='bbox 1330 1330 1370 1335; x_wconf 90' lang='lat'>—</span> <span class='ocrx_word' id='word_1_718' title='bbox 1399 1314 1448 1344; x_wconf 92' lang='lat' dir='ltr'>De</span> <span class='ocrx_word' id='word_1_719' title='bbox 1476 1319 1552 1346; x_wconf 89' lang='lat' dir='ltr'><strong>tono</strong></span> <span class='ocrx_word' id='word_1_720' title='bbox 1578 1316 1763 1354; x_wconf 85' lang='lat' dir='ltr'><strong>generatim</strong></span> <span class='ocrx_word' id='word_1_721' title='bbox 1789 1317 1883 1347; x_wconf 87' lang='lat' dir='ltr'><strong>docet</strong></span> <span class='ocrx_word' id='word_1_722' title='bbox 1900 1317 1976 1347; x_wconf 88' lang='lat' dir='ltr'>Arc.</span> 
     </span>
    </p>
   </div>
   <div class='ocr_carea' id='block_1_16' title="bbox 972 1356 1982 1407">
    <p class='ocr_par' dir='ltr' id='par_1_16' title="bbox 972 1356 1982 1407">
     <span class='ocr_line' id='line_1_93' title="bbox 972 1356 1982 1407; baseline 0.005 -17"><span class='ocrx_word' id='word_1_723' title='bbox 972 1370 1004 1400; x_wconf 82' lang='lat' dir='ltr'>p.</span> <span class='ocrx_word' id='word_1_724' title='bbox 1026 1356 1082 1400; x_wconf 78' lang='lat' dir='ltr'>sc,</span> <span class='ocrx_word' id='word_1_725' title='bbox 1103 1356 1159 1391; x_wconf 84' lang='lat'>21.</span> <span class='ocrx_word' id='word_1_726' title='bbox 1699 1360 1731 1405; x_wconf 78' lang='grc' dir='ltr'>(ι</span> <span class='ocrx_word' id='word_1_727' title='bbox 1748 1372 1781 1403; x_wconf 79' lang='lat' dir='ltr'>p.</span> <span class='ocrx_word' id='word_1_728' title='bbox 1802 1359 1885 1404; x_wconf 81' lang='lat'><strong>917,</strong></span> <span class='ocrx_word' id='word_1_729' title='bbox 1904 1359 1982 1407; x_wconf 82' lang='lat'>26.)</span> 
     </span>
    </p>
   </div>
   <div class='ocr_carea' id='block_1_17' title="bbox 972 1414 1978 1558">
    <p class='ocr_par' dir='ltr' id='par_1_17' title="bbox 972 1414 1978 1558">
     <span class='ocr_line' id='line_1_94' title="bbox 1040 1414 1978 1464; baseline 0.002 -12"><span class='ocrx_word' id='word_1_730' title='bbox 1040 1414 1286 1462; x_wconf 79' lang='grc' dir='ltr'>[Καμίκιος</span> <span class='ocrx_word' id='word_1_731' title='bbox 1314 1420 1519 1451; x_wconf 77' lang='lat' dir='ltr'><strong>Camicensis.</strong></span> <span class='ocrx_word' id='word_1_732' title='bbox 1565 1420 1697 1453; x_wconf 78' lang='lat' dir='ltr'><strong>Siciliae</strong></span> <span class='ocrx_word' id='word_1_733' title='bbox 1722 1426 1793 1453; x_wconf 89' lang='lat' dir='ltr'><strong>erat</strong></span> <span class='ocrx_word' id='word_1_734' title='bbox 1818 1422 1978 1464; x_wconf 88' lang='lat' dir='ltr'><strong>oppidum</strong></span> 
     </span>
     <span class='ocr_line' id='line_1_95' title="bbox 972 1462 1977 1512; baseline 0.004 -16"><span class='ocrx_word' id='word_1_735' title='bbox 972 1463 1134 1496; x_wconf 87' lang='lat' dir='ltr'><strong>Camicus.</strong></span> <span class='ocrx_word' id='word_1_736' title='bbox 1165 1465 1291 1497; x_wconf 86' lang='lat' dir='ltr'><strong>Fabula</strong></span> <span class='ocrx_word' id='word_1_737' title='bbox 1309 1467 1407 1508; x_wconf 88' lang='lat' dir='ltr'>Soph.</span> <span class='ocrx_word' id='word_1_738' title='bbox 1430 1467 1495 1498; x_wconf 86' lang='lat' dir='ltr'><strong>fuit</strong></span> <span class='ocrx_word' id='word_1_739' title='bbox 1513 1462 1675 1511; x_wconf 85' lang='grc' dir='ltr'>Καμίκιοι</span> <span class='ocrx_word' id='word_1_740' title='bbox 1691 1464 1859 1512; x_wconf 83' lang='grc' dir='ltr'>ἢΜίνως,</span> <span class='ocrx_word' id='word_1_741' title='bbox 1881 1470 1977 1501; x_wconf 89' lang='lat' dir='ltr'><strong>cuius</strong></span> 
     </span>
     <span class='ocr_line' id='line_1_96' title="bbox 972 1510 1545 1558; baseline 0.005 -15"><span class='ocrx_word' id='word_1_742' title='bbox 972 1516 1052 1543; x_wconf 86' lang='lat' dir='ltr'><strong>sunt</strong></span> <span class='ocrx_word' id='word_1_743' title='bbox 1069 1522 1122 1553; x_wconf 85' lang='lat' dir='ltr'>ap.</span> <span class='ocrx_word' id='word_1_744' title='bbox 1144 1513 1247 1544; x_wconf 91' lang='lat' dir='ltr'><strong>Dind.</strong></span> <span class='ocrx_word' id='word_1_745' title='bbox 1268 1514 1309 1545; x_wconf 84' lang='lat' dir='ltr'>fr.</span> <span class='ocrx_word' id='word_1_746' title='bbox 1330 1510 1545 1558; x_wconf 86' lang='grc'><strong>299-303.]</strong></span> 
     </span>
    </p>
   </div>
   <div class='ocr_carea' id='block_1_18' title="bbox 964 1578 1980 2760">
    <p class='ocr_par' dir='ltr' id='par_1_18' title="bbox 964 1578 1980 2760">
     <span class='ocr_line' id='line_1_97' title="bbox 1041 1578 1979 1631; baseline 0.002 -16"><span class='ocrx_word' id='word_1_747' title='bbox 1041 1578 1204 1627; x_wconf 84' lang='grc' dir='ltr'>Κάμνω</span> <span class='ocrx_word' id='word_1_748' title='bbox 1222 1579 1280 1627; x_wconf 74' lang='grc' dir='ltr'>(δι’)</span> <span class='ocrx_word' id='word_1_749' title='bbox 1306 1585 1436 1624; x_wconf 78' lang='lat' dir='ltr'><strong>laboro,</strong></span> <span class='ocrx_word' id='word_1_750' title='bbox 1458 1589 1492 1615; x_wconf 87' lang='lat' dir='ltr'>et</span> <span class='ocrx_word' id='word_1_751' title='bbox 1508 1584 1638 1616; x_wconf 82' lang='lat' dir='ltr'><strong>dolore:</strong></span> <span class='ocrx_word' id='word_1_752' title='bbox 1673 1583 1736 1619; x_wconf 74' lang='grc' dir='ltr'>οὐκ</span> <span class='ocrx_word' id='word_1_753' title='bbox 1760 1583 1834 1619; x_wconf 78' lang='grc' dir='ltr'>ἴσον</span> <span class='ocrx_word' id='word_1_754' title='bbox 1859 1586 1979 1631; x_wconf 83' lang='grc' dir='ltr'>καμὼν</span> 
     </span>
     <span class='ocr_line' id='line_1_98' title="bbox 972 1626 1975 1678; baseline 0.004 -17"><span class='ocrx_word' id='word_1_755' title='bbox 972 1627 1048 1675; x_wconf 78' lang='grc' dir='ltr'>ἐμοὶ</span> <span class='ocrx_word' id='word_1_756' title='bbox 1071 1627 1195 1675; x_wconf 74' lang='grc' dir='ltr'>λύπης,</span> <span class='ocrx_word' id='word_1_757' title='bbox 1223 1629 1269 1663; x_wconf 82' lang='grc' dir='ltr'>ὅτ’</span> <span class='ocrx_word' id='word_1_758' title='bbox 1299 1628 1434 1677; x_wconf 75' lang='grc' dir='ltr'>ἔσπειρ’,</span> <span class='ocrx_word' id='word_1_759' title='bbox 1471 1630 1585 1678; x_wconf 82' lang='grc' dir='ltr'>ὥσπερ</span> <span class='ocrx_word' id='word_1_760' title='bbox 1609 1630 1633 1677; x_wconf 86' lang='grc' dir='ltr'>ἡ</span> <span class='ocrx_word' id='word_1_761' title='bbox 1659 1626 1805 1665; x_wconf 60' lang='lat' dir='ltr'><strong>rimone*</strong></span> <span class='ocrx_word' id='word_1_762' title='bbox 1830 1631 1898 1678; x_wconf 81' lang='grc' dir='ltr'>ἐγώ</span> <span class='ocrx_word' id='word_1_763' title='bbox 1923 1634 1975 1666; x_wconf 88' lang='lat' dir='ltr'>El.</span> 
     </span>
     <span class='ocr_line' id='line_1_99' title="bbox 972 1673 1980 1724; baseline 0.003 -15"><span class='ocrx_word' id='word_1_764' title='bbox 972 1673 1050 1709; x_wconf 89' lang='grc'><strong>532.</strong></span> <span class='ocrx_word' id='word_1_765' title='bbox 1080 1678 1120 1709; x_wconf 87' lang='lat' dir='ltr'>cf.</span> <span class='ocrx_word' id='word_1_766' title='bbox 1143 1678 1258 1710; x_wconf 83' lang='lat' dir='ltr'>Herm.</span> <span class='ocrx_word' id='word_1_767' title='bbox 1291 1675 1340 1722; x_wconf 91' lang='lat' dir='ltr'>[et</span> <span class='ocrx_word' id='word_1_768' title='bbox 1364 1679 1508 1711; x_wconf 89' lang='lat' dir='ltr'><strong>Kolster.</strong></span> <span class='ocrx_word' id='word_1_769' title='bbox 1537 1681 1573 1711; x_wconf 90' lang='lat' dir='ltr'>in</span> <span class='ocrx_word' id='word_1_770' title='bbox 1597 1679 1718 1711; x_wconf 90' lang='lat' dir='ltr'><strong>Philol.</strong></span> <span class='ocrx_word' id='word_1_771' title='bbox 1743 1677 1784 1721; x_wconf 88' lang='grc'>5,</span> <span class='ocrx_word' id='word_1_772' title='bbox 1813 1676 1916 1724; x_wconf 85' lang='grc'><strong>223];</strong></span> <span class='ocrx_word' id='word_1_773' title='bbox 1946 1685 1980 1713; x_wconf 89' lang='lat' dir='ltr'>et</span> 
     </span>
     <span class='ocr_line' id='line_1_100' title="bbox 972 1719 1980 1771; baseline 0.004 -15"><span class='ocrx_word' id='word_1_774' title='bbox 972 1725 1081 1756; x_wconf 89' lang='lat' dir='ltr'><strong>morbo</strong></span> <span class='ocrx_word' id='word_1_775' title='bbox 1098 1726 1276 1756; x_wconf 86' lang='lat' dir='ltr'><strong>universe:</strong></span> <span class='ocrx_word' id='word_1_776' title='bbox 1306 1719 1375 1759; x_wconf 80' lang='grc' dir='ltr'>οὐδ’</span> <span class='ocrx_word' id='word_1_777' title='bbox 1405 1723 1494 1763; x_wconf 80' lang='grc' dir='ltr'>ὅστις</span> <span class='ocrx_word' id='word_1_778' title='bbox 1522 1724 1621 1759; x_wconf 80' lang='grc' dir='ltr'>νόσου</span> <span class='ocrx_word' id='word_1_779' title='bbox 1654 1726 1818 1771; x_wconf 85' lang='grc' dir='ltr'>κάμνοντι</span> <span class='ocrx_word' id='word_1_780' title='bbox 1852 1725 1980 1761; x_wconf 86' lang='grc' dir='ltr'>συλλά-</span> 
     </span>
     <span class='ocr_line' id='line_1_101' title="bbox 973 1768 1980 1819; baseline 0.004 -15"><span class='ocrx_word' id='word_1_781' title='bbox 973 1769 1064 1815; x_wconf 81' lang='grc' dir='ltr'>βοιτο</span> <span class='ocrx_word' id='word_1_782' title='bbox 1082 1771 1141 1803; x_wconf 90' lang='lat' dir='ltr'>Ph.</span> <span class='ocrx_word' id='word_1_783' title='bbox 1163 1768 1250 1813; x_wconf 84' lang='lat'>282;</span> <span class='ocrx_word' id='word_1_784' title='bbox 1280 1773 1409 1804; x_wconf 86' lang='lat' dir='ltr'><strong>Buttm.</strong></span> <span class='ocrx_word' id='word_1_785' title='bbox 1431 1774 1574 1805; x_wconf 83' lang='lat' dir='ltr'><strong>malebat</strong></span> <span class='ocrx_word' id='word_1_786' title='bbox 1589 1772 1735 1814; x_wconf 84' lang='grc' dir='ltr'>νόσον,</span> <span class='ocrx_word' id='word_1_787' title='bbox 1762 1773 1903 1819; x_wconf 86' lang='grc' dir='ltr'>κάμνειν</span> <span class='ocrx_word' id='word_1_788' title='bbox 1920 1773 1980 1808; x_wconf 90' lang='grc' dir='ltr'>νό-</span> 
     </span>
     <span class='ocr_line' id='line_1_102' title="bbox 973 1818 1980 1866; baseline 0.005 -16"><span class='ocrx_word' id='word_1_789' title='bbox 973 1828 1028 1851; x_wconf 89' lang='grc' dir='ltr'>σον</span> <span class='ocrx_word' id='word_1_790' title='bbox 1055 1818 1178 1851; x_wconf 86' lang='lat' dir='ltr'><strong>Graece</strong></span> <span class='ocrx_word' id='word_1_791' title='bbox 1207 1819 1273 1851; x_wconf 91' lang='lat' dir='ltr'><strong>dici</strong></span> <span class='ocrx_word' id='word_1_792' title='bbox 1306 1820 1495 1862; x_wconf 85' lang='lat' dir='ltr'><strong>affirmans,</strong></span> <span class='ocrx_word' id='word_1_793' title='bbox 1542 1818 1792 1866; x_wconf 81' lang='grc' dir='ltr'>συλλαμβάνειν</span> <span class='ocrx_word' id='word_1_794' title='bbox 1823 1820 1888 1854; x_wconf 89' lang='grc' dir='ltr'>τινὶ</span> <span class='ocrx_word' id='word_1_795' title='bbox 1919 1824 1980 1856; x_wconf 86' lang='grc' dir='ltr'>τοῦ</span> 
     </span>
     <span class='ocr_line' id='line_1_103' title="bbox 972 1864 1978 1913; baseline 0.005 -16"><span class='ocrx_word' id='word_1_796' title='bbox 972 1864 1168 1911; x_wconf 80' lang='grc' dir='ltr'>πράγματος</span> <span class='ocrx_word' id='word_1_797' title='bbox 1193 1871 1282 1898; x_wconf 84' lang='lat' dir='ltr'><strong>certa</strong></span> <span class='ocrx_word' id='word_1_798' title='bbox 1305 1868 1370 1898; x_wconf 88' lang='lat' dir='ltr'>fide</span> <span class='ocrx_word' id='word_1_799' title='bbox 1393 1876 1487 1907; x_wconf 87' lang='lat' dir='ltr'><strong>esse,</strong></span> <span class='ocrx_word' id='word_1_800' title='bbox 1526 1865 1757 1913; x_wconf 82' lang='grc' dir='ltr'>συλλαβέσθαι</span> <span class='ocrx_word' id='word_1_801' title='bbox 1784 1868 1847 1902; x_wconf 86' lang='grc' dir='ltr'>τινὶ</span> <span class='ocrx_word' id='word_1_802' title='bbox 1877 1867 1978 1903; x_wconf 87' lang='grc' dir='ltr'>νόσου</span> 
     </span>
     <span class='ocr_line' id='line_1_104' title="bbox 972 1913 1978 1955; baseline 0.004 -11"><span class='ocrx_word' id='word_1_803' title='bbox 972 1914 1135 1953; x_wconf 84' lang='lat' dir='ltr'><strong>ambigua.</strong></span> <span class='ocrx_word' id='word_1_804' title='bbox 1184 1913 1372 1955; x_wconf 87' lang='lat' dir='ltr'><strong>Utrumque</strong></span> <span class='ocrx_word' id='word_1_805' title='bbox 1398 1915 1558 1946; x_wconf 85' lang='lat' dir='ltr'><strong>refutavit</strong></span> <span class='ocrx_word' id='word_1_806' title='bbox 1582 1915 1696 1947; x_wconf 88' lang='lat' dir='ltr'>Herm.</span> <span class='ocrx_word' id='word_1_807' title='bbox 1727 1920 1761 1947; x_wconf 90' lang='lat' dir='ltr'>et</span> <span class='ocrx_word' id='word_1_808' title='bbox 1793 1918 1978 1948; x_wconf 84' lang='lat' dir='ltr'><strong>accuratius</strong></span> 
     </span>
     <span class='ocr_line' id='line_1_105' title="bbox 972 1959 1978 2003; baseline 0.005 -12"><span class='ocrx_word' id='word_1_809' title='bbox 972 1960 1051 1993; x_wconf 95' lang='lat' dir='ltr'>Lob.</span> <span class='ocrx_word' id='word_1_810' title='bbox 1080 1969 1227 2000; x_wconf 88' lang='lat' dir='ltr'>monogr.</span> <span class='ocrx_word' id='word_1_811' title='bbox 1256 1962 1352 2002; x_wconf 85' lang='lat' dir='ltr'>figur.</span> <span class='ocrx_word' id='word_1_812' title='bbox 1381 1965 1482 2000; x_wconf 88' lang='lat' dir='ltr'>etym.</span> <span class='ocrx_word' id='word_1_813' title='bbox 1510 1972 1544 2003; x_wconf 90' lang='lat' dir='ltr'>p.</span> <span class='ocrx_word' id='word_1_814' title='bbox 1565 1963 1592 1995; x_wconf 92' lang='grc' dir='ltr'>Ι.</span> <span class='ocrx_word' id='word_1_815' title='bbox 1619 1972 1653 2003; x_wconf 92' lang='lat' dir='ltr'>p.</span> <span class='ocrx_word' id='word_1_816' title='bbox 1676 1959 1697 1994; x_wconf 93' lang='lat'>6</span> <span class='ocrx_word' id='word_1_817' title='bbox 1723 1963 1812 1995; x_wconf 87' lang='lat' dir='ltr'><strong>edita</strong></span> <span class='ocrx_word' id='word_1_818' title='bbox 1834 1974 1863 1996; x_wconf 85' lang='lat' dir='ltr'>a.</span> <span class='ocrx_word' id='word_1_819' title='bbox 1888 1960 1978 1996; x_wconf 89' lang='grc'><strong>1832</strong></span> 
     </span>
     <span class='ocr_line' id='line_1_106' title="bbox 970 2003 1977 2055; baseline 0.005 -17"><span class='ocrx_word' id='word_1_820' title='bbox 970 2003 1044 2050; x_wconf 90' lang='lat' dir='ltr'><strong>[sed</strong></span> <span class='ocrx_word' id='word_1_821' title='bbox 1060 2008 1096 2038; x_wconf 92' lang='lat' dir='ltr'>in</span> <span class='ocrx_word' id='word_1_822' title='bbox 1111 2007 1170 2038; x_wconf 93' lang='lat' dir='ltr'>LA</span> <span class='ocrx_word' id='word_1_823' title='bbox 1182 2011 1234 2039; x_wconf 84' lang='lat' dir='ltr'>est</span> <span class='ocrx_word' id='word_1_824' title='bbox 1253 2006 1483 2053; x_wconf 81' lang='grc' dir='ltr'>συμβάλλοιτο</span> <span class='ocrx_word' id='word_1_825' title='bbox 1500 2007 1521 2041; x_wconf 92' lang='grc' dir='ltr'>λ</span> <span class='ocrx_word' id='word_1_826' title='bbox 1538 2019 1642 2050; x_wconf 82' lang='lat' dir='ltr'><strong>eraso,</strong></span> <span class='ocrx_word' id='word_1_827' title='bbox 1663 2013 1707 2041; x_wconf 86' lang='lat' dir='ltr'>et.</span> <span class='ocrx_word' id='word_1_828' title='bbox 1728 2007 1914 2055; x_wconf 82' lang='grc' dir='ltr'>.λλάβοιτο.</span> <span class='ocrx_word' id='word_1_829' title='bbox 1938 2012 1977 2043; x_wconf 84' lang='lat' dir='ltr'><strong>ab</strong></span> 
     </span>
     <span class='ocr_line' id='line_1_107' title="bbox 970 2052 1976 2103; baseline 0.004 -18"><span class='ocrx_word' id='word_1_830' title='bbox 970 2054 991 2087; x_wconf 90' lang='lat' dir='ltr'>S</span> <span class='ocrx_word' id='word_1_831' title='bbox 1009 2052 1261 2099; x_wconf 65' lang='lat' dir='ltr'><strong>superscripto}</strong></span> <span class='ocrx_word' id='word_1_832' title='bbox 1284 2073 1325 2079; x_wconf 93' lang='lat'>—-</span> <span class='ocrx_word' id='word_1_833' title='bbox 1343 2054 1406 2089; x_wconf 82' lang='grc' dir='ltr'>κού</span> <span class='ocrx_word' id='word_1_834' title='bbox 1423 2058 1529 2100; x_wconf 85' lang='grc' dir='ltr'>καμεῖ</span> <span class='ocrx_word' id='word_1_835' title='bbox 1543 2055 1669 2101; x_wconf 78' lang='grc' dir='ltr'>τούμὸν</span> <span class='ocrx_word' id='word_1_836' title='bbox 1689 2055 1792 2103; x_wconf 89' lang='grc' dir='ltr'>μέρος</span> <span class='ocrx_word' id='word_1_837' title='bbox 1811 2058 1866 2089; x_wconf 86' lang='lat' dir='ltr'>Tr.</span> <span class='ocrx_word' id='word_1_838' title='bbox 1888 2054 1976 2089; x_wconf 90' lang='lat'>1215</span> 
     </span>
     <span class='ocr_line' id='line_1_108' title="bbox 969 2101 1972 2146; baseline 0.005 -14"><span class='ocrx_word' id='word_1_839' title='bbox 969 2102 1064 2142; x_wconf 85' lang='lat' dir='ltr'><strong>quasi</strong></span> <span class='ocrx_word' id='word_1_840' title='bbox 1087 2111 1154 2133; x_wconf 80' lang='lat' dir='ltr'><strong>non</strong></span> <span class='ocrx_word' id='word_1_841' title='bbox 1179 2101 1436 2142; x_wconf 82' lang='lat' dir='ltr'><strong>defatiyabitur,·</strong></span> <span class='ocrx_word' id='word_1_842' title='bbox 1470 2105 1494 2135; x_wconf 91' lang='lat'>1&#39;.</span> <span class='ocrx_word' id='word_1_843' title='bbox 1516 2113 1544 2135; x_wconf 89' lang='lat' dir='ltr'>e.</span> <span class='ocrx_word' id='word_1_844' title='bbox 1575 2105 1661 2135; x_wconf 89' lang='lat' dir='ltr'><strong>nihil</strong></span> <span class='ocrx_word' id='word_1_845' title='bbox 1692 2108 1731 2136; x_wconf 88' lang='lat' dir='ltr'>ut</span> <span class='ocrx_word' id='word_1_846' title='bbox 1753 2105 1972 2146; x_wconf 84' lang='lat' dir='ltr'><strong>desideretur,</strong></span> 
     </span>
     <span class='ocr_line' id='line_1_109' title="bbox 969 2143 1978 2198; baseline 0.005 -18"><span class='ocrx_word' id='word_1_847' title='bbox 969 2149 1122 2181; x_wconf 81' lang='lat' dir='ltr'><strong>efficiam.</strong></span> <span class='ocrx_word' id='word_1_848' title='bbox 1146 2167 1187 2173; x_wconf 92' lang='lat'>—</span> <span class='ocrx_word' id='word_1_849' title='bbox 1206 2148 1320 2194; x_wconf 79' lang='grc' dir='ltr'>πατὴρ</span> <span class='ocrx_word' id='word_1_850' title='bbox 1347 2148 1384 2183; x_wconf 78' lang='grc' dir='ltr'>δὲ</span> <span class='ocrx_word' id='word_1_851' title='bbox 1402 2150 1554 2195; x_wconf 79' lang='grc' dir='ltr'>ποταμὸς</span> <span class='ocrx_word' id='word_1_852' title='bbox 1575 2143 1711 2198; x_wconf 73' lang='grc' dir='ltr'>Ἴναχος</span> <span class='ocrx_word' id='word_1_853' title='bbox 1734 2152 1792 2185; x_wconf 84' lang='grc' dir='ltr'>τὸν</span> <span class='ocrx_word' id='word_1_854' title='bbox 1816 2149 1978 2185; x_wconf 77' lang='grc' dir='ltr'>ἀντίπλα-</span> 
     </span>
     <span class='ocr_line' id='line_1_110' title="bbox 970 2194 1975 2243; baseline 0.004 -15"><span class='ocrx_word' id='word_1_855' title='bbox 970 2206 1046 2229; x_wconf 91' lang='grc' dir='ltr'>στον</span> <span class='ocrx_word' id='word_1_856' title='bbox 1068 2194 1174 2240; x_wconf 88' lang='grc' dir='ltr'>νόμον</span> <span class='ocrx_word' id='word_1_857' title='bbox 1201 2194 1273 2243; x_wconf 81' lang='grc' dir='ltr'>ἔχει</span> <span class='ocrx_word' id='word_1_858' title='bbox 1298 2196 1523 2242; x_wconf 88' lang='grc' dir='ltr'>κεκμηκότων</span> <span class='ocrx_word' id='word_1_859' title='bbox 1554 2199 1666 2230; x_wconf 87' lang='lat' dir='ltr'><strong>Inach.</strong></span> <span class='ocrx_word' id='word_1_860' title='bbox 1695 2200 1736 2230; x_wconf 78' lang='lat' dir='ltr'>fr.</span> <span class='ocrx_word' id='word_1_861' title='bbox 1758 2195 1837 2231; x_wconf 88' lang='grc'><strong>268.</strong></span> <span class='ocrx_word' id='word_1_862' title='bbox 1872 2197 1975 2243; x_wconf 89' lang='grc' dir='ltr'>νόμον</span> 
     </span>
     <span class='ocr_line' id='line_1_111' title="bbox 968 2240 1977 2288; baseline 0.004 -15"><span class='ocrx_word' id='word_1_863' title='bbox 968 2240 1198 2285; x_wconf 84' lang='lat' dir='ltr'><strong>(scribendum</strong></span> <span class='ocrx_word' id='word_1_864' title='bbox 1221 2245 1325 2283; x_wconf 88' lang='lat' dir='ltr'><strong>igitur</strong></span> <span class='ocrx_word' id='word_1_865' title='bbox 1340 2242 1463 2288; x_wconf 83' lang='grc' dir='ltr'>νομόν)</span> <span class='ocrx_word' id='word_1_866' title='bbox 1490 2246 1650 2286; x_wconf 85' lang='lat' dir='ltr'><strong>quomodo</strong></span> <span class='ocrx_word' id='word_1_867' title='bbox 1674 2246 1740 2277; x_wconf 90' lang='lat' dir='ltr'><strong>nisi</strong></span> <span class='ocrx_word' id='word_1_868' title='bbox 1773 2246 1814 2277; x_wconf 91' lang='lat' dir='ltr'>de</span> <span class='ocrx_word' id='word_1_869' title='bbox 1839 2247 1918 2277; x_wconf 79' lang='lat' dir='ltr'><strong>Locis</strong></span> <span class='ocrx_word' id='word_1_870' title='bbox 1943 2250 1977 2278; x_wconf 85' lang='lat' dir='ltr'>et</span> 
     </span>
     <span class='ocr_line' id='line_1_112' title="bbox 967 2289 1976 2333; baseline 0.004 -13"><span class='ocrx_word' id='word_1_871' title='bbox 967 2289 1040 2321; x_wconf 76' lang='lat' dir='ltr'><strong>sede</strong></span> <span class='ocrx_word' id='word_1_872' title='bbox 1057 2291 1202 2330; x_wconf 87' lang='lat' dir='ltr'><strong>intelligi</strong></span> <span class='ocrx_word' id='word_1_873' title='bbox 1218 2293 1334 2331; x_wconf 83' lang='lat' dir='ltr'><strong>possit,</strong></span> <span class='ocrx_word' id='word_1_874' title='bbox 1355 2301 1423 2322; x_wconf 89' lang='lat' dir='ltr'><strong>non</strong></span> <span class='ocrx_word' id='word_1_875' title='bbox 1436 2292 1592 2333; x_wconf 87' lang='lat' dir='ltr'><strong>dispicio:</strong></span> <span class='ocrx_word' id='word_1_876' title='bbox 1623 2290 1844 2326; x_wconf 86' lang='grc' dir='ltr'>ἀντίπλαστον</span> <span class='ocrx_word' id='word_1_877' title='bbox 1863 2297 1976 2325; x_wconf 85' lang='lat' dir='ltr'><strong>autem</strong></span> 
     </span>
     <span class='ocr_line' id='line_1_113' title="bbox 970 2334 1975 2382; baseline 0.004 -14"><span class='ocrx_word' id='word_1_878' title='bbox 970 2334 1184 2377; x_wconf 80' lang='grc' dir='ltr'>ἰσόπλαστον,</span> <span class='ocrx_word' id='word_1_879' title='bbox 1212 2335 1329 2382; x_wconf 82' lang='grc' dir='ltr'>ὅμοιον</span> <span class='ocrx_word' id='word_1_880' title='bbox 1354 2339 1498 2378; x_wconf 89' lang='lat' dir='ltr'><strong>Hesych.</strong></span> <span class='ocrx_word' id='word_1_881' title='bbox 1520 2341 1692 2380; x_wconf 80' lang='lat' dir='ltr'><strong>explicans</strong></span> <span class='ocrx_word' id='word_1_882' title='bbox 1715 2349 1791 2371; x_wconf 91' lang='lat' dir='ltr'>cum</span> <span class='ocrx_word' id='word_1_883' title='bbox 1809 2341 1975 2372; x_wconf 83' lang='lat' dir='ltr'><strong>similibus</strong></span> 
     </span>
     <span class='ocr_line' id='line_1_114' title="bbox 968 2383 1976 2429; baseline 0.005 -15"><span class='ocrx_word' id='word_1_884' title='bbox 968 2385 1043 2415; x_wconf 87' lang='lat' dir='ltr'><strong>aliis</strong></span> <span class='ocrx_word' id='word_1_885' title='bbox 1061 2386 1248 2426; x_wconf 86' lang='lat' dir='ltr'><strong>componit,</strong></span> <span class='ocrx_word' id='word_1_886' title='bbox 1277 2387 1399 2426; x_wconf 91' lang='lat' dir='ltr'><strong>quibus</strong></span> <span class='ocrx_word' id='word_1_887' title='bbox 1424 2383 1498 2418; x_wconf 83' lang='grc' dir='ltr'>ἀντί</span> <span class='ocrx_word' id='word_1_888' title='bbox 1524 2387 1639 2418; x_wconf 89' lang='lat' dir='ltr'><strong>eodem</strong></span> <span class='ocrx_word' id='word_1_889' title='bbox 1655 2397 1758 2419; x_wconf 89' lang='lat' dir='ltr'><strong>sensu</strong></span> <span class='ocrx_word' id='word_1_890' title='bbox 1775 2397 1976 2429; x_wconf 84' lang='lat' dir='ltr'><strong>componen-</strong></span> 
     </span>
     <span class='ocr_line' id='line_1_115' title="bbox 967 2431 1971 2479; baseline 0.004 -17"><span class='ocrx_word' id='word_1_891' title='bbox 967 2431 1018 2462; x_wconf 91' lang='lat' dir='ltr'>dis</span> <span class='ocrx_word' id='word_1_892' title='bbox 1041 2433 1156 2463; x_wconf 83' lang='lat' dir='ltr'><strong>servit.</strong></span> <span class='ocrx_word' id='word_1_893' title='bbox 1185 2432 1267 2463; x_wconf 90' lang='lat' dir='ltr'><strong>Inde</strong></span> <span class='ocrx_word' id='word_1_894' title='bbox 1294 2434 1444 2473; x_wconf 87' lang='lat' dir='ltr'><strong>suspicor</strong></span> <span class='ocrx_word' id='word_1_895' title='bbox 1466 2432 1686 2479; x_wconf 87' lang='grc' dir='ltr'>κεκμηκότας</span> <span class='ocrx_word' id='word_1_896' title='bbox 1704 2434 1828 2474; x_wconf 72' lang='lat' dir='ltr'><strong>inferos</strong></span> <span class='ocrx_word' id='word_1_897' title='bbox 1851 2444 1926 2466; x_wconf 85' lang='lat' dir='ltr'><strong>esse</strong></span> <span class='ocrx_word' id='word_1_898' title='bbox 1943 2445 1971 2466; x_wconf 92' lang='lat' dir='ltr'>s.</span> 
     </span>
     <span class='ocr_line' id='line_1_116' title="bbox 966 2479 1973 2519; baseline 0.005 -10"><span class='ocrx_word' id='word_1_899' title='bbox 966 2482 1128 2518; x_wconf 80' lang='lat' dir='ltr'><strong>mortuos,</strong></span> <span class='ocrx_word' id='word_1_900' title='bbox 1148 2480 1286 2510; x_wconf 77' lang='lat' dir='ltr'><strong>similem</strong></span> <span class='ocrx_word' id='word_1_901' title='bbox 1303 2479 1420 2519; x_wconf 79' lang='lat' dir='ltr'><strong>inferis</strong></span> <span class='ocrx_word' id='word_1_902' title='bbox 1436 2480 1541 2511; x_wconf 80' lang='lat' dir='ltr'><strong>sedem</strong></span> <span class='ocrx_word' id='word_1_903' title='bbox 1559 2481 1671 2513; x_wconf 76' lang='lat' dir='ltr'><strong>habere</strong></span> <span class='ocrx_word' id='word_1_904' title='bbox 1687 2482 1848 2513; x_wconf 88' lang='lat' dir='ltr'><strong>Inachum</strong></span> <span class='ocrx_word' id='word_1_905' title='bbox 1864 2485 1904 2514; x_wconf 85' lang='lat' dir='ltr'>ut</span> <span class='ocrx_word' id='word_1_906' title='bbox 1921 2482 1973 2514; x_wconf 80' lang='lat' dir='ltr'>di-</span> 
     </span>
     <span class='ocr_line' id='line_1_117' title="bbox 967 2527 1975 2569; baseline 0.006 -14"><span class='ocrx_word' id='word_1_907' title='bbox 967 2529 1077 2566; x_wconf 83' lang='lat' dir='ltr'><strong>catur,</strong></span> <span class='ocrx_word' id='word_1_908' title='bbox 1106 2527 1195 2557; x_wconf 83' lang='lat' dir='ltr'><strong>infra</strong></span> <span class='ocrx_word' id='word_1_909' title='bbox 1211 2530 1332 2557; x_wconf 86' lang='lat' dir='ltr'><strong>terram</strong></span> <span class='ocrx_word' id='word_1_910' title='bbox 1350 2527 1555 2568; x_wconf 73' lang='lat' dir='ltr'><strong>demersum,</strong></span> <span class='ocrx_word' id='word_1_911' title='bbox 1586 2528 1627 2559; x_wconf 91' lang='lat' dir='ltr'>de</span> <span class='ocrx_word' id='word_1_912' title='bbox 1653 2538 1717 2569; x_wconf 89' lang='lat' dir='ltr'><strong>quo</strong></span> <span class='ocrx_word' id='word_1_913' title='bbox 1742 2539 1807 2560; x_wconf 88' lang='lat' dir='ltr'><strong>usu</strong></span> <span class='ocrx_word' id='word_1_914' title='bbox 1828 2530 1908 2561; x_wconf 89' lang='lat' dir='ltr'><strong>inde</strong></span> <span class='ocrx_word' id='word_1_915' title='bbox 1934 2531 1975 2561; x_wconf 87' lang='lat' dir='ltr'><strong>ab</strong></span> 
     </span>
     <span class='ocr_line' id='line_1_118' title="bbox 966 2572 1970 2617; baseline 0.005 -14"><span class='ocrx_word' id='word_1_916' title='bbox 966 2572 1109 2604; x_wconf 87' lang='lat' dir='ltr'><strong>Homero</strong></span> <span class='ocrx_word' id='word_1_917' title='bbox 1137 2577 1315 2614; x_wconf 85' lang='lat' dir='ltr'><strong>propagato</strong></span> <span class='ocrx_word' id='word_1_918' title='bbox 1345 2574 1510 2615; x_wconf 78' lang='lat' dir='ltr'><strong>explicuit</strong></span> <span class='ocrx_word' id='word_1_919' title='bbox 1534 2575 1664 2607; x_wconf 87' lang='lat' dir='ltr'><strong>Buttm.</strong></span> <span class='ocrx_word' id='word_1_920' title='bbox 1698 2576 1807 2607; x_wconf 80' lang='lat' dir='ltr'><strong>Lexil.</strong></span> <span class='ocrx_word' id='word_1_921' title='bbox 1828 2572 1866 2617; x_wconf 88' lang='grc'>2,</span> <span class='ocrx_word' id='word_1_922' title='bbox 1889 2573 1970 2608; x_wconf 87' lang='grc'><strong>237.</strong></span> 
     </span>
     <span class='ocr_line' id='line_1_119' title="bbox 966 2618 1968 2664; baseline 0.004 -14"><span class='ocrx_word' id='word_1_923' title='bbox 966 2618 1088 2651; x_wconf 86' lang='lat' dir='ltr'><strong>Confer</strong></span> <span class='ocrx_word' id='word_1_924' title='bbox 1105 2621 1206 2651; x_wconf 84' lang='lat' dir='ltr'><strong>etiam</strong></span> <span class='ocrx_word' id='word_1_925' title='bbox 1223 2621 1327 2661; x_wconf 86' lang='lat' dir='ltr'><strong>epigr.</strong></span> <span class='ocrx_word' id='word_1_926' title='bbox 1349 2621 1461 2661; x_wconf 87' lang='lat' dir='ltr'><strong>adesp.</strong></span> <span class='ocrx_word' id='word_1_927' title='bbox 1485 2618 1538 2653; x_wconf 92' lang='lat'>12.</span> <span class='ocrx_word' id='word_1_928' title='bbox 1560 2622 1664 2654; x_wconf 88' lang='lat' dir='ltr'>Anth.</span> <span class='ocrx_word' id='word_1_929' title='bbox 1686 2623 1754 2654; x_wconf 83' lang='lat' dir='ltr'>Pal.</span> <span class='ocrx_word' id='word_1_930' title='bbox 1779 2620 1809 2655; x_wconf 89' lang='lat'>1.</span> <span class='ocrx_word' id='word_1_931' title='bbox 1830 2633 1864 2664; x_wconf 89' lang='lat' dir='ltr'>p.</span> <span class='ocrx_word' id='word_1_932' title='bbox 1881 2619 1968 2654; x_wconf 83' lang='lat'>309:</span> 
     </span>
     <span class='ocr_line' id='line_1_120' title="bbox 964 2660 1969 2714; baseline 0.004 -16"><span class='ocrx_word' id='word_1_933' title='bbox 964 2663 1090 2710; x_wconf 84' lang='grc' dir='ltr'>ἤλασεν</span> <span class='ocrx_word' id='word_1_934' title='bbox 1114 2665 1163 2699; x_wconf 83' lang='grc' dir='ltr'>εἰς</span> <span class='ocrx_word' id='word_1_935' title='bbox 1186 2660 1375 2712; x_wconf 82' lang='grc' dir='ltr'>Ἀχέροντα</span> <span class='ocrx_word' id='word_1_936' title='bbox 1399 2665 1454 2700; x_wconf 78' lang='grc' dir='ltr'>διὰ</span> <span class='ocrx_word' id='word_1_937' title='bbox 1472 2665 1580 2701; x_wconf 86' lang='grc' dir='ltr'>πλατὺ</span> <span class='ocrx_word' id='word_1_938' title='bbox 1598 2671 1693 2714; x_wconf 87' lang='grc' dir='ltr'>κῦμα</span> <span class='ocrx_word' id='word_1_939' title='bbox 1709 2668 1900 2714; x_wconf 88' lang='grc' dir='ltr'>καμόντων,</span> <span class='ocrx_word' id='word_1_940' title='bbox 1924 2680 1969 2702; x_wconf 92' lang='lat' dir='ltr'>sc.</span> 
     </span>
     <span class='ocr_line' id='line_1_121' title="bbox 964 2713 1974 2760; baseline 0.006 -17"><span class='ocrx_word' id='word_1_941' title='bbox 964 2713 1072 2744; x_wconf 78' lang='lat' dir='ltr'><strong>lacum</strong></span> <span class='ocrx_word' id='word_1_942' title='bbox 1089 2714 1310 2746; x_wconf 72' lang='lat' dir='ltr'><strong>Achemsz&#39;ada</strong></span> <span class='ocrx_word' id='word_1_943' title='bbox 1326 2718 1548 2747; x_wconf 88' lang='lat' dir='ltr'><strong>transvectus.</strong></span> <span class='ocrx_word' id='word_1_944' title='bbox 1715 2714 1747 2760; x_wconf 82' lang='grc' dir='ltr'>(Ι</span> <span class='ocrx_word' id='word_1_945' title='bbox 1764 2726 1798 2758; x_wconf 89' lang='lat' dir='ltr'>p.</span> <span class='ocrx_word' id='word_1_946' title='bbox 1820 2713 1899 2758; x_wconf 90' lang='grc'><strong>918,</strong></span> <span class='ocrx_word' id='word_1_947' title='bbox 1921 2713 1974 2760; x_wconf 83' lang='grc'>6.]</span> 
     </span>
    </p>
   </div>
   <div class='ocr_carea' id='block_1_19' title="bbox 964 2779 1973 3329">
    <p class='ocr_par' dir='ltr' id='par_1_19' title="bbox 964 2779 1973 3329">
     <span class='ocr_line' id='line_1_122' title="bbox 1034 2779 1973 2831; baseline 0.003 -14"><span class='ocrx_word' id='word_1_948' title='bbox 1034 2779 1232 2826; x_wconf 86' lang='grc' dir='ltr'>Κάμπτω</span> <span class='ocrx_word' id='word_1_949' title='bbox 1263 2784 1367 2826; x_wconf 80' lang='lat' dir='ltr'><strong>flectO.</strong></span> <span class='ocrx_word' id='word_1_950' title='bbox 1405 2786 1456 2816; x_wconf 91' lang='lat' dir='ltr'>De</span> <span class='ocrx_word' id='word_1_951' title='bbox 1490 2787 1568 2826; x_wconf 87' lang='lat' dir='ltr'><strong>equi</strong></span> <span class='ocrx_word' id='word_1_952' title='bbox 1600 2795 1718 2817; x_wconf 87' lang='lat' dir='ltr'><strong>cursu:</strong></span> <span class='ocrx_word' id='word_1_953' title='bbox 1757 2785 1973 2831; x_wconf 78' lang='grc' dir='ltr'>κάμπτοντος</span> 
     </span>
     <span class='ocr_line' id='line_1_123' title="bbox 964 2827 1971 2875; baseline 0.003 -13"><span class='ocrx_word' id='word_1_954' title='bbox 964 2827 1070 2863; x_wconf 80' lang='grc' dir='ltr'>ἵππου</span> <span class='ocrx_word' id='word_1_955' title='bbox 1089 2831 1143 2863; x_wconf 89' lang='lat' dir='ltr'>El.</span> <span class='ocrx_word' id='word_1_956' title='bbox 1164 2828 1243 2863; x_wconf 86' lang='lat'>744.</span> <span class='ocrx_word' id='word_1_957' title='bbox 1272 2831 1354 2862; x_wconf 89' lang='lat' dir='ltr'><strong>Inde</strong></span> <span class='ocrx_word' id='word_1_958' title='bbox 1372 2832 1528 2864; x_wconf 85' lang='lat' dir='ltr'><strong>tralatum</strong></span> <span class='ocrx_word' id='word_1_959' title='bbox 1546 2833 1586 2864; x_wconf 89' lang='lat' dir='ltr'>de</span> <span class='ocrx_word' id='word_1_960' title='bbox 1611 2834 1697 2863; x_wconf 72' lang='lat' dir='ltr'><strong>vitae</strong></span> <span class='ocrx_word' id='word_1_961' title='bbox 1714 2835 1876 2865; x_wconf 74' lang='lat' dir='ltr'><strong>curriculo</strong></span> <span class='ocrx_word' id='word_1_962' title='bbox 1893 2834 1971 2875; x_wconf 80' lang='lat' dir='ltr'><strong>fini-</strong></span> 
     </span>
     <span class='ocr_line' id='line_1_124' title="bbox 964 2875 1967 2925; baseline 0.004 -17"><span class='ocrx_word' id='word_1_963' title='bbox 964 2877 1046 2908; x_wconf 79' lang='lat' dir='ltr'><strong>endo</strong></span> <span class='ocrx_word' id='word_1_964' title='bbox 1058 2888 1068 2907; x_wconf 88' lang='lat'><em>:</em></span> <span class='ocrx_word' id='word_1_965' title='bbox 1095 2875 1243 2911; x_wconf 74' lang='grc' dir='ltr'>ἐνταῦθα</span> <span class='ocrx_word' id='word_1_966' title='bbox 1267 2876 1413 2923; x_wconf 72' lang='grc' dir='ltr'>κάμψειν</span> <span class='ocrx_word' id='word_1_967' title='bbox 1437 2877 1495 2911; x_wconf 88' lang='grc' dir='ltr'>τὸν</span> <span class='ocrx_word' id='word_1_968' title='bbox 1512 2877 1729 2925; x_wconf 86' lang='grc' dir='ltr'>ταλαίπωρον</span> <span class='ocrx_word' id='word_1_969' title='bbox 1749 2878 1820 2925; x_wconf 84' lang='grc' dir='ltr'>βίον</span> <span class='ocrx_word' id='word_1_970' title='bbox 1837 2880 1892 2913; x_wconf 81' lang='grc' dir='ltr'>ΟΟ</span> <span class='ocrx_word' id='word_1_971' title='bbox 1911 2877 1967 2912; x_wconf 89' lang='lat'>91.</span> 
     </span>
     <span class='ocr_line' id='line_1_125' title="bbox 964 2924 1967 2970; baseline 0.005 -16"><span class='ocrx_word' id='word_1_972' title='bbox 964 2924 1103 2955; x_wconf 84' lang='lat' dir='ltr'>Membr.</span> <span class='ocrx_word' id='word_1_973' title='bbox 1125 2925 1178 2956; x_wconf 86' lang='lat' dir='ltr'>Br.</span> <span class='ocrx_word' id='word_1_974' title='bbox 1200 2925 1290 2957; x_wconf 85' lang='lat' dir='ltr'><strong>Ricc.</strong></span> <span class='ocrx_word' id='word_1_975' title='bbox 1307 2926 1338 2956; x_wconf 90' lang='lat' dir='ltr'>A</span> <span class='ocrx_word' id='word_1_976' title='bbox 1368 2924 1546 2970; x_wconf 87' lang='grc' dir='ltr'>κάμπτειν.</span> <span class='ocrx_word' id='word_1_977' title='bbox 1573 2927 1624 2957; x_wconf 91' lang='lat' dir='ltr'>De</span> <span class='ocrx_word' id='word_1_978' title='bbox 1642 2927 1834 2959; x_wconf 84' lang='lat' dir='ltr'><strong>discrimine</strong></span> <span class='ocrx_word' id='word_1_979' title='bbox 1851 2928 1967 2959; x_wconf 87' lang='lat' dir='ltr'><strong>Herm.</strong></span> 
     </span>
     <span class='ocr_line' id='line_1_126' title="bbox 965 2972 1966 3017; baseline 0.006 -16"><span class='ocrx_word' id='word_1_980' title='bbox 965 2972 1132 3010; x_wconf 83' lang='lat' dir='ltr'><strong>exposuit.</strong></span> <span class='ocrx_word' id='word_1_981' title='bbox 1169 2972 1220 3002; x_wconf 90' lang='lat' dir='ltr'>De</span> <span class='ocrx_word' id='word_1_982' title='bbox 1238 2981 1302 3003; x_wconf 87' lang='lat' dir='ltr'><strong>usu</strong></span> <span class='ocrx_word' id='word_1_983' title='bbox 1319 2973 1478 3012; x_wconf 85' lang='lat' dir='ltr'><strong>loquendi</strong></span> <span class='ocrx_word' id='word_1_984' title='bbox 1495 2983 1528 3005; x_wconf 81' lang='lat' dir='ltr'>v,</span> <span class='ocrx_word' id='word_1_985' title='bbox 1549 2973 1666 3005; x_wconf 85' lang='lat' dir='ltr'><strong>Markl.</strong></span> <span class='ocrx_word' id='word_1_986' title='bbox 1688 2974 1727 3005; x_wconf 90' lang='lat' dir='ltr'>ad</span> <span class='ocrx_word' id='word_1_987' title='bbox 1745 2975 1826 3006; x_wconf 88' lang='lat' dir='ltr'>Eur.</span> <span class='ocrx_word' id='word_1_988' title='bbox 1849 2975 1966 3017; x_wconf 90' lang='lat' dir='ltr'><strong>Suppl.</strong></span> 
     </span>
     <span class='ocr_line' id='line_1_127' title="bbox 966 3014 1971 3062; baseline 0.005 -14"><span class='ocrx_word' id='word_1_989' title='bbox 966 3014 1043 3049; x_wconf 85' lang='lat'>748.</span> <span class='ocrx_word' id='word_1_990' title='bbox 1072 3018 1192 3049; x_wconf 84' lang='lat' dir='ltr'><strong>Blomf.</strong></span> <span class='ocrx_word' id='word_1_991' title='bbox 1218 3019 1262 3058; x_wconf 90' lang='lat' dir='ltr'>gl.</span> <span class='ocrx_word' id='word_1_992' title='bbox 1282 3020 1344 3059; x_wconf 83' lang='lat' dir='ltr'>Ag.</span> <span class='ocrx_word' id='word_1_993' title='bbox 1367 3015 1446 3051; x_wconf 87' lang='grc'><strong>335.</strong></span> <span class='ocrx_word' id='word_1_994' title='bbox 1469 3039 1509 3044; x_wconf 90' lang='grc'><strong>-</strong></span> <span class='ocrx_word' id='word_1_995' title='bbox 1537 3021 1589 3051; x_wconf 92' lang='lat' dir='ltr'>De</span> <span class='ocrx_word' id='word_1_996' title='bbox 1614 3030 1704 3060; x_wconf 87' lang='lat' dir='ltr'><strong>genu</strong></span> <span class='ocrx_word' id='word_1_997' title='bbox 1722 3022 1904 3062; x_wconf 83' lang='lat' dir='ltr'><strong>fiectendo,</strong></span> <span class='ocrx_word' id='word_1_998' title='bbox 1931 3027 1971 3053; x_wconf 88' lang='lat' dir='ltr'>ut</span> 
     </span>
     <span class='ocr_line' id='line_1_128' title="bbox 965 3060 1969 3114; baseline 0.008 -20"><span class='ocrx_word' id='word_1_999' title='bbox 965 3065 1130 3095; x_wconf 89' lang='lat' dir='ltr'><strong>considas:</strong></span> <span class='ocrx_word' id='word_1_1000' title='bbox 1161 3063 1200 3097; x_wconf 81' lang='grc' dir='ltr'>οὔ</span> <span class='ocrx_word' id='word_1_1001' title='bbox 1226 3063 1322 3098; x_wconf 84' lang='grc' dir='ltr'>κῶλα</span> <span class='ocrx_word' id='word_1_1002' title='bbox 1346 3063 1483 3111; x_wconf 82' lang='grc' dir='ltr'>κάμψον</span> <span class='ocrx_word' id='word_1_1003' title='bbox 1500 3060 1591 3099; x_wconf 72' lang='grc' dir='ltr'>τοῦδ’</span> <span class='ocrx_word' id='word_1_1004' title='bbox 1613 3065 1665 3100; x_wconf 72' lang='grc' dir='ltr'>ἐπ’</span> <span class='ocrx_word' id='word_1_1005' title='bbox 1688 3064 1826 3106; x_wconf 82' lang='grc' dir='ltr'>ἀξέστου</span> <span class='ocrx_word' id='word_1_1006' title='bbox 1844 3066 1969 3114; x_wconf 87' lang='grc' dir='ltr'>πέτρου</span> 
     </span>
     <span class='ocr_line' id='line_1_129' title="bbox 964 3108 1972 3154; baseline 0.005 -12"><span class='ocrx_word' id='word_1_1007' title='bbox 964 3109 1018 3142; x_wconf 86' lang='lat' dir='ltr'>OC</span> <span class='ocrx_word' id='word_1_1008' title='bbox 1039 3108 1093 3151; x_wconf 90' lang='lat'>19,</span> <span class='ocrx_word' id='word_1_1009' title='bbox 1115 3112 1202 3152; x_wconf 90' lang='lat' dir='ltr'><strong>quod</strong></span> <span class='ocrx_word' id='word_1_1010' title='bbox 1219 3113 1364 3154; x_wconf 82' lang='lat' dir='ltr'><strong>illustrat</strong></span> <span class='ocrx_word' id='word_1_1011' title='bbox 1380 3113 1523 3145; x_wconf 85' lang='lat' dir='ltr'><strong>Brunck.</strong></span> <span class='ocrx_word' id='word_1_1012' title='bbox 1560 3115 1644 3145; x_wconf 88' lang='lat' dir='ltr'><strong>Inde</strong></span> <span class='ocrx_word' id='word_1_1013' title='bbox 1660 3116 1861 3147; x_wconf 79' lang='lat' dir='ltr'><strong>transfertur</strong></span> <span class='ocrx_word' id='word_1_1014' title='bbox 1877 3125 1915 3147; x_wconf 88' lang='lat' dir='ltr'>eo</span> <span class='ocrx_word' id='word_1_1015' title='bbox 1933 3119 1972 3147; x_wconf 91' lang='lat' dir='ltr'>ut</span> 
     </span>
     <span class='ocr_line' id='line_1_130' title="bbox 964 3155 1967 3203; baseline 0.005 -14"><span class='ocrx_word' id='word_1_1016' title='bbox 964 3155 1129 3201; x_wconf 85' lang='grc' dir='ltr'>κάμπτειν</span> <span class='ocrx_word' id='word_1_1017' title='bbox 1163 3159 1270 3190; x_wconf 85' lang='lat' dir='ltr'><strong>solum</strong></span> <span class='ocrx_word' id='word_1_1018' title='bbox 1302 3160 1468 3198; x_wconf 83' lang='lat' dir='ltr'><strong>significet</strong></span> <span class='ocrx_word' id='word_1_1019' title='bbox 1494 3163 1668 3200; x_wconf 76' lang='lat' dir='ltr'><strong>postquam</strong></span> <span class='ocrx_word' id='word_1_1020' title='bbox 1697 3171 1758 3202; x_wconf 80' lang='lat' dir='ltr'><strong>quo</strong></span> <span class='ocrx_word' id='word_1_1021' title='bbox 1787 3164 1967 3203; x_wconf 71' lang='lat' dir='ltr'><strong>accesseris,</strong></span> 
     </span>
     <span class='ocr_line' id='line_1_131' title="bbox 964 3204 1968 3242; baseline 0.008 -8"><span class='ocrx_word' id='word_1_1022' title='bbox 964 3204 1148 3235; x_wconf 75' lang='lat' dir='ltr'><strong>considere.-</strong></span> <span class='ocrx_word' id='word_1_1023' title='bbox 1174 3215 1205 3235; x_wconf 88' lang='lat' dir='ltr'>v.</span> <span class='ocrx_word' id='word_1_1024' title='bbox 1227 3206 1341 3237; x_wconf 88' lang='lat' dir='ltr'><strong>Herm.</strong></span> <span class='ocrx_word' id='word_1_1025' title='bbox 1369 3207 1409 3237; x_wconf 83' lang='lat' dir='ltr'>ad</span> <span class='ocrx_word' id='word_1_1026' title='bbox 1427 3207 1507 3238; x_wconf 86' lang='lat' dir='ltr'>Eur.</span> <span class='ocrx_word' id='word_1_1027' title='bbox 1527 3208 1657 3239; x_wconf 90' lang='lat' dir='ltr'><strong>Hecub.</strong></span> <span class='ocrx_word' id='word_1_1028' title='bbox 1681 3205 1780 3240; x_wconf 83' lang='lat'>1052.</span> <span class='ocrx_word' id='word_1_1029' title='bbox 1810 3207 1885 3242; x_wconf 85' lang='grc' dir='ltr'>εὖτε</span> <span class='ocrx_word' id='word_1_1030' title='bbox 1909 3211 1968 3242; x_wconf 84' lang='grc' dir='ltr'>νῦν</span> 
     </span>
     <span class='ocr_line' id='line_1_132' title="bbox 964 3247 1968 3329; baseline 0.008 -47"><span class='ocrx_word' id='word_1_1031' title='bbox 964 3247 1084 3329; x_wconf 63' lang='grc' dir='ltr'>ἕδραὸςῦ</span> <span class='ocrx_word' id='word_1_1032' title='bbox 1097 3251 1241 3296; x_wconf 81' lang='grc' dir='ltr'>πρώτων</span> <span class='ocrx_word' id='word_1_1033' title='bbox 1274 3250 1327 3297; x_wconf 75' lang='grc' dir='ltr'>ἐφ’</span> <span class='ocrx_word' id='word_1_1034' title='bbox 1367 3250 1463 3297; x_wconf 79' lang='grc' dir='ltr'>ὑμῶν</span> <span class='ocrx_word' id='word_1_1035' title='bbox 1503 3252 1606 3299; x_wconf 80' lang='grc' dir='ltr'>τῆσδε</span> <span class='ocrx_word' id='word_1_1036' title='bbox 1637 3257 1702 3300; x_wconf 76' lang='grc' dir='ltr'>γῆς</span> <span class='ocrx_word' id='word_1_1037' title='bbox 1736 3250 1859 3301; x_wconf 74' lang='grc' dir='ltr'>ἕκαμψ’</span> <span class='ocrx_word' id='word_1_1038' title='bbox 1901 3254 1968 3302; x_wconf 82' lang='grc' dir='ltr'>ἐγώ</span> 
     </span>
    </p>
   </div>
   <div class='ocr_carea' id='block_1_20' title="bbox 1033 3350 1968 3402">
    <p class='ocr_par' dir='ltr' id='par_1_20' title="bbox 1033 3350 1968 3402">
     <span class='ocr_line' id='line_1_133' title="bbox 1033 3350 1968 3402; baseline 0.004 -12"><span class='ocrx_word' id='word_1_1039' title='bbox 1033 3350 1100 3390; x_wconf 80' lang='grc' dir='ltr'>Κόἷ</span> <span class='ocrx_word' id='word_1_1040' title='bbox 1108 3350 1222 3402; x_wconf 77' lang='grc' dir='ltr'>νᾶχή</span> <span class='ocrx_word' id='word_1_1041' title='bbox 1255 3359 1417 3397; x_wconf 71' lang='lat' dir='ltr'><strong>strepitus.</strong></span> <span class='ocrx_word' id='word_1_1042' title='bbox 1462 3359 1514 3390; x_wconf 93' lang='lat' dir='ltr'>De</span> <span class='ocrx_word' id='word_1_1043' title='bbox 1539 3368 1618 3391; x_wconf 86' lang='lat' dir='ltr'><strong>sono</strong></span> <span class='ocrx_word' id='word_1_1044' title='bbox 1647 3360 1824 3392; x_wconf 83' lang='lat' dir='ltr'><strong>tibiarum:</strong></span> <span class='ocrx_word' id='word_1_1045' title='bbox 1865 3357 1968 3399; x_wconf 79' lang='grc' dir='ltr'>αὐλὸς</span> 
     </span>
    </p>
   </div>
   <div class='ocr_carea' id='block_1_21' title="bbox 67 3395 1968 3455">
    <p class='ocr_par' dir='ltr' id='par_1_21' title="bbox 7 3395 1968 3455">
     <span class='ocr_line' id='line_1_134' title="bbox 67 3395 1968 3455; baseline 0.006 -23.663"><span class='ocrx_word' id='word_1_1046' title='bbox 7 3395 308 3446; x_wconf 68' lang='grc' dir='ltr'>κάνακίρναται</span> <span class='ocrx_word' id='word_1_1047' title='bbox 339 3399 441 3434; x_wconf 87' lang='grc' dir='ltr'>ποτόν</span> <span class='ocrx_word' id='word_1_1048' title='bbox 474 3401 608 3440; x_wconf 86' lang='lat' dir='ltr'><strong>Thyest.</strong></span> <span class='ocrx_word' id='word_1_1049' title='bbox 629 3398 710 3442; x_wconf 88' lang='lat'>239,</span> <span class='ocrx_word' id='word_1_1050' title='bbox 731 3399 764 3434; x_wconf 82' lang='lat'>8.</span> <span class='ocrx_word' id='word_1_1051' title='bbox 786 3419 826 3425; x_wconf 95' lang='lat'>-</span> <span class='ocrx_word' id='word_1_1052' title='bbox 857 3401 872 3443; x_wconf 78' lang='lat' dir='ltr'>ss</span> <span class='ocrx_word' id='word_1_1053' title='bbox 895 3401 925 3436; x_wconf 77' lang='grc' dir='ltr'>ὦ</span> <span class='ocrx_word' id='word_1_1054' title='bbox 961 3399 1025 3435; x_wconf 84' lang='grc' dir='ltr'>οὐκ</span> <span class='ocrx_word' id='word_1_1055' title='bbox 1047 3400 1207 3448; x_wconf 83' lang='grc' dir='ltr'>ἀναρσίαν</span> <span class='ocrx_word' id='word_1_1056' title='bbox 1236 3401 1343 3450; x_wconf 76' lang='grc' dir='ltr'>ἰάχων</span> <span class='ocrx_word' id='word_1_1057' title='bbox 1360 3401 1472 3450; x_wconf 81' lang='grc' dir='ltr'>[ἀχῶν</span> <span class='ocrx_word' id='word_1_1058' title='bbox 1489 3406 1591 3437; x_wconf 89' lang='lat' dir='ltr'><strong>Dind.</strong></span> <span class='ocrx_word' id='word_1_1059' title='bbox 1613 3416 1640 3438; x_wconf 89' lang='lat' dir='ltr'>c.</span> <span class='ocrx_word' id='word_1_1060' title='bbox 1660 3405 1798 3451; x_wconf 66' lang='lat' dir='ltr'><strong>Elmsl]</strong></span> <span class='ocrx_word' id='word_1_1061' title='bbox 1813 3407 1968 3455; x_wconf 77' lang='grc' dir='ltr'>καναχάν</span> 
     </span>
    </p>
   </div>
  </div>
 </body>
</html>
