2288 3600
146 131 245 180 490

1135 125 1194 179 ζΟ

2061 3 2064 9 ·
2079 15 2081 18 .
2095 1 2122 36 ι’.
2135 0 2288 50 ’ἲῖγᾋν

1887 143 1936 191 [11
1946 156 1982 188 p.
1994 142 2212 191 σιτ-222.)

140 246 309 293 λαμναίος
327 266 367 272 -
385 247 430 282 τὰ
454 247 714 306 παλιντριβῆχ-
733 248 771 282 τὸ
789 250 992 295 πανοῦργον,
1025 247 1068 283 τὰ
1085 260 1153 282 πα-
1187 253 1258 284 νεῖν
1274 251 1334 284 OR
1349 248 1418 283 722
1434 252 1457 283 i.
1478 261 1508 283 e.
1530 249 1614 297 πρὸς
1631 250 1752 290 παιδὸς
1770 249 1901 293 θανεῖν,
1915 250 1998 298 ὅπερ
2039 262 2059 285 ν
2074 250 2114 286 τὸ
2131 250 2202 286 δει-

140 297 267 341 νοῦργα
284 314 325 320 —-
345 294 363 329 6
380 298 458 337 πᾶς,
478 295 516 329 τὸ
534 297 612 335 πᾶν,
633 307 676 329 τα
693 295 805 330 πάντα
823 313 863 320 -
884 293 902 329 6
919 294 1153 341 πατροκτόνος
1187 297 1246 331 νὸν
1266 296 1283 332 ὃ
1304 295 1475 343 ἐφοβεῖτο.

143 361 184 367 -
203 343 240 377 τὸ
259 342 375 377 πιστόν
393 361 435 368 -—-
455 342 488 376 οἱ
505 341 600 388 πλέῳ
619 361 660 367 -
681 342 714 377 οἱ
739 341 899 387 πολέμιοι
918 361 960 368 -
978 342 1016 377 τὸ
1042 341 1153 377 πολύ-

141 401 245 425 πονον
263 408 305 414 -
323 390 356 424 οἱ
373 387 507 432 πολλοί,
526 388 569 423 τὰ
586 388 712 432 πολλά,
739 389 782 424 τὰ
800 388 921 431 πλείω,
949 388 992 423 τὰ
1009 389 1154 424 πλεῖστα

139 449 172 471 v.
194 435 300 476 πολύς
320 455 361 461 --
381 435 398 471 6
423 435 573 483 πρέσβυς
593 455 633 460 -
653 435 670 470 6
689 435 941 484 προστρόπαιος
961 457 1001 462 -
1021 436 1039 471 6
1065 449 1153 482 προ-

143 483 302 539 φέρτερος
321 503 362 508 -
381 483 419 518 τὸ
443 489 591 526 πρῶτον,
618 482 662 517 τὰ
687 488 808 530 πρῶτα
826 502 867 508 -
886 482 930 517 τὰ
956 483 1092 531 σκληρά
1109 503 1150 508 --

143 540 161 566 ο
179 531 254 573 σός,
282 531 319 565 τὸ
339 530 415 573 σόν,
443 530 486 565 τὰ
503 530 546 565 σά
564 549 605 555 —-
625 530 659 565 οἱ
682 530 783 577 σοφοί
813 529 865 575 (οἱ
889 530 1150 578 σοφώτατοι]-

141 580 191 613 τὼ
208 579 357 625 στυγερώ
369 578 455 612 -τὸ
475 578 680 625 συγγενές-
698 578 741 612 τὰ
759 576 1004 623 συμβόλαια-
1023 578 1047 623 ή
1065 577 1153 623 σύμω

143 637 255 673 μαχος
275 645 315 650 ——
335 626 367 660 οἱ
384 625 577 671 σύμπαντες
595 645 636 650 -
655 625 698 659 τὰ
715 624 875 672 σύμφορα
893 644 934 650 -
954 625 972 659 6
989 623 1107 667 τάλας,
1128 625 1151 670 ἡ

140 671 283 707 τάλαινα
302 691 343 697 -—
368 673 402 707 οἱ
422 676 559 720 ταχεῖς,
589 671 607 706 6
632 672 794 720 τάχιστος
813 691 854 696 -—
872 671 910 706 τὸ
928 672 1083 718 τερπνόν,
1110 672 1153 706 τὰ

141 732 177 754 τε
199 720 267 754 πνά
285 741 326 745 -
346 719 363 754 6
386 718 531 765 τλήμων
551 738 591 744 -
613 718 630 753 6
654 717 783 765 τυφλός
800 738 846 743 -
870 718 913 753 τοὶ
937 718 1053 766 φαῦλα
1072 738 1113 743 -—
1135 718 1152 753 6

141 733 250 815 φίλος,
270 767 309 802 τὸ
328 766 426 815 φίλον
442 786 482 791 -
499 765 516 801 6
533 766 670 814 χείρων,
686 765 729 800 τὰ
741 765 882 813 χείρονα
898 785 938 791 -
952 765 970 800 6
987 766 1148 814 χρηστός,

141 814 174 849 οἱ
190 813 345 862 χρηστοί,
369 813 412 848 τὰ
426 815 561 861 χρηστά
578 833 619 838 —-
637 813 680 848 τὰ
698 812 821 860 ψευδῆ.

210 865 243 895 b.
274 863 519 902 Partietpia
542 873 619 894 cum
643 862 782 894 articulo
808 862 1021 894 substantive
1047 862 1145 893 dicta.

141 908 159 943 6
177 907 269 955 ἄγων
289 928 330 933 —-
350 908 367 942 6
386 907 548 956 ἁμαρτών
564 907 624 952 (τὰ
640 907 886 955 ἡμαρτημένα)
900 927 940 933 —-
960 906 977 941 6
995 907 1150 942 ἀνάσσων

139 975 186 981 ——
202 955 235 991 οἱ
250 954 459 994 ἀπολλύντες
489 975 530 980 -
557 955 590 990 οἱ
614 955 795 1002 ἀργοῦντες
815 974 855 980 -
886 954 904 989 6
923 953 1038 1000 βαλών
1059 974 1100 980 -
1120 955 1151 989 οἱ

141 1002 343 1049 βλαστόντες
370 1021 411 1027 -
439 1003 471 1037 οἱ
497 1001 679 1048 βλέποντες
706 1021 747 1027 -
770 1002 808 1036 τὸ
836 1001 912 1036 δέον
936 1021 977 1027 -
1003 1001 1035 1036 οἱ
1053 1001 1152 1037 δεδε-

139 1050 259 1098 γμένοι
279 1070 320 1075 —-
347 1050 365 1085 6
392 1049 503 1084 δοκῶν
523 1068 564 1075 -—
585 1049 603 1084 6
621 1048 701 1088 δούς
720 1067 761 1073 ——
790 1049 808 1083 6
833 1049 941 1096 δρῶν,
970 1048 994 1094 ἡ
1021 1048 1146 1096 δρῶσα,

138 1097 181 1132 τοὶ
204 1096 361 1144 δρώμενα
380 1116 421 1122 —-
441 1096 474 1131 οἱ
500 1096 739 1143 ὃυσσεβοῦντες
758 1116 799 1122 --
826 1095 843 1131 6
862 1095 1037 1144 δυστυχῶν
1057 1115 1098 1122 -—
1118 1096 1151 1130 οἱ

139 1143 266 1183 εἰδότες
285 1163 326 1170 -—
346 1143 363 1178 6
381 1145 440 1185 ὤν,
471 1143 503 1178 οἱ
520 1142 625 1186 ὄντες,
652 1143 696 1178 τὰ
713 1142 794 1178 ὄντα
813 1162 854 1168 —
874 1143 906 1178 οἱ
924 1142 1151 1189 ἐκπράξᾱντες

140 1211 182 1217 —-
201 1192 218 1227 6
237 1191 374 1240 ἐπάγων
395 1210 436 1216 -
455 1190 658 1238 οὑπαρήξων
678 1211 719 1217 -
739 1191 771 1225 οἱ
796 1189 942 1238 ἐρῶντες
961 1209 1002 1215 -
1029 1191 1062 1225 οἱ
1091 1190 1151 1224 έκ-

141 1238 302 1285 βαλόντες
328 1258 370 1264 -
387 1237 587 1277 τούπιόντος
604 1237 798 1283 (τῶπιόντι)
823 1257 864 1262 -
892 1236 1150 1283 οὑπιβουλεύων

142 1306 183 1312 -
211 1286 244 1321 οἱ
267 1284 519 1333 ἐξηρπασμένοι
544 1305 584 1311 —-
608 1285 652 1320 τὰ
676 1284 863 1331 εἰρημένα,
892 1284 946 1330 (τὸ
967 1283 1089 1332 ῥηθέν)
1115 1297 1147 1318 v.

139 1333 228 1381 ἐρεῖν
247 1352 288 1359 ——
315 1333 333 1367 6
359 1332 513 1381 εὐτυχῶν
542 1353 584 1358 -
610 1332 642 1367 οἱ
667 1331 684 1366 ἐ
713 1337 856 1371 εστῶτες
885 1352 926 1357 --
953 1331 971 1366 6
997 1332 1089 1381 ἔχων
1107 1351 1148 1357 --

139 1381 157 1416 6
175 1380 241 1422 ζῶν
261 1399 302 1406 -—-
322 1379 354 1415 οἱ
378 1379 566 1428 ἡγούμενοι
583 1400 624 1406 -——
651 1378 669 1414 6
686 1345 800 1415 θέλων
821 1398 861 1404 -
888 1378 906 1414 6
924 1378 1039 1414 θανών
1059 1398 1100 1404 -
1119 1379 1151 1414 οἱ

141 1428 270 1475 ἰγμένοι
295 1447 336 1453 --
361 1427 405 1462 τὰ
420 1426 624 1462 καθεστῶτα
638 1446 685 1452 -
702 1426 720 1461 6
745 1425 1029 1473 καλλικοτταβῶν
1049 1446 1094 1452 -
1110 1426 1153 1461 τὰ

137 1488 184 1510 κα
230 1474 422 1522 πειλημένα
448 1493 489 1501 --
518 1474 535 1509 6
559 1474 718 1520 κείμενος
733 1494 773 1500 -
800 1472 985 1521 ὁκηρύξας
1008 1473 1068 1518 (τὰ
1085 1485 1153 1521 κη-

141 1535 204 1571 puy
234 1522 330 1568 έντα)
348 1541 390 1548 -
411 1521 429 1556 6
445 1521 592 1569 κραίνων
613 1541 653 1546 -
673 1522 706 1556 οἱ
722 1521 956 1567 κοσμούμενοι
970 1541 1014 1546 -
1031 1521 1048 1555 6
1066 1533 1154 1569 κρα-

138 1564 208 1605 τῶν
231 1569 282 1614 (oi
305 1569 527 1616 κρατοῦντες)
546 1588 586 1595 -
607 1570 624 1604 6
643 1568 857 1614 κεκτημένος
881 1568 921 1614 (ἡ
938 1580 1019 1603 κεκι
1049 1568 1153 1615 μέν-η)

142 1636 184 1643 -—
203 1616 222 1652 6
238 1618 371 1651 κτανών
392 1636 432 1642 -
452 1616 469 1652 6
487 1615 655 1651 κωλύσων
675 1623 716 1640 -“-
736 1615 754 1650 6
771 1615 881 1662 λέγων
898 1615 957 1660 (τὰ
969 1581 1154 1663 λεχγθέντα)

141 1664 239 1708 -,τὸ
255 1663 386 1699 λυποῦν
406 1682 446 1688 -
467 1662 485 1698 6
511 1662 626 1710 μεθείς
645 1682 686 1688 --
706 1662 743 1697 τὸ
772 1661 898 1708 μέλλον
919 1682 960 1687 -
978 1663 1016 1697 τὸ
1032 1663 1151 1704 νέαζον

140 1709 233 1746 -”τὸ
249 1709 411 1756 νομισθέν
426 1730 468 1736 -
483 1710 502 1746 6
517 1717 627 1746 νοσῶν
643 1730 684 1736 --
703 1710 736 1745 οί
754 1710 908 1751 ξυνόντες
924 1710 1150 1756 ν.σύνειμι-

140 1758 173 1794 οἱ
193 1758 368 1807 οἰχόμενοι
381 1778 421 1784 -
433 1758 466 1793 οἱ
485 1757 746 1805 ὀρθούμενοι-
764 1757 796 1792 οἱ
817 1756 984 1796 παθόντες
997 1776 1036 1783 -
1050 1757 1067 1792 6
1085 1770 1154 1792 πα-

140 1807 219 1853 ρών,
231 1804 432 1852 τὰπαρόντα
442 1824 483 1831 -
496 1805 540 1840 τὰ
549 1803 765 1851 παρελθόντα
776 1824 815 1830 -
827 1804 845 1839 6
859 1804 1020 1850 πέμπων,
1034 1804 1052 1839 6
1063 1805 1153 1851 πέμ-

138 1854 218 1901 ψας,
238 1852 271 1888 οἱ
286 1852 481 1900 πέμψαντες
497 1871 538 1878 --
556 1853 595 1887 τὸ
612 1856 788 1900 πημαῖνον
807 1872 848 1878 -
867 1852 905 1886 τὸ
923 1851 1055 1887 ποθοῦν
1067 1872 1108 1878 -
1120 1852 1152 1887 οἱ

139 1899 386 1947 ποιούμενοι-
397 1900 618 1938 οἰπονοῦντες
629 1919 670 1925 ——
681 1899 698 1934 6
716 1899 876 1946 πράσσων
891 1904 926 1932 et
936 1899 968 1934 οἱ
981 1899 1153 1945 πράσσον-

136 1959 192 1987 τες
205 1946 255 1990 εὖ,
271 1951 400 1992 κακῶς,
420 1946 464 1982 τὰ
480 1946 715 1994 πεπραγμένα,
734 1946 771 1981 τὸ
790 1945 957 1994 πραχθέν,
977 1946 1021 1982 τὰ
1037 1958 1153 1994 πραχ-

137 1993 292 2031 θέντα-
303 1994 341 2029 τὸ
359 1993 592 2041 προκείμενον,
614 1994 656 2028 τὰ
673 1992 883 2041 προκείμενα
894 2012 935 2018 -—
947 1993 985 2028 τὸ
1003 1994 1152 2040 προσέρ-

139 2054 203 2078 πον
222 2062 263 2068 -
283 2041 302 2076 6
318 2040 527 2090 προσθακῶν
542 2061 584 2067 -
602 2041 640 2076 τὸ
658 2052 787 2087 προστα
816 2040 875 2076 θέν
889 2060 930 2066 -—
949 2040 982 2076 οἱ
999 2041 1152 2076 σκοπού-

142 2101 238 2136 μενοι
253 2088 325 2134 (εὖ)
343 2108 383 2115 -
403 2089 436 2123 οἱ
461 2088 662 2128 σπεύδοντες
678 2108 725 2114 —
742 2088 775 2123 οἱ
819 2087 1020 2135 στερημένοι
1042 2108 1083 2113 -—
1111 2088 1150 2123 τὸ

141 2136 325 2184 συμφέρον,
344 2135 387 2171 τὰ
405 2136 622 2183 συμφέροντα
637 2155 685 2161 ——
702 2135 720 2170 6
738 2134 872 2174 συνθείς
892 2154 933 2160 -
953 2135 985 2170 οἱ
1003 2134 1152 2182 σφαλέν-

129 2196 195 2222 ντες
212 2202 253 2209 -
272 2183 310 2218 τὸ
325 2181 455 2232 ταχθέν
475 2202 516 2208 -
535 2182 578 2218 τὰ
594 2183 763 2229 τέρποντα
781 2201 823 2208 -
842 2182 865 2228 ἡ
882 2182 1063 2225 τίκτουσα,
1092 2194 1151 2217 τε-

138 2233 258 2271 κοῦσα,
287 2231 305 2266 6
321 2231 442 2272 τεκών,
471 2230 504 2265 οἱ
521 2230 677 2269 τεκόντες
697 2248 738 2254 -
759 2229 776 2264 6
792 2229 982 2275 τολμήσας,
1010 2230 1045 2264 αἱ
1067 2229 1149 2264 τολ-

141 2283 304 2324 μῶσαι-
326 2277 359 2313 οἱ
381 2276 774 2323 ὑποπλεκτόμενοι-τὸ
793 2275 922 2324 φανθέν
934 2295 975 2301 -
992 2277 1031 2311 τὸ
1049 2289 1150 2323 φατι-

140 2325 283 2371 ζόμενον
303 2345 344 2350 -
362 2324 400 2359 τὸ
426 2323 529 2372 φέρον
550 2343 589 2350 -·
610 2324 643 2359 οἱ
665 2322 896 2371 φθονούμενοι
915 2343 955 2349 --
975 2323 993 2358 6
1019 2323 1151 2372 φοβού-

141 2384 242 2418 μενος
261 2390 302 2397 -
321 2371 354 2407 οἱ
371 2371 595 2430 φονεύσαντες
613 2391 656 2397 —-—
676 2371 693 2406 6
719 2370 851 2418 φράσας
868 2390 907 2396 -
929 2371 964 2406 αἱ
982 2375 1151 2418 φρονοῦν-

136 2431 191 2458 τες
207 2418 280 2464 (εὖ)
297 2438 338 2446 -—
354 2431 392 2453 το
409 2418 524 2458 καλῶς
541 2418 706 2466 πεφυκός,
734 2418 752 2453 6
770 2418 893 2466 φύσας,
922 2418 955 2453 οἱ
972 2418 1151 2466 φύσαντες,

140 2485 181 2492 ...
200 2465 218 2502 6
236 2465 416 2514 φυτεύσας,
437 2466 470 2501 οἱ
487 2466 711 2514 φυτεύσαντες
731 2484 771 2490 -
789 2465 832 2499 τοὶ
847 2463 1060 2558 χρησθένὲρὶι.1
1098 2511 1119 2546 9
1136 2511 1151 2554 )

891 2515 924 2546 11
940 2524 975 2556 p.
1067 2539 1074 2554 ,
1124 2539 1130 2545 .

209 2559 242 2594 3.
269 2562 378 2603 Haec,
406 2572 492 2603 quae
509 2562 618 2594 adhuc
634 2561 921 2603 pertractavimus,
948 2563 1060 2594 omnia
1075 2561 1151 2592 sub—

139 2612 256 2641 iectam
280 2609 446 2651 quandem
470 2609 524 2641 vel
541 2609 699 2641 obiectam
715 2609 886 2641 notionem
903 2609 957 2640 vel
975 2609 1078 2640 solam
1096 2609 1149 2640 vel

138 2657 298 2689 attributo
314 2660 446 2688 auctam
463 2660 626 2697 spectant.
641 2673 745 2687 -.-
772 2655 820 2688 At
831 2655 1043 2696 praedicatis,
1064 2665 1149 2697 quae

138 2704 312 2742 dicuntur,
333 2703 522 2736 notionibus
539 2704 700 2735 articulus
717 2712 784 2735 non
803 2703 902 2734 aliter
918 2703 1063 2742 additur,
1084 2703 1151 2734 nisi

138 2751 270 2792 quando
294 2751 374 2783 illae
397 2751 546 2783 adhibito
570 2750 769 2791 pronomine
793 2747 913 2787 ὅστις
938 2751 983 2788 (is
1008 2751 1079 2790 qui)
1095 2759 1149 2781 re-

138 2798 223 2830 solvi
240 2802 275 2830 et
291 2799 452 2840 explicari
468 2801 623 2838 possunt.
652 2798 692 2829 In
709 2797 771 2829 hoo
791 2806 914 2837 genere
937 2796 984 2830 τὸ
1010 2808 1067 2842 μη
1078 2793 1095 2828 δ
1107 2795 1149 2829 ὲν

139 2843 256 2878 εἶναι
273 2846 308 2876 in
326 2855 358 2877 V.
407 2842 502 2890 ηδείς
519 2845 703 2885 tetigimus.
748 2841 813 2877 οὐκ
828 2839 878 2888 ἆρ’
899 2841 916 2877 6
935 2842 1081 2888 πέρσων,
1103 2843 1150 2880 ὡς

141 2890 158 2925 ἐ
187 2889 298 2926 dcxc-e
321 2889 382 2936 είμ
407 2889 493 2937 ἐγώ;
519 2891 580 2924 Ph.
604 2888 681 2923 114.
726 2884 776 2924 ὅδ’
791 2888 835 2935 ἦν
853 2888 920 2936 ἄρα
938 2889 955 2924 6
974 2887 1150 2935 ξυλλαβών

140 2902 222 2979 979,
243 2940 301 2971 ubi
317 2939 506 2971 invertatur
522 2939 699 2971 verborum
716 2938 975 2970 ordinandorum
990 2938 1072 2969 ratio
1084 2946 1150 2968 non

141 2986 216 3018 sine
243 2986 434 3018 sententiae
459 2987 551 3026 gravi
575 2985 794 3024 detrimento,
832 2985 933 3026 plane
957 2988 996 3016 ut
1019 2985 1056 3016 in
1083 2983 1151 3029 ἐγὼ

138 3030 202 3078 γὰρ
219 3029 285 3077 εἴμ’
303 3030 321 3066 6
340 3029 510 3077 πορσύνας
525 3030 606 3066 τάδε
623 3032 681 3065 OR
700 3028 801 3064 1476.
846 3026 896 3064 ὅδ’
913 3025 985 3065 ἔσθ’
1003 3030 1020 3065 6
1041 3031 1151 3068 σώσας

140 3079 196 3113 OG
216 3077 318 3111 1117.
358 3077 408 3116 τίς
425 3077 558 3123 ἀνδρῶν
575 3077 618 3124 ἠν
637 3077 655 3112 6
671 3076 849 3135 τολμήσας
865 3076 946 3112 τάδε
962 3079 1044 3110 Ant.
1066 3075 1146 3110 248.

166 3125 239 3173 άρις
263 3124 364 3173 χάριν
387 3124 453 3171 γάρ
477 3124 564 3159 ἐστιν
589 3124 612 3170 ἡ
636 3124 775 3159 τίκτουσ
809 3123 861 3159 ἀεί
885 3126 940 3159 Ai.
962 3122 1040 3158 522.
1085 3122 1151 3171 οὐχ

139 3137 189 3208 66⁵
221 3171 265 3218 ἦν
299 3171 316 3206 6
348 3170 438 3219 δρῶν
469 3170 569 3213 τάδε;
609 3169 710 3205 1280.
775 3169 823 3205 ὅδ’
856 3170 899 3218 ἦν
933 3170 951 3205 6
991 3170 1151 3217 πράσσων

140 3221 248 3254 ταῦτα
273 3216 374 3252 1288.
418 3220 486 3253 Sed
508 3219 565 3252 OR
582 3217 667 3260 755,
697 3220 850 3260 quamvis
873 3219 983 3251 simile
1002 3219 1153 3251 videatur

139 3268 191 3299 illi
215 3267 296 3299 Ant.
309 3263 392 3308 248,
420 3267 571 3299 consulto
596 3275 663 3298 non
690 3267 869 3298 retulimus
894 3266 971 3298 huc.
995 3283 1036 3289 —
1062 3265 1076 3307 ΙΙ
1102 3263 1154 3298 Si-

144 3313 235 3345 milis
251 3314 334 3346 ratio
351 3322 554 3354 epeaeeyeseoe
571 3316 633 3345 est.
661 3311 700 3346 τὸ
717 3310 744 3345 δ’
762 3310 938 3357 ἁλώσιμον
956 3310 1028 3358 ἐμᾷ
1047 3322 1154 3358 φρον-

141 3357 207 3392 τίδι
232 3359 291 3391 Ph.
318 3356 385 3392 863
412 3361 462 3392 ch.
491 3361 516 3393 i.
545 3370 576 3401 q.
604 3358 686 3403 ὅπερ
721 3357 897 3404 ἁλώσιμόν
925 3357 1024 3392 ἐστιν.
1076 3356 1154 3393 οὔτε

143 3403 249 3444 Λάιον
274 3403 429 3450 (ἤνυσεν)
452 3405 492 3440 τὸ
518 3405 626 3442 δεινὸν
649 3404 832 3454 οὒφοβεῖτο
850 3405 934 3456 πρὸς
951 3404 1071 3444 παιδὸς
1088 3403 1154 3440 θα-

1903 296 1955 343 (ΙΙ
1971 309 2005 343 p.
2048 295 2106 341 21,
2125 295 2204 343 24.)

1259 390 1292 423 4.
1322 393 1495 434 Infinitive
1520 394 1614 426 verbi
1630 394 1810 426 adiunctus
1827 395 1990 426 articulus
2006 393 2203 426 eubaeantivi

1190 443 1342 472 naturam
1359 441 1566 481 impertitur.
1604 451 1632 473 a.
1654 440 1669 483 Η
1685 450 1764 472 casa
1780 443 1986 475 nominativo
2003 440 2145 473 dicitur.-
2161 439 2202 475 τὸ

1189 485 1248 520 καὶ
1264 484 1384 531 λαβεῖν
1403 484 1632 533 πρόσφθεγμα
1650 488 1708 519 Ph.
1726 485 1807 520 234.
1835 487 1874 522 τὸ
1891 486 1989 522 πλεῖν
2006 484 2101 533 ἡμᾶς
2117 484 2197 521 963.

1188 532 1226 567 τὸ
1251 535 1332 579 γοῦν
1350 528 1389 567 'ic'
1409 531 1577 573 ἀντιλέξαι
1594 535 1652 567 OR.
1668 532 1748 567 408.
1791 533 1830 569 τὸ
1849 537 1967 582 τυχεῖν
1984 534 2116 569 αὐτοῖσι
2132 536 2200 568 πᾶν

1190 577 1268 613 598.
1313 579 1352 614 τὸ
1379 579 1519 627 φθονεῖν
1546 578 1624 614 624.
1668 581 1705 615 τὸ
1723 579 1788 627 γὰρ
1804 582 1867 627 τὴν
1887 576 2035 629 φροντίδ’
2053 580 2118 622 ἔξω
2133 586 2202 616 τῶν

1188 632 1306 661 κακῶν
1333 626 1439 662 οἰκεῖν
1460 626 1567 674 γλυκύ
1588 625 1690 661 1389.
1732 627 1771 662 τὸ
1788 626 1973 663 κατθανεῖν
1990 628 2048 663 καὶ
2064 627 2104 663 τὸ
2120 627 2201 664 λευ-

1190 672 1313 708 σθ”ναι
1339 675 1395 708 OG
1421 672 1501 707 435.
1545 674 1624 709 τούν
1649 673 1799 720 δόμοισιν
1821 674 1865 721 ἦν
1883 673 2076 711 διαιτᾶσθαι
2090 674 2200 722 γλυκύ

1189 719 1233 754 76
1261 748 1268 754 .
1312 721 1350 755 τό
1368 717 1396 755 τ’
1413 720 1521 756 εἰπεῖν
1539 720 1654 756 πολλὰ
1669 722 1728 756 καὶ
1745 722 1787 757 τὰ
1803 722 1920 770 καίρια
1934 721 2015 756 808.
2059 721 2198 770 αἰσχρὸν

1187 767 1225 802 τὸ
1252 768 1385 815 φεύγειν
1408 768 1467 803 καὶ
1488 769 1527 803 τὸ
1552 767 1718 817 γελᾶσθαι
1745 767 1844 803 1422.
1890 769 1988 818 φασὶν
2007 768 2220 818 ἐκκεκηρῦγ

1187 815 1274 863 χθαι
1296 816 1334 850 τὸ
1362 815 1410 896 μη
1429 815 1528 863 τάφῳ
1545 815 1699 898 καλύῒαι
1716 818 1797 850 Ant.
1818 815 1874 850 27.
1918 816 1958 851 τὸ
1975 816 2038 864 γὰρ
2057 816 2199 864 περισσὰ

1188 862 1345 909 πράσσειν
1365 861 1386 896 6
1414 890 1420 896 .
1461 864 1500 898 τὸ
1519 863 1567 910 μὴ
1586 862 1635 897 εἰδ
1657 876 1711 897 ναι
1727 861 1796 897 263
1813 862 1860 909 [v.
1882 863 1988 910 οἷδα].
2020 864 2060 899 τὸ
2079 863 2119 898 ἐκ
2134 876 2200 899 κα-

1187 915 1258 944 κῶν
1276 910 1479 957 πεφευγέναι
1494 909 1576 944 437.
1607 909 1714 958 ἄνδρα
1729 910 1768 945 τὸ
1787 909 1970 956 μανθάνειν
1988 909 2101 946 πολλά
2119 909 2201 944 710.

1189 969 1265 990 cum
1281 959 1480 1000 hyperbato:
1501 956 1608 992 καλὸν
1625 957 1664 992 τὸ
1682 957 1866 1004 μανθάνειν
1884 956 1964 991 723.
1999 957 2112 992 κοινόν
2131 957 2202 993 ἐστι

1186 1003 1471 1052 τούξαμαρτάνειν
1492 1003 1594 1039 1024.
1621 1005 1659 1039 τό
1675 1000 1703 1039 τ’
1720 1003 1875 1039 εἰκαθεῖν
1893 1003 1956 1052 γὰρ
1971 1003 2078 1039 δεινόν
2095 1002 2195 1039 1096.

1189 1051 1246 1086 ἐὰν
1266 1051 1292 1084 δ’
1310 1051 1385 1099 ἀπῇ
1399 1051 1437 1086 τὸ
1454 1051 1584 1099 χαίρειν
1606 1050 1706 1085 1170.
1733 1050 1854 1098 πολλῷ
1872 1053 1910 1087 τὸ
1928 1055 2066 1099 φρονεῖν
2083 1050 2210 1086 εύδαι-·

1189 1098 1306 1144 μονίας
1335 1104 1468 1147 πρῶτον
1494 1098 1641 1146 ὑπάρχει
1669 1098 1758 1132 1347
1782 1110 1835 1132 an.
1888 1099 1927 1134 τὸ
1954 1098 2003 1144 μὴ
2029 1097 2200 1135 πυθέσθαι

1188 1148 1243 1179 Tr.
1273 1144 1329 1180 66.
1380 1146 1419 1180 τὸ
1448 1149 1601 1181 νοσοῦντι
1629 1145 1748 1193 ληρεῖν
1774 1145 1896 1194 ἀνδρὸς
1920 1145 1998 1193 οὐχὶ
2023 1147 2199 1195 σώφρονος

1186 1191 1265 1227 435.
1309 1193 1348 1228 τὸ
1375 1193 1423 1239 μὴ
1450 1191 1642 1234 πυθέσθαι,
1670 1196 1771 1228 τοῦτο
1798 1188 1828 1238 μ’
1856 1192 2030 1239 ἀλγύνειεν
2056 1192 2096 1228 ἄν
2113 1192 2195 1228 458.

1185 1241 1224 1275 τὸ
1254 1240 1316 1285 μὲν
1346 1239 1459 1276 δοκεῖν
1491 1240 1597 1275 ἔνεστι
1623 1238 1702 1274 590.
1745 1240 1785 1275 τὸ
1836 1239 1878 1286 ἀρ
1908 1240 2061 1276 ἀπιστεῖν
2093 1239 2195 1275 1228.

1185 1288 1224 1322 τὸ
1256 1290 1411 1322 νοσοῦντι
1441 1286 1637 1333 θυμοῦσθαι
1660 1287 1769 1322 κακόν
1797 1286 1813 1320 1
1841 1286 1897 1321 30.
1941 1286 2059 1334 ἐπειδὴ
2083 1287 2201 1335 τέρψις

1186 1334 1248 1381 ἥδε
1275 1334 1327 1369 σοὶ
1351 1335 1389 1369 τὸ
1416 1334 1497 1382 δρᾶν
1516 1337 1570 1368 Ai.
1595 1333 1672 1368 114.
1715 1334 1755 1369 τὸ
1780 1334 1843 1382 γὰρ
1869 1333 2060 1369 ἐσλεύσσειν
2086 1334 2201 1370 οἰκεῖα

1189 1380 1285 1428 πάθη
1311 1380 1380 1416 260
1397 1393 1451 1416 an.
1495 1381 1553 1417 *τὸ
1581 1382 1630 1427 μὴ
1687 1385 1796 1428 ρονεῖν
1821 1381 1885 1428 γὰρ
1909 1380 2005 1430 κάρτ’
2028 1381 2201 1417 ἀνώδυνον

1187 1429 1295 1463 κακόν
1313 1427 1383 1463 554
1399 1432 1419 1462 b
1437 1429 1532 1475 [secl.
1554 1394 1682 1475 Brckffi
1709 1429 1749 1464 τὸ
1761 1427 1931 1476 τητᾶσθαι
1943 1427 2040 1463 πέλει
2053 1430 2106 1462 El.
2118 1426 2199 1463 265.

1190 1477 1298 1511 δεινὸν
1323 1476 1362 1511 τὸ
1387 1476 1511 1511 τίκτειν
1538 1475 1626 1510 ἐστίν
1652 1474 1731 1510 770.
1777 1475 1911 1523 πολλῆς
1937 1475 2056 1515 ἀνοίας
2080 1476 2140 1511 καὶ
2163 1477 2203 1512 τὸ

1189 1522 1362 1571 θηρᾶσθαι
1386 1523 1469 1558 κενά
1497 1522 1598 1557 1054.
1643 1523 1682 1558 τὸ
1708 1523 1770 1570 μὲν
1798 1522 1935 1570 μέλλειν
1960 1522 2068 1558 κακόν
2096 1521 2198 1558 1337.

1188 1571 1295 1606 κακὸν
1327 1571 1366 1606 τὸ
1398 1569 1532 1606 κεύθειν
1566 1573 1606 1604 fr.
1639 1572 1755 1604 Alead.
1787 1569 1865 1605 100.
1917 1569 2098 1605 κάλλιστόν
2132 1570 2202 1606 ἐστι

1187 1616 1364 1653 τούνδικον
1391 1618 1577 1664 πεφυκέναι
1603 1619 1719 1652 Oreus.
1749 1616 1828 1653 326.
1855 1618 1912 1652 ’τὸ
1943 1617 1991 1664 μὴ
2022 1617 2086 1665 γὰρ
2116 1616 2203 1653 εἶναι

1189 1669 1346 1713 κρεῖσσον
1364 1664 1387 1711 ἢ
1405 1665 1445 1700 τὸ
1463 1665 1524 1712 ζῆν
1542 1669 1659 1703 κακῶς
1677 1667 1748 1698 Pel.
1768 1663 1849 1699 436.
1891 1664 1931 1700 τὸ
1949 1664 2034 1711 πρὸς
2053 1663 2128 1710 βίαν
2146 1664 2204 1700 πί-

1189 1725 1255 1747 νειν
1273 1715 1339 1746 inc.
1362 1711 1441 1746 701.
1463 1731 1568 1745 -.-
1593 1715 1625 1745 b.
1647 1713 1661 1755 ΙΙ
1679 1723 1804 1745 casus
1828 1714 2107 1746 accusativus
2130 1713 2203 1746 ob-

1190 1763 1293 1793 iecti
1318 1772 1340 1793 a
1363 1761 1488 1792 verbo
1511 1761 1716 1801 pendens.
1762 1757 1844 1800 οὐκ,
1874 1759 1966 1793 εἰτὸ
1993 1756 2151 1806 σωθῆναί
2165 1771 2205 1806 γε

1189 1807 1227 1842 τὸ
1252 1807 1378 1854 ψεῦδος
1405 1807 1501 1854 φέρει
1518 1808 1578 1839 Ph.
1603 1804 1681 1839 109.
1725 1805 1789 1841 οὐκ
1815 1804 1855 1840 ἂν
1881 1805 2048 1853 ἀρνοίμην
2063 1807 2103 1841 τὸ
2122 1805 2140 1840 δ
2163 1809 2204 1841 ἄν

1192 1853 1268 1888 118.
1313 1850 1407 1889 πάντ’
1436 1853 1627 1899 ἐκπορίζει,
1657 1852 1748 1900 πλὴν
1772 1853 1811 1888 τὸ
1838 1853 1887 1900 μὴ
1908 1856 2020 1888 νοσεῖν
2038 1851 2103 1898 ἐμέ
2118 1851 2141 1886 2
2165 1851 2198 1887 9.

1188 1902 1227 1936 τὸ
1251 1901 1404 1936 σπεύδειν
1432 1900 1470 1935 δέ
1486 1912 1539 1935 σοι
1555 1905 1710 1946 παραινῶ
1729 1897 1807 1933 620.
1854 1914 1878 1945 μ
1906 1896 1934 1934 ’δ’
1951 1899 2006 1934 ἐπί
2054 1912 2148 1946 ωμεν
2164 1901 2203 1935 τὸ

1189 1948 1287 1983 πλεῖν
1305 1947 1384 1982 881.
1432 1947 1538 1990 ἔστιν,
1562 1947 1598 1985 ὅς
1617 1958 1653 1980 σε
1670 1946 1818 1981 κωλύσει
1834 1947 1873 1982 τὸ
1892 1950 1973 1994 ορᾶν
1995 1946 2011 1980 1
2062 1946 2095 1990 0,
2117 1950 2203 1990 quod

1188 1999 1313 2029 rectius
1340 1997 1514 2029 intellexit
1541 1996 1661 2028 Matth.
1693 1996 1732 2027 ad
1758 1996 1840 2027 Eur.
1867 1996 1971 2037 Hipp.
1999 1993 2063 2035 49,
2100 2005 2201 2037 quam

1187 2045 1303 2076 Herm.
1326 2044 1366 2076 ad
1386 2045 1437 2076 Ai.
1455 2040 1531 2075 114.
1563 2042 1600 2076 οὐ
1621 2041 1659 2075 δὲ
1676 2039 1839 2087 πείθομαι
1855 2041 1895 2077 τὸ
1913 2040 1993 2088 δρᾶν
2010 2040 2112 2076 1252.
2133 2052 2200 2076 non

1189 2093 1261 2124 sino
1289 2092 1482 2133 persuaderi
1511 2091 1615 2130 mihi,
1648 2091 1672 2121 i.
1702 2100 1730 2122 e.
1760 2099 1829 2122 non
1853 2089 1990 2122 concedo
2015 2101 2048 2122 v.
2078 2090 2196 2122 Herm.

1188 2137 1251 2172 οὐκ
1266 2136 1467 2184 ἠνεσχόμην
1484 2135 1540 2182 [ἂν
1559 2134 1731 2183 ἐσγόμην]
1746 2135 1785 2170 τὸ
1800 2136 1848 2183 μὴ
1863 2134 2060 2182 ἀποκλῇσαι
2070 2135 2198 2183 τούμὸν

1186 2183 1307 2219 ἄθλιον
1334 2183 1439 2229 δέμας
1458 2185 1515 2217 OR
1535 2177 1635 2217 1388.
1679 2182 1718 2217 τὸ
1745 2182 1825 2228 δρᾶν
1851 2181 1916 2217 οὐκ
1939 2181 2117 2229 ἠθέλησαν
2142 2183 2198 2217 ΟΟ

1186 2229 1265 2265 442.
1300 2230 1398 2278 εὖρον
1415 2231 1454 2265 τὸ
1474 2231 1522 2277 μὴ
1541 2230 1789 2277 ψευδοστομεῖν
1810 2228 1910 2263 1127.
1947 2230 1986 2265 τὸ
2003 2229 2068 2277 γὰρ
2086 2229 2196 2276 φιλεῖν

1187 2278 1250 2313 οὐκ
1268 2278 1356 2313 ἔστιν
1375 2277 1409 2317 ἐξ
1428 2277 1507 2312 ὅτου
1533 2277 1637 2312 πλέον
1657 2277 1774 2324 ἔσχετε
1794 2274 1895 2310 1617.
1929 2276 1989 2311 καὶ
2005 2277 2114 2324 πάρος
2131 2276 2199 2312 ἀπ-

1186 2325 1290 2373 έφυγε
1306 2325 1349 2359 τὰ
1367 2327 1462 2371 σφῷν
1479 2324 1518 2359 τὸ
1538 2325 1586 2371 μὴ
1605 2329 1733 2359 πιτνεῖν
1750 2328 1869 2362 κακῶς
1889 2322 1978 2357 1740
1995 2325 2046 2357 ch.
2090 2324 2129 2359 τὸ
2147 2325 2197 2371 μὴ

1185 2368 1362 2420 ’πιγωρεῖν
1393 2375 1467 2410 τοῖς
1492 2370 1686 2406 ἀπιστοῦσιν
1711 2370 1791 2405 τάδε
1816 2373 1898 2404 Ant.
1926 2368 1996 2405 219
2021 2382 2066 2404 sc.
2098 2371 2197 2406 ἐπεν-

1184 2414 1309 2454 τέλλω.
1360 2424 1424 2465 τῆς
1451 2418 1588 2457 ἐλπίδος
1610 2418 1673 2465 γὰρ
1692 2418 1840 2466 ἔρχομαι
1857 2415 2085 2464 δεδραγμένος
2102 2418 2142 2463 (i.
2162 2427 2194 2460 q.

1187 2467 1331 2508 ἐλπίζω)
1348 2467 1387 2501 τὸ
1407 2467 1454 2513 μὴ
1474 2465 1598 2500 παθεῖν
1617 2465 1656 2501 ἂν
1675 2464 1760 2500 ἄλλο
1775 2464 1865 2511 πλὴν
1880 2464 1918 2499 τὸ
1932 2465 2100 2512 μόρσιμον
2111 2463 2192 2498 236.

1186 2512 1287 2553 θεοὺς
1306 2514 1519 2560 ὁρκωμοτεῖν
1535 2513 1575 2547 τὸ
1595 2514 1682 2560 μήτε
1701 2512 1822 2558 δρᾶσαι
1837 2511 1924 2556 μήτε
1936 2524 1984 2559 τῳ
1998 2511 2193 2551 ξυνειδέναι.

1186 2560 1266 2594 266.
1296 2560 1347 2595 ὅτι
1365 2559 1428 2594 ούκ
1446 2559 1479 2599 ἐξ
1496 2558 1646 2598 ἅπαντος
1666 2559 1717 2594 δεῖ
1732 2559 1771 2593 τὸ
1788 2558 1972 2605 κερδαίνειν
1984 2557 2099 2617 φιλεῖν
2112 2557 2192 2592 312.

1185 2608 1274 2643 κούκ
1298 2607 1515 2654 ἀπαρνοῦμαι
1540 2607 1578 2641 τὸ
1606 2607 1654 2653 μή
1680 2605 1834 2651 (δρᾶσαι)
1859 2603 1939 2638 443.
1982 2618 2006 2651 η
2025 2604 2136 2651 Ἐομεῖ
2158 2606 2196 2641 τὸ

1188 2655 1235 2702 μὴ
1261 2654 1403 2694 εἰδέναις
1425 2653 1506 2687 535.
1550 2653 1641 2692 ὅστις
1666 2652 1899 2689 τούπιτάσσειν
1915 2656 1990 2691 τοῖς
2006 2652 2198 2699 κρατύνου-

1187 2714 1236 2735 σιν
1263 2705 1337 2736 νοεῖ
1354 2699 1433 2734 664.
1476 2699 1627 2740 τεύξεται
1650 2701 1688 2735 τὸ
1707 2700 1760 2779 μη
1776 2698 1892 2734 θανεῖν
1911 2698 1989 2734 778.
2036 2700 2140 2747 σοφὸς
2157 2699 2196 2734 σὺ

1187 2749 1318 2795 μάντις,
1339 2747 1429 2782 ἀλλὰ
1445 2747 1597 2782 τάδικεῖν
1616 2746 1724 2794 φιλῶν
1765 2744 1845 2779 059.
1873 2746 1911 2781 τὸ
1929 2745 1957 2780 δ’
1974 2745 2016 2781 αὖ
2031 2745 2197 2787 ξυνοικεῖν

1185 2795 1234 2834 τίς
1259 2794 1299 2830 ἂν
1323 2796 1407 2842 γυνὴ
1436 2794 1592 2836 δύναιτο;
1616 2796 1671 2828 Tr.
1693 2792 1772 2827 545.
1817 2793 1856 2827 τὸ
1880 2787 1908 2827 δ’
1934 2793 1992 2828 ὧδ’
2009 2793 2092 2839 ὁρᾶν
2138 2806 2198 2840 ρο-

1185 2847 1308 2877 νοῦντα
1324 2841 1374 2880 τίς
1391 2837 1466 2876 ποτ’
1483 2840 1523 2875 ἂν
1543 2841 1654 2889 φέροις
1679 2839 1778 2873 1231.
1819 2838 1982 2886 τάπορεῖν
2000 2840 2072 2888 ἔχω
2093 2806 2182 2875 1343

1188 2889 1253 2927 ἕως
1269 2889 1308 2924 τὸ
1324 2888 1455 2937 γαίρειν
1472 2888 1530 2922 καὶ
1547 2888 1585 2922 τὸ
1603 2886 1785 2922 λυπεῖσθαι
1804 2885 1921 2934 μάθῃς
1937 2889 1992 2920 Ai.
2034 2886 2090 2921 55.
2120 2887 2198 2922 έπι-

1188 2931 1349 2971 σπεύδειν
1358 2937 1396 2970 τὸ
1415 2934 1495 2982 δρᾶν
1514 2937 1569 2970 El.
1589 2933 1670 2968 467.
1700 2928 1797 2980 ἐγῷδ’
1816 2933 1833 2967 ὃ
1852 2933 1984 2980 φεύγεις
1999 2945 2006 2951 ·
2033 2934 2072 2969 ού
2088 2935 2128 2970 τὸ
2147 2935 2195 2981 μὴ

1186 2982 1301 3018 κλύειν
1318 2988 1436 3021 κακῶς
1455 2983 1557 3022 Synd.
1579 2984 1619 3014 fr.
1644 2979 1767 3022 152,1.
1786 2999 1889 3014 ——.-
1940 2993 1968 3014 e.
1990 2983 2004 3024 ΙΙ
2021 2993 2196 3015 accusa-

1187 3033 1308 3063 tivus
1333 3031 1380 3062 ab
1405 3031 1625 3068 adice-tivo
1650 3038 1893 3069 suspensus.
1929 3027 1968 3062 τὸ
1992 3027 2029 3062 δὲ
2055 3027 2110 3075 βίᾳ
2130 3040 2196 3063 πο-

1186 3076 1290 3111 λιτῶν
1315 3076 1396 3122 δρᾶν
1422 3075 1504 3121 ἔφυν
1532 3075 1711 3121 ἀμήχανος
1728 3077 1810 3107 Ant.
1831 3073 1886 3107 78.
1930 3074 1969 3108 τό
1992 3086 2028 3108 τε
2047 3075 2095 3122 μή
2115 3074 2196 3120 βλέ-

1187 3136 1260 3158 πειν
1285 3123 1408 3169 ἑτοίμα
1423 3125 1476 3156 El.
1500 3121 1589 3155 1078
1605 3124 1656 3155 ch.
1678 3140 1786 3153 --.-—
1833 3122 1864 3153 d.
1894 3122 1907 3163 ΙΙ
1933 3123 2196 3163 infinitivus

1188 3172 1506 3212 epeaeeyeticus.
1558 3169 1592 3206 ές
1627 3167 1704 3203 δέον
1737 3163 1878 3213 πάρεσθ’
1911 3167 1968 3201 ὅδε
2001 3166 2123 3214 Κρέων
2155 3168 2195 3202 τὸ

1188 3217 1348 3264 πράσσειν
1364 3216 1423 3251 καὶ
1439 3215 1478 3250 τὸ
1496 3214 1670 3261 βουλεύειν
1688 3217 1746 3248 OR
1765 3213 1865 3247 1417.
1910 3216 1980 3247 Hoc
2001 3217 2194 3258 exemplum

1189 3275 1264 3297 cum
1289 3267 1374 3297 bene
1399 3265 1638 3305 explicuisset,
1665 3263 1788 3294 iniuria
1814 3272 1888 3293 cum
1908 3262 2098 3303 Sophocleis
2120 3264 2195 3295 aliis

1188 3312 1421 3344 dissimillimis
1439 3311 1612 3342 contendit
1628 3310 1743 3342 Herm.
1764 3310 1803 3341 ad
1820 3309 1875 3341 Ai.
1900 3306 1976 3348 114,
2009 3311 2102 3341 velut
2119 3319 2194 3342 cum
2259 3316 2269 3349 '2

1189 3359 1250 3391 Ph.
1275 3355 1352 3391 118.
1375 3354 1475 3390 1252.
1504 3358 1587 3390 Ant.
1606 3353 1692 3395 266,
1721 3357 1757 3387 in
1781 3356 1903 3396 quibus
1928 3357 2118 3388 infinitivus
2136 3358 2194 3388 ob·
2255 3349 2273 3383 72

1188 3406 1311 3438 ieotive
1335 3405 1555 3447 suspenditur
1581 3415 1599 3437 a
1623 3404 1732 3435 verbo.
1776 3403 1913 3435 Rectius
1933 3403 2020 3435 idem
2039 3404 2119 3436 haec
2136 3404 2194 3436 ad·
2256 3422 2269 3446 ,3
