2288 3600
0 149 39 214 5.
56 138 232 211 {iv-ec]

0 271 164 304 inediam
179 273 269 304 rotae
293 272 423 312 partem
440 272 556 310 tenet,
581 272 616 301 et
666 278 756 315 ρεισε
778 265 944 314 πλευραῖς

0 314 56 353 ’ων
84 315 188 365 ἔγχος
213 317 294 350 Ant.
319 313 408 349 1236
434 326 481 349 sc.
510 315 598 350 ὥστε
616 327 642 361 μ
663 325 721 350 σον
738 317 890 362 παγῆναι
907 312 943 349 ἐν

0 367 102 413 ξυροῖς.
123 382 165 389 -
193 364 208 407 ΙΙ
231 365 427 397 Proximum
452 363 551 404 huic,
588 363 721 405 quando
744 363 786 395 de
810 371 944 404 corpore

75 0 257 79 η
274 0 697 165 ’σευ-(μῖξιν
711 0 1130 139 mfflwv
1180 0 1182 2 ’

695 149 881 206 Μεστός
905 180 972 187 -
996 149 1244 204 Μεταίτιος

1895 150 1996 198 439

981 278 1059 312 μοις
1075 264 1277 314 κορύθεσσιν
1295 268 1317 299 i.
1339 277 1370 299 e.
1393 264 1470 312 μεθ’
1487 264 1637 300 ὁπλιτῶν
1653 264 1937 313 κεκορυθμένων,
1967 269 1995 299 si

980 315 1157 348 Homerico
1182 315 1339 347 vocabulo
1362 315 1442 346 licet
1466 315 1536 355 uti3
1574 315 1610 346 in
1637 324 1701 355 quo
1726 315 1816 346 inest
1838 315 1996 355 praesidii

981 362 1235 403 adsignificatio',
1265 363 1359 394 velut
1370 362 1406 393 in
1424 359 1527 407 στέγη
1544 360 1651 407 πυρὸς
1669 359 1758 405 μέτα
1775 355 1872 394 πάντ’
1889 359 1996 395 ἐκπο-

0 416 70 455 'que
93 412 246 454 partibus
271 412 406 444 dicitur.
438 409 553 491 ίμέσον
581 408 673 456 κάρα
700 408 836 447 διπλοῖς
863 407 945 442 κέν-
982 407 1065 456 ρίζει
1088 409 1149 441 Ph.
1179 405 1249 442 298
1273 419 1350 440 cum
1375 410 1466 449 iane,
1496 410 1520 441 i.
1543 419 1573 440 e.
1606 409 1696 449 ignis
1723 402 1858 449 insuper
1881 408 1995 441 addito

0 457 41 495 ισί
65 470 132 505 μου
157 456 321 493 καθίκετο
347 456 438 491 OR8
490 484 496 490 .
523 455 695 502 (ὁρῶμεν)
718 454 808 502 ἀμφὶ
834 455 943 504 μέσση

0 509 95 552 ιπετῆ
113 503 358 551 προσκείμενον
373 506 457 537 Ant.
482 501 570 537 1223
595 505 738 536 mediam
754 505 944 545 amplexum

0 563 86 587 mus.
116 550 222 598 μέσου
247 550 372 597 κρατὸς
389 549 632 597 διασπαρέντος
650 551 706 584 Tr.
726 548 807 583 781.
838 549 941 595 μέσον

0 599 48 636 τὸν
65 593 181 648 αὐχέν’
203 597 405 645 εἰσαλοίμην
423 601 463 632 fr.
484 600 551 631 inc.
573 595 654 630 695.
677 616 718 622 —
736 597 751 640 ΙΙ
769 598 820 630 De
836 597 942 629 medio

0 649 104 690 nauis
121 650 207 679 tenet
221 648 290 679 Loco
304 647 378 678 aliis
391 647 485 678 rebus
503 647 701 678 interiectus.
724 643 759 679 ἐν
776 640 942 691 Ἀργείοις

0 704 47 732 οις
62 695 123 727 Ph.
140 691 209 727 630
222 695 264 726 cf.
280 694 418 726 Dorvill.
440 693 481 725 ad
496 693 593 725 Char.
614 703 648 734 p.
670 688 750 724 534.
772 691 807 725 ἐν
827 690 942 736 μέσοις

0 741 46 779 οῖς
70 740 146 786 σιδη
171 743 317 786 οκμῆσιν
343 738 446 774 θακεῖ
463 740 518 772 Ai.
541 736 621 772 324.
650 739 727 771 Huc
744 739 942 771 referendus

0 794 24 823 ts
48 787 139 821 001
167 785 224 820 95.
253 806 294 812 —
321 785 442 821 κοίλου
476 784 583 824 πέλας
611 797 634 819 κ
657 788 785 832 ατῆρος
813 783 871 832 ἀφ’
902 783 941 819 οὗ

0 845 33 874 ος
47 833 126 874 στὰς
142 837 202 870 τοῦ
219 845 256 868 τε
269 832 429 882 Θορικίου
447 831 573 880 πέτρου
590 797 714 879 κοίλης
729 831 758 866 τ’
774 830 936 879 ἀχέρδου.

0 883 23 916 ri
37 876 91 928 ἐφ’
107 880 147 917 οὗ
166 880 271 928 μέσου
282 908 291 923 ,
320 883 416 914 modo
433 882 522 923 quod
539 882 723 914 Vaticanus
742 878 858 926 μέσον,
887 881 942 912 in-

0 935 17 962 l.
50 930 140 962 Illud
163 939 228 962 sec.
251 929 352 962 schol.
374 929 564 960 Brunckius
594 928 732 970 reperit.
754 945 795 951 -—
815 926 830 970 n
847 927 941 966 Quod

0 972 34 1010 lie
49 977 182 1018 dicitur,
203 987 222 1009 a
234 977 303 1008 sole
316 976 465 1008 medium
479 976 608 1007 caelum
626 978 765 1007 tenente
779 975 935 1006 ductum:

0 1033 24 1071 ;p
48 1022 172 1069 μέσσον
197 1024 337 1063 Thyest.
359 1024 400 1055 fr.
422 1019 503 1063 239,
525 1019 546 1054 5
572 1033 603 1054 v.
625 1022 663 1055 C.
685 1022 740 1054 Fr.
761 1022 878 1053 Herm.
899 1022 940 1054 ad

0 1071 67 1104 ian.
96 1070 137 1104 d'e
163 1072 242 1103 hist.
272 1080 396 1104 consor.
426 1080 460 1111 p.
484 1066 539 1101 12.
562 1088 603 1094 —
633 1069 647 1111 ΙΙ
679 1069 940 1101 Adverbiascunt

0 1113 88 1152 dulae
106 1117 170 1156 είς
197 1116 331 1162 μέσον
358 1121 392 1150 et
417 1115 460 1151 ἐν
488 1115 617 1162 μέσῳ.
647 1117 699 1148 De
717 1118 787 1148 loco
805 1120 938 1148 utrum-

0 1164 87 1202 fflcit
113 1175 140 1197 r.
161 1163 299 1209 δέσμιον
317 1162 411 1204 ἔδειξ’
427 1158 468 1198 Ἀ
495 1166 584 1200 αιοῖς
610 1161 645 1201 ἐς
664 1161 768 1209 μέσον
786 1163 847 1196 Ph.
871 1160 938 1195 609

0 1221 48 1246 m.
77 1224 95 1246 ο
131 1207 199 1246 τότ’
223 1209 362 1246 ἀολλεῖς
384 1209 459 1245 ἴσαν
505 1222 520 1248 ς
539 1208 643 1255 μέσον
663 1211 716 1243 Tr.
739 1208 808 1243 514
825 1210 876 1243 ch.
899 1211 939 1242 de

0 1266 39 1292 ua
55 1269 115 1292 con
156 1259 359 1292 edientibus.
398 1257 436 1292 οὐ
465 1255 637 1304 δραπέτην
664 1256 722 1291 τὸν
748 1255 879 1303 κλῆρον
906 1255 941 1290 ἐς

0 1317 30 1345 ιν
45 1303 166 1345 καθείς
183 1307 238 1339 Ai.
263 1303 363 1339 1285.
392 1306 422 1338 A
439 1307 520 1338 locis
538 1306 641 1337 etiam
659 1306 860 1338 translatum
876 1302 940 1338 λό-

0 1350 175 1401 σύγκολλα
189 1349 340 1399 τάμφοῖν
359 1351 394 1390 ἐς
413 1350 517 1398 μέσον
541 1350 750 1386 τεκταίνεται
766 1353 833 1384 inc.
856 1348 937 1392 745,

0 1404 22 1438 1·
31 1401 258 1443 componenda
273 1401 508 1433 controversia.
531 1418 572 1423 —
621 1397 682 1433 όνα
707 1393 736 1432 δ’
758 1395 940 1445 εὔλεκτρος

0 1445 84 1534 ’έὲιῳ
109 1444 246 1494 Κύπρις
270 1445 474 1494 ραβδονόμει
507 1448 562 1479 Tr.
610 1444 652 1479 15
670 1447 721 1478 ch.
749 1447 790 1479 de
807 1446 940 1500 Venere

7 1499 10 1537 ζ
55 1496 120 1528 'nis
137 1496 260 1528 iudice.
283 1513 325 1519 —
349 1495 402 1527 De
420 1498 562 1535 tempore
579 1503 645 1526 non
664 1494 788 1526 dicitur
804 1494 872 1525 nisi
896 1491 939 1527 ἐν

0 1536 15 1579 ἰ
51 1568 59 1576 .
85 1540 130 1576 τὰ
146 1540 174 1576 δ’
191 1540 228 1577 ἐν
254 1539 350 1588 μέσῳ
368 1538 386 1552 ⁷⁴
407 1539 527 1587 λῆστιν
552 1538 662 1588 ἴσχεις
678 1541 735 1574 OC
752 1537 832 1573 583.
860 1538 940 1578 τοὺς

0 1554 85 1636 §aaz
108 1587 232 1636 λόγους
257 1589 311 1621 El.
335 1553 436 1621 13'64.
460 1607 501 1612 —
521 1589 571 1620 Ne
588 1599 607 1620 a
623 1588 784 1621 diverbiis
801 1588 941 1630 quidem

0 1637 61 1680 mi
87 1635 270 1682 μέσσος,
299 1637 358 1668 ubi
374 1637 488 1668 versui
512 1635 691 1678 expediat,
719 1639 848 1667 certum
866 1639 935 1667 est:

0 1681 48 1726 Μ.
69 1685 109 1716 ad
125 1685 208 1716 Ant.
229 1680 286 1717 86.
310 1680 412 1717 1208.
449 1684 589 1723 Legitur
602 1708 610 1723 ,
639 1687 678 1715 ut
695 1683 736 1715 de
754 1684 940 1725 scripturae

39 1733 149 1764 versia
175 1731 311 1771 cogitari
337 1740 404 1763 non
429 1731 554 1772 possit,
582 1729 638 1763 OC
660 1727 748 1762 1247
766 1730 817 1762 ch.
854 1730 938 1762 Ant.

0 1734 157 1860 ξ14236.
186 1779 324 1818 Thyest.
346 1779 387 1810 fr.
408 1774 489 1819 239,
509 1774 543 1810 5.
579 1778 631 1810 De
649 1781 789 1810 accentu
807 1788 838 1808 v.
860 1778 936 1811 Arc.

28 1851 38 1868 ,
88 1851 95 1858 .

0 1866 165 1927 keo-:65
177 1884 308 1925 plenus,
324 1885 476 1916 satiatus.
503 1880 593 1928 ἡνίκ’
610 1880 681 1928 ἤδη
697 1881 818 1927 μεστὸς
835 1880 857 1928 ἠ
877 1880 940 1917 θυ-

4 1942 9 1954 ’-’
60 1942 97 1969 ος
114 1930 170 1963 OG
188 1928 269 1964 768.
298 1932 351 1963 De
367 1934 446 1963 tono
462 1941 494 1962 v.
516 1931 595 1962 Arc.
616 1940 650 1972 p.
672 1928 730 1971 80,
755 1927 785 1962 1.

4 1995 177 2042 ’χεστόω
201 2003 320 2042 repieo.
358 2001 536 2042 Proprium
561 2001 604 2034 de
624 2001 726 2032 locis:
757 1997 939 2046 ἐμεστώθη

12 2088 15 2089 ⁷
58 2045 164 2094 αἰθήρ
189 2049 270 2081 Ant.
292 2045 360 2080 420
385 2049 426 2080 de
449 2049 599 2089 pulveris
626 2048 761 2080 turbine
787 2047 937 2089 sublato,

10 2096 127 2137 gpitu
153 2097 220 2133 πᾶς
246 2092 427 2141 ἐμεστώθη
453 2093 580 2141 δρόμος
604 2093 735 2128 κτύπου
761 2099 940 2140 κροτητῶν

5 2150 13 2163 ⁷
52 2153 93 2176 nv
119 2142 173 2175 El.
196 2139 275 2175 713.
306 2143 358 2175 De
375 2145 507 2174 animo.-
533 2141 609 2188 πρὶν
635 2141 740 2188 ὀργῆς
766 2138 859 2185 κάμὲ
878 2152 941 2186 με-

6 2208 29 2235 15
41 2200 54 2223 ι
69 2190 150 2222 Ant.
170 2187 251 2222 280.
741 2187 791 2232 (11
808 2199 841 2230 p.
863 2186 941 2232 88.)

7 2271 23 2277 «.
43 2246 114 2282 ετά
138 2250 165 2281 I.
197 2249 371 2290 Tanquam
392 2249 665 2288 praepositio
683 2247 697 2289 Η
715 2257 791 2278 cum
818 2249 942 2287 qeni-

8 2295 161 2338 ,nictum
177 2307 205 2328 a.
223 2296 400 2336 proprie
419 2304 458 2326 ea
474 2295 652 2335 significat,
674 2297 758 2326 inter
775 2304 856 2335 quae
870 2296 941 2336 quie

78 2367 86 2374 .
115 2347 258 2376 στικτῶν
282 2339 306 2387 ἢ
331 2340 460 2375 λασίων
479 2340 565 2386 μετὰ
580 2338 699 2388 θηρῶν
717 2341 776 2373 Ph.
801 2339 868 2373 184
885 2341 936 2373 ch.

23 2390 69 2422 vle
96 2387 235 2423 πολλῶν
264 2386 520 2436 ἁρματηλατῶν
551 2386 638 2433 μέτα
666 2389 720 2420 El.
743 2386 822 2427 700,
853 2389 941 2430 quod

17 2443 44 2463 ἐπι
82 2440 136 2468 est
161 2438 286 2477 pariter
314 2447 353 2468 ac
382 2436 550 2476 explicare
587 2446 663 2468 cum
695 2435 871 2468 Schaefero
900 2436 940 2467 ad

13 2483 42 2511 '⁸³
57 2507 66 2516 .
86 2493 120 2525 p.
140 2479 220 2516 211.
236 2501 278 2508 —
295 2485 328 2515 b.
350 2483 439 2515 Hinc
465 2492 551 2514 una
575 2493 668 2514 cum
693 2483 868 2522 significat,
899 2483 940 2514 de

63 2531 238 2567 consortio.
268 2524 342 2584 μεθ’
369 2530 416 2564 ὧν
440 2527 621 2575 (ἀρίστων)
645 2526 769 2575 Τροίαν
797 2527 824 2562 σ’
848 2527 939 2562 ἑλεῖν

23 2580 38 2602 ¹
62 2601 70 2609 .
97 2573 178 2609 997.
215 2588 278 2621 μετ
314 2575 451 2610 οὐδενὸς
478 2573 611 2622 ἀνδρῶν
639 2574 743 2610 ναίων
777 2574 867 2609 1104
891 2587 934 2607 m.

22 2617 125 2669 ”μεθ’
141 2622 242 2670 ἡμῶν
263 2620 363 2656 1275.
385 2622 422 2661 ὃς
443 2622 528 2667 μετὰ
545 2622 681 2662 ζώντων
700 2617 744 2657 ὅτ’
764 2622 819 2668 ἠν,
840 2617 939 2667 ἤκου’

16 2693 42 2714 ·.
73 2667 175 2704 1312.
204 2668 306 2717 φίλου
331 2664 403 2715 μετ’
428 2669 549 2716 ἀνδρὸς
575 2668 714 2704 ἐκπλεῖν
743 2667 844 2702 1375.
873 2667 940 2702 εἴτε

19 2723 21 2727 ’
75 2715 122 2750 ὢν
138 2714 303 2764 λέληθεν,
333 2715 402 2751 εἴτε
419 2716 587 2751 πλειόνων
607 2715 694 2762 μέτα
711 2717 769 2749 OR
785 2714 865 2749 247.
894 2717 940 2748 Et

22 2798 34 2808 Χ,
57 2761 206 2811 λέληθεν
229 2765 344 2797 licebit
368 2775 560 2806 assumere3
588 2765 673 2796 illud
698 2766 822 2805 potius.
852 2761 939 2797 ὅτων

14 2809 22 2857 μ’
24 2844 41 2855 Χ
46 2809 135 2857 μέτα
147 2808 227 2843 414.
249 2805 318 2844 οὐτ’
336 2808 376 2844 ἂν
391 2809 462 2855 μετ’
478 2809 586 2845 ἄλλου
602 2809 751 2857 δρῶντος
765 2808 805 2844 ἂν
817 2809 939 2856 τλαίην

24 2855 109 2894 5.>Ι2.
137 2852 250 2891 Ἰοκάσ
295 2869 325 2898 ν,
347 2852 423 2903 μεθ’
446 2857 489 2902 ἧς
506 2857 543 2891 τὸ
559 2859 619 2891 νῦν
637 2857 803 2903 παρεστὸς
824 2859 941 2895 νεῖκος

24 2905 114 2949 ‘glaz
136 2905 250 2952 χρεών
299 2902 345 2937 32
369 2916 434 2946 qua
459 2907 547 2937 socia
563 2908 744 2945 assumpta.
773 2901 940 2950 Μερόπης

34 2958 62 2998 j
108 2949 152 2996 ἧς
182 2944 263 2996 ᾤκει
281 2950 369 2996 μέτα
397 2949 476 2984 990.
514 2948 588 2996 μεθ’
606 2951 707 2997 ἡμῶν
732 2949 941 2997 πλανωμένη

46 2998 58 3032 ‚¹
85 3023 92 3030 .
125 2997 212 3043 ἐμοῦ
241 2996 383 3044 στείχειν
413 2997 501 3044 μέτα
529 2995 608 3030 639.
638 2993 702 3032 οὔτ’
735 2997 821 3043 ἐμοῦ
846 2995 875 3044 γ’
901 2995 941 3031 ἂν

32 3038 187 3091 ’.δρῴης
210 3044 296 3090 μέτα
318 3047 400 3077 Ant.
419 3043 476 3078 70.
506 3043 591 3091 φίλη
619 3039 690 3089 μετ’
707 3043 811 3079 αὐτοῦ
827 3043 943 3078 κείσο-

26 3088 43 3132 's
96 3102 136 3125 ου
154 3090 239 3136 μέτα
257 3089 312 3132 73,
410 3085 419 3099 '

36 3136 62 3178 Γ
113 3137 136 3172 ὰ
159 3137 223 3184 γὰρ
250 3150 292 3183 με
317 3137 339 3172 oi
363 3150 410 3172 ων
435 3137 529 3184 βαιὸς
553 3137 658 3184 ἄριστ’
685 3136 726 3172 ἂν
750 3137 810 3172 καὶ
836 3137 942 3185 μέγας

21 3206 23 3211 ι
84 3183 151 3219 ὑπὸ
169 3195 291 3231 μικροτ
312 3196 380 3231 ρων
397 3187 452 3218 Ai.
475 3183 541 3217 160
559 3196 612 3218 an.
642 3187 724 3218 alter
748 3186 791 3218 ad
807 3187 943 3217 alterius

54 3278 58 3282 ι
131 3241 163 3264 se
180 3234 364 3273 applicans.
391 3230 593 3311 πεφόέηεμαι
609 3230 829 3266 λιθόλευστον
847 3225 942 3278 ’Ἄρη

24 3298 25 3306 ι
47 3280 111 3313 ‘iv
128 3278 214 3324 μετὰ
228 3276 329 3312 τοῦδε
343 3278 459 3316 τυπείς
500 3277 520 3312 5
853 3273 862 3287 ’

369 3090 410 3126 εθ
443 3089 483 3125 οὗ
502 3091 632 3138 πατέρα
645 3090 862 3132 ἐξαπώλεσας
887 3093 939 3123 El.

975 455 1154 497 praesidio.
1173 474 1214 480 —
1233 466 1261 488 c.
1283 456 1397 489 Oritur
1413 456 1492 488 inde
1505 457 1612 496 partis
1629 455 1807 496 capiendae
1824 459 1859 488 et
1874 457 1995 488 volun-

979 505 1056 536 tatis
1081 503 1336 544 adsignificatio,
1366 500 1431 537 οὐκ
1455 499 1496 536 ἂν
1520 495 1591 536 τόδ’
1614 501 1695 549 ἔστη
1719 501 1806 549 τῇδε
1830 502 1879 549 μὴ
1904 500 1995 537 θεῶν

981 549 1069 595 μέτα
1085 551 1139 583 Ai.
1160 547 1229 583 950
1245 552 1311 582 nisi
1327 549 1379 582 dis
1396 550 1680 584 intercedentibus.
1703 567 1805 581 —.—
1833 550 1848 592 ΙΙ
1873 560 1900 582 c.
1923 551 1991 582 dat.

979 599 1084 630 semel
1103 596 1257 639 Sophocli
1276 598 1403 629 dictum
1421 601 1473 629 est
1491 601 1529 629 ut
1545 607 1614 629 rem
1631 597 1800 638 significet
1812 622 1820 638 ,
1842 607 1906 638 qua
1924 600 1994 639 quia

974 647 1120 686 potitur,
1148 645 1306 676 tralatum
1330 656 1349 677 a
1366 645 1521 676 manibus
1545 645 1703 676 tenendo.
1732 641 1771 677 οὐ
1795 642 1926 691 φορβὰν
1946 642 1995 678 ἔτι

978 690 1200 739 προσφέρων,
1234 689 1274 725 οὐ
1301 695 1437 725 πτανῶν
1464 685 1518 725 ἀπ’
1553 689 1648 736 ἐμῶν
1674 689 1790 725 ὅπλων
1814 694 1995 738 κραταιαῖς

979 737 1065 784 μετὰ
1081 737 1197 786 χερσὶν
1215 736 1324 785 ἴσχων
1338 739 1397 771 Ph.
1415 735 1504 771 1110
1515 749 1559 770 m.
1578 756 1681 770 —.—
1702 738 1717 781 ΙΙ
1734 750 1761 771 c.
1783 748 1889 771 accus.
1912 740 1994 771 item

979 788 1095 827 semel,
1118 787 1353 828 significatque
1366 789 1461 827 post,
1481 786 1522 818 de
1542 787 1641 818 rebus
1658 789 1807 828 tempore
1829 787 1993 828 posterio—

978 835 1071 866 ribus
1096 834 1234 866 dictum.
1274 830 1438 879 φλοίσβου
1464 831 1551 877 μετὰ
1567 832 1681 879 κοπὴν
1698 832 1739 877 (f.
1761 831 1887 877 κόπον)
1902 830 1995 868 καθ-

976 879 1119 927 ημένοις
1142 881 1265 912 Palam.
1295 882 1336 912 fr.
1358 878 1439 920 380,
1461 878 1482 912 3
1507 881 1741 922 quiescentibus
1765 891 1786 912 a
1810 881 1994 922 naviyandi

977 928 1096 960 labore.
1125 929 1278 959 Illustrat
1294 927 1385 960 hunc
1402 929 1538 968 linguae
1554 937 1655 959 usum
1673 929 1755 960 Lob.
1773 928 1889 968 Aglao.
1910 931 1935 960 t.
1956 925 1990 961 2.

977 985 1011 1017 p.
1031 972 1117 1007 1191
1138 979 1207 1006 not.
1229 985 1257 1006 o.

1047 1023 1091 1054 11.
1120 1017 1243 1056 Μετά
1268 1022 1484 1054 adverbiascit
1502 1023 1602 1054 tmesi
1618 1023 1787 1054 affectum.
1821 1019 1932 1067 ἦλθόν
1951 1034 1993 1068 με

975 1067 1033 1115 νηὶ
1059 1067 1308 1115 ποικιλοστόλῳ
1334 1067 1422 1114 μέτα
1438 1069 1500 1101 Ph.
1522 1066 1603 1109 343,
1624 1070 1713 1111 quod
1730 1070 1795 1102 etsi
1813 1079 1879 1102 non
1897 1070 1995 1102 dixe-

976 1117 1039 1148 rim
1065 1118 1253 1148 necessario
1279 1115 1366 1162 μετά
1392 1117 1430 1149 ad
1449 1114 1560 1160 ἦλθον
1584 1118 1800 1149 referendum
1817 1115 1865 1160 (v.
1888 1117 1990 1149 schol.

977 1165 1015 1195 11.
1034 1175 1056 1197 α
1068 1160 1163 1203 423),
1186 1165 1392 1196 scenicorum
1411 1168 1523 1196 tamen
1538 1167 1713 1206 poetarum
1728 1165 1811 1196 mori
1825 1166 1988 1205 congruit.

978 1228 1019 1234 —
1040 1212 1102 1245 111.
1130 1207 1251 1246 Μέτα
1276 1221 1334 1252 pro
1359 1209 1561 1256 μέτεστι,
1592 1214 1730 1257 μετῆν
1748 1212 1889 1244 dictum.
1918 1209 1993 1245 ἀλλ’

977 1256 1076 1291 οὐδὲν
1093 1256 1188 1303 αὐτῷ
1204 1262 1274 1291 τῶν
1293 1257 1385 1303 ἐμῶν
1404 1252 1438 1303 μ’
1465 1256 1590 1304 εἴργειν
1612 1255 1699 1303 μέτα
1716 1260 1799 1291 Ant.
1819 1256 1865 1290 48
1891 1269 1934 1303 με
1958 1260 1993 1290 in

976 1306 1071 1337 libris
1096 1307 1256 1338 omissum
1283 1306 1428 1337 Brunck.
1459 1307 1620 1347 reposuit.
1643 1323 1684 1329 -
1714 1307 1772 1338 IV.
1803 1306 1858 1337 De
1882 1308 1994 1338 ecri-

973 1356 1116 1393 ptura.
1147 1351 1278 1397 μεταί
1302 1354 1337 1384 iu
1357 1363 1419 1385 usu
1439 1354 1618 1394 aliquando
1635 1354 1740 1385 fuisse
1758 1362 1825 1386 non
1843 1354 1993 1385 efficitur

977 1410 1020 1432 ex
1032 1401 1200 1441 Apollonii
1216 1401 1326 1432 verbis
1340 1401 1380 1432 de
1394 1404 1482 1440 synt.
1499 1410 1533 1442 p.
1551 1397 1632 1440 309,
1649 1397 1714 1432 28:
1736 1399 1783 1438 ὡς
1800 1398 1824 1445 ἠ
1840 1412 1862 1433 κ
1873 1398 1990 1442 αταί,

977 1444 1101 1487 ὑπαί,
1129 1446 1188 1481 καὶ
1213 1446 1248 1481 αἱ
1272 1449 1445 1487 τοιαῦται,
1475 1449 1601 1489 quippe
1619 1448 1736 1489 quide
1761 1446 1866 1494 παραί
1881 1449 1993 1490 potius

977 1496 1184 1535 cogitaverit,
1206 1505 1282 1527 cum
1300 1505 1342 1526 ne
1359 1492 1461 1528 καταί
1478 1496 1626 1536 quidem,
1650 1496 1718 1527 nisi
1735 1496 1770 1526 in
1784 1496 1988 1536 compositis,

977 1546 1175 1583 compareat.
1212 1542 1411 1584 Quanquam
1436 1543 1535 1574 illum
1562 1552 1694 1575 versum
1713 1542 1774 1574 Ph.
1799 1539 1865 1574 184
1890 1543 1992 1574 etiam

979 1589 1119 1621 Seidler.
1138 1593 1333 1631 suspectum
1351 1590 1468 1621 habuit
1486 1590 1527 1621 de
1544 1599 1632 1621 vers.
1652 1589 1782 1621 dochm.
1799 1599 1835 1631 p.
1848 1586 1905 1622 84.
1928 1588 1993 1622 Sed

977 1640 1123 1668 metrum
1149 1637 1197 1668 sic
1214 1637 1349 1668 demum
1367 1638 1511 1677 laborat,
1536 1637 1565 1668 si
1582 1638 1758 1677 glyconeos
1775 1646 1894 1670 versus
1911 1637 1991 1669 cho-

977 1684 1127 1716 riambici
1145 1685 1277 1724 generis
1295 1694 1370 1716 esse
1388 1688 1517 1716 certum
1535 1688 1598 1722 est,
1619 1684 1654 1716 id
1671 1684 1759 1725 quod
1772 1684 1918 1716 multum
1934 1685 1993 1716 ab·

978 1735 1029 1763 est
1053 1735 1092 1762 ut
1109 1732 1189 1763 satis
1216 1732 1322 1762 firmis
1340 1732 1549 1770 argumentis
1575 1732 1843 1763 demonstratum
1871 1732 1927 1763 sit.
1951 1749 1992 1755 —

978 1779 1029 1810 De
1046 1778 1241 1818 anastrophe
1259 1788 1373 1810 omnes
1391 1779 1615 1818 confitentur,
1644 1788 1719 1810 cum
1739 1777 1826 1823 μέτα
1842 1782 1895 1810 est
1912 1776 1995 1823 μέτ-

977 1835 1066 1864 εστι,
1094 1825 1177 1857 Ant.
1195 1822 1259 1865 483
1289 1826 1371 1857 item
1390 1835 1466 1857 cum
1484 1826 1736 1857 substantivum
1753 1829 1883 1858 rectum
1895 1835 1994 1868 prae-

977 1873 1077 1911 cedit,
1103 1873 1156 1904 El.
1179 1869 1257 1904 700.
1279 1873 1332 1904 Ai.
1355 1869 1435 1904 950.
1457 1872 1517 1904 Ph.
1539 1869 1620 1905 298.
1642 1873 1700 1905 ΟΒ
1713 1869 1794 1905 247.
1812 1869 1892 1904 414.
1909 1869 1990 1905 990.

977 1919 1032 1951 OC
1047 1916 1127 1951 639.
1151 1916 1252 1951 1636.
1274 1920 1355 1951 Ant.
1375 1917 1431 1951 70.
1453 1917 1509 1951 73.
1539 1919 1604 1953 Sed
1623 1929 1699 1951 cum
1717 1920 1920 1952 adiectivum
1938 1921 1993 1952 in-

977 1970 1029 1998 ter
1046 1970 1080 1999 et
1097 1967 1346 1998 substantivum
1363 1967 1511 2008 ponitur,
1541 1977 1617 1998 eum
1635 1970 1722 1998 retro
1741 1967 1857 1999 cedere
1875 1977 1994 1999 aecen-

976 2017 1051 2045 tum
1076 2015 1232 2055 negarint
1256 2014 1462 2054 grammatici
1487 2011 1536 2056 (v,
1558 2011 1626 2047 ἀπὸ
1644 2017 1678 2045 et
1694 2012 1800 2057 κατά)
1824 2014 1992 2046 Herman-

978 2071 1056 2101 nus,
1077 2062 1135 2102 qui
1151 2058 1233 2095 ἄπο
1253 2062 1387 2102 saepius
1405 2065 1440 2092 et
1455 2059 1564 2094 κοίτα
1581 2062 1729 2102 scripsit,
1749 2062 1783 2093 in
1803 2059 1909 2106 μετά
1928 2071 1994 2093 non

977 2108 1119 2140 descivit
1136 2119 1155 2140 a
1171 2112 1324 2140 veterum
1343 2108 1551 2140 auctoritate.
1581 2109 1650 2140 Nec
1668 2109 1813 2140 multum
1831 2109 1995 2140 differunt

976 2156 1071 2186 libri:
1102 2156 1162 2187 Ph.
1179 2152 1246 2186 184
1264 2165 1354 2187 unus
1371 2155 1440 2187 cod.
1462 2155 1550 2187 Flor.
1573 2153 1670 2199 μέτα,
1692 2155 1753 2187 Ph.
1770 2152 1871 2187 1110.
1887 2153 1989 2188 1375.

975 2202 1059 2234 Ant.
1083 2199 1148 2234 115
1167 2203 1253 2234 nihil
1271 2203 1476 2234 diversitatis
1495 2206 1661 2234 enotatur.
1692 2203 1850 2244 Denique
1868 2204 1994 2234 tmesin

976 2259 1075 2291 passa
1099 2251 1300 2291 praepositio
1312 2274 1320 2290 ,
1348 2259 1427 2285 cum⁴
1441 2251 1581 2281 verbum
1598 2250 1779 2291 praecedit,
1808 2253 1898 2282 recte
1915 2251 1992 2282 affi-

977 2297 1065 2328 citur
1091 2297 1308 2338 anastrophe,
1338 2293 1449 2342 ἦλθόν
1477 2307 1519 2341 με
1544 2295 1601 2341 νηὶ
1626 2294 1877 2341 ποικιλοστόλῳ
1906 2295 1994 2341 μέτα

976 2344 1037 2376 Ph.
1060 2340 1141 2376 343.
1712 2342 1763 2387 (11
1781 2354 1814 2385 p.
1837 2341 1894 2385 89,
1919 2342 1993 2388 12.)

1045 2409 1323 2458 Μεταβάλλω
1349 2417 1524 2446 commuto.
1555 2414 1618 2446 Sed
1642 2414 1787 2446 medium
1811 2415 1859 2446 ita
1884 2415 1991 2446 solum

974 2461 1108 2492 dicitur.
1139 2460 1293 2501 C.ge11it.
1309 2459 1359 2498 τίς
1378 2458 1437 2494 οὖν
1455 2458 1495 2494 ἂν
1514 2457 1609 2499 ἀξίαν
1629 2458 1846 2506 μεταβάλοιτ’
1863 2458 1904 2495 ἂν
1923 2459 1990 2495 ὧδε

975 2505 1069 2553 σιγὰν
1101 2505 1232 2553 λόγων;
1278 2508 1332 2539 El.
1356 2505 1445 2539 1262
1462 2518 1506 2539 m.
1543 2510 1713 2540 sitentium
1745 2518 1820 2540 cum
1852 2508 1992 2540 dictione

973 2558 1096 2593 mutet,
1131 2556 1155 2586 i.
1177 2564 1206 2586 e.
1236 2555 1341 2595 dicat,
1379 2565 1455 2586 cum
1490 2559 1568 2587 ante
1596 2557 1740 2587 tacuerit
1765 2553 1812 2599 [v.
1842 2556 1922 2588 Lob.
1953 2556 1993 2588 ad

976 2603 1029 2634 Ai.
1051 2598 1148 2645 712}

1046 2667 1083 2706 M
1092 2683 1106 2704 ε
1115 2683 1135 2704 τ
1143 2683 1164 2704 α
1173 2684 1192 2717 γ
1203 2682 1212 2704 ι
1222 2684 1241 2716 γ
1249 2682 1266 2704 ν
1276 2671 1304 2704 ώ
1315 2681 1333 2703 σ
1341 2683 1363 2704 κ
1374 2684 1402 2705 ω
1420 2673 1594 2704 consilium
1603 2675 1707 2704 muto.
1728 2673 1994 2712 Adsignificatur

976 2719 1185 2760 poenitentia
1198 2730 1204 2749 :
1226 2707 1351 2751 οἷκουν
1367 2717 1474 2751 ἔνεστι
1487 2718 1544 2752 καὶ
1558 2721 1770 2765 μεταγνῶναι
1783 2717 1886 2753 πάλιν
1897 2731 1904 2761 ;
1926 2721 1988 2752 Ph.

978 2763 1078 2798 1270.
1108 2766 1160 2797 De
1178 2766 1233 2797 Ai.
1252 2762 1319 2797 716
1337 2777 1368 2798 v.
1390 2766 1708 2812 μεταναγιγνώσκω.

1047 2843 1300 2892 Μετάγνοια
1324 2849 1539 2887 poenitentia.
1575 2846 1624 2892 μὴ
1659 2850 1760 2892 πῆμα
1793 2846 1903 2894 σαυτῇ
1934 2848 1992 2882 καὶ
2054 2844 2061 2856 '

978 2892 1179 2939 μετάγνοιαν
1196 2892 1296 2941 τιθῇς
1314 2895 1366 2926 El.
1380 2891 1460 2926 581.
1483 2905 1557 2940 αγν,
1578 2898 1617 2925 ut
1633 2895 1668 2925 in
1686 2895 1764 2935 arsi,
1780 2896 1988 2935 producitur.

1046 2971 1085 3010 M
1094 2986 1135 3008 ετ
1144 2974 1166 3009 οί
1177 2974 1194 3008 δ
1207 2987 1224 3022 ρ
1235 2987 1252 3009 ο
1263 2980 1288 3021 μ
1297 2988 1316 3010 o
1326 2988 1341 3014 ς
1366 2978 1530 3009 insectans
1562 2986 1639 3007 cum
1661 2976 1810 3008 vindicta
1842 2977 1990 3018 quidem,

978 3023 1107 3054 vindeae.
1137 3021 1433 3068 πανουργημάτων
1461 3021 1672 3069 μετάδρομοι
1697 3021 1796 3060 κύνες
1826 3023 1878 3055 El.
1905 3021 1994 3056 1387

979 3070 1030 3102 ch.
1060 3070 1163 3101 Dirae
1180 3081 1211 3101 v.
1231 3067 1337 3103 κύων.
1360 3071 1411 3102 De
1425 3071 1530 3109 genit.
1551 3081 1583 3102 v.
1605 3069 1725 3101 Matth.
1746 3069 1769 3114 §
1787 3067 1867 3102 344.

1049 3135 1234 3173 Μεταίτι
1245 3151 1289 3177 ος
1307 3141 1361 3181 qui
1379 3142 1414 3171 in
1431 3142 1530 3180 culpa
1545 3143 1602 3171 est.
1630 3137 1727 3173 τόνδε
1744 3137 1808 3186 γὰρ
1824 3138 1994 3184 μεταίτιον

981 3183 1082 3230 μόνον
1101 3183 1229 3230 ἔφασκε
1244 3181 1337 3220 τοῦδ’
1354 3185 1440 3220 εἶναι
1457 3184 1590 3224 πάθους
1609 3187 1664 3218 Tr.
1677 3183 1758 3219 260.
1807 3186 1822 3193 '⁴
1841 3186 1995 3234 μεταιτίᾳ

978 3234 1040 3265 τοῦ
1060 3231 1168 3278 μηδὲν
1187 3231 1330 3280 αἰσχροῦ
1350 3228 1430 3280 μηδ’
1449 3232 1526 3278 ἐμοὶ
1544 3235 1654 3267 κακοῦ
1671 3231 1793 3267 τινος4
1819 3233 1852 3266 7.
1874 3235 1990 3276 Steph.

562 3280 612 3312 ch.
643 3277 772 3325 βαυβᾶν
791 3290 854 3324 μετ
880 3278 944 3314 αὐ-
978 3278 1017 3312 τὸ
1036 3278 1143 3325 μηδὲν
1162 3281 1377 3313 scribendum
1395 3283 1569 3321 consebat,
1595 3284 1634 3312 ut
1652 3282 1699 3313 sic
1717 3287 1996 3322 componerentur

24 3337 25 3340 ¹
115 3325 185 3359 GV.
206 3323 250 3358 66
275 3327 371 3358 Brck.
406 3327 458 3358 De
482 3328 586 3358 animi
609 3330 701 3358 motu
723 3326 848 3358 dictum
880 3325 944 3360 οὐκ
979 3328 1080 3358 verba
1102 3325 1147 3373 τῇ
1171 3325 1209 3360 τὸ
1229 3326 1337 3373 μηδὲν
1354 3326 1415 3372 (=
1427 3325 1617 3374 μηδαμῶς)
1642 3326 1798 3373 μεταιτίᾳ
1817 3326 1895 3372 ἐμοὶ
1918 3327 1993 3362 αἰσ-

26 3377 27 3383 ’
56 3370 63 3374 ”
107 3371 167 3406 έτα
191 3372 246 3406 00
266 3370 367 3406 1636.
395 3374 485 3405 Hinc
502 3374 712 3414 aliquantum
729 3374 831 3406 distat
855 3371 944 3407 πολ-
978 3375 1065 3419 χροῦ
1089 3385 1199 3414 τινος,

27 3448 28 3451 ,
68 3415 102 3429 ”
127 3417 242 3454 ὅπλων
261 3420 343 3452 Ant.
365 3416 451 3462 1155
480 3421 635 3462 sequitur
661 3418 719 3454 σύν
745 3414 778 3455 θ’
797 3418 945 3454 ίπποκό-
981 3418 1085 3467 μητρὶ
1103 3419 1164 3466 μὲν
1182 3418 1300 3455 θανεῖν
1319 3420 1407 3468 μόνη
1427 3419 1596 3466 μεταίτιος
1625 3419 1724 3454 1234.
1755 3423 1808 3454 De
1825 3423 1994 3456 infinitivo

1237 3372 1328 3419 μηδὲ
1356 3377 1486 3416 κακοῦ,
1523 3375 1622 3415 paulo
1654 3376 1848 3407 contortius.
1884 3373 1908 3420 ἥ
1936 3387 1996 3420 μοι

1856 0 2182 99 γης-Η

2114 108 2288 165 cury
