2288 3600
0 166 59 230 tjp.
74 177 294 226 ‹ns-616]

703 158 714 175 '
725 163 932 232 Εξαιρέω
962 193 1024 201 -
1044 155 1055 173 ’
1067 161 1291 230 Εξανίστη
1299 181 1348 226 μι

1946 159 2046 208 247

47 281 277 332 Ἐξαιρέω.
306 286 464 318 Activnm
480 286 597 325 eximo,
618 293 749 324 sepono.
786 278 883 328 Νίσῳ
902 279 994 321 ἐξαι-
1031 284 1066 313 et
1085 280 1179 314 Suid.
1209 291 1240 312 v.
1269 276 1408 327 ἐχθρῶν
1433 275 1553 323 ἄδωρα
1577 283 1612 310 et
1635 274 1716 321 εἰμί.
1761 274 1854 321 [Sed.
1883 287 1914 308 v.
1942 277 1965 307 i.
1987 272 2049 314 ,ἐξ-

0 337 33 371 ἰἶ
47 331 162 382 χθόνα
178 333 219 366 fr.
237 333 319 373 Aeg.
339 329 394 365 19.
421 333 569 378 γυναῖκα
586 324 614 364 δ’
631 327 801 370 ἐξελόντες
818 330 895 362 Hel.
911 326 989 369 187,
1034 325 1207 372 αλύσκω.]

6 406 13 415 .
42 382 174 416 Tralate
190 383 316 420 everto,
337 380 425 412 tollo.
462 375 627 424 φθίνοντα
643 375 707 423 γὰρ
724 374 833 411 Λαΐου
851 370 994 422 θέσφατ’

0 426 166 475 ξαιροῦσιν
187 424 258 473 ἤδη
280 427 342 460 OR
358 423 428 459 908
444 426 495 458 ch.
541 426 650 458 Affert
667 424 761 458 Suid.
784 434 814 455 v.
838 420 994 468 ἐξαιροῦ-

0 486 51 518 w,
71 484 213 518 quocum
230 475 397 516 conspirat
414 474 483 506 cod.
507 473 565 505 LA
582 483 600 505 a
617 481 668 514 pr.
689 482 733 503 m.
763 471 848 504 Cum
874 471 994 503 ceteris

0 515 74 558 ibris
93 519 277 568 ἐξαίρουσιν
295 521 440 552 Brunck.
458 546 465 561 ⁷
495 521 576 552 mire
593 520 799 561 explicatum
817 529 836 550 a
853 518 994 550 Vauvil-

0 571 79 609 ursio
111 570 273 612 efferunt,
307 569 403 610 quasi
435 570 605 600 mortuum
630 567 769 599 scilicet.
815 565 966 607 ‚Hesycn
982 577 989 595 z

6 615 257 663 ξαιροῦσιν;
294 612 525 661 ἀφανίζουσιν.
563 615 606 645 cs.
628 613 788 645 Abresclx.
810 613 850 644 ad
867 612 990 644 Aesch.

0 665 77 705 zum.
98 660 168 696 864
184 666 219 695 et
242 663 397 704 inprimis
415 662 546 694 Schaes.
574 662 595 692 l.
614 671 641 692 c.
663 657 810 705 [Deinde
828 660 917 699 tollo,
939 669 994 690 ex-

0 713 65 745 yello
90 709 108 744 ὅ
132 721 164 743 τι
179 708 223 755 γά
268 707 367 756 φύσις
384 706 479 754 ἀνέρι
497 707 561 752 δῷ,
587 701 659 741 τόδ’
677 703 794 740 οὔποτ’
811 704 851 740 ἂν
870 703 996 745 ἐξέλοις

0 760 22 791 r.
43 759 110 790 inc.
131 754 210 790 965.
251 775 292 780 —
312 757 461 788 Medium
479 756 539 787 sibi
556 757 712 794 eximere,
741 755 867 794 eliyere.
912 750 997 787 ταύ-

0 817 40 844 ας
65 801 204 844 ἐξείλεθ’
229 801 326 848 αὐτῷ
350 805 470 848 κτῆμα
491 801 551 835 καὶ
575 799 670 839 θεοῖς
695 799 809 845 κριτόν
835 801 890 833 Tr.
913 797 993 832 245.

0 853 243 892 sisignissoawr
265 854 435 891 acceptum
448 851 654 890 praemium:
683 847 732 881 δῶ
756 859 812 888 ον,
835 845 852 880 ὃ
871 841 998 893 μήποτ’

0 899 51 948 γὼ
68 897 281 946 ἐπωφέλησα
297 895 422 934 πόλεος
442 894 616 935 ἐξελέσθαι
631 896 686 928 ΟΟ
705 892 726 927 5
755 893 770 926 1
792 905 835 926 m.
854 895 998 926 —Hine

0 947 123 987 diruere
140 947 257 984 alteri,
287 945 375 987 quod
399 945 495 986 quasi
512 945 633 976 habeas
651 944 734 984 ipse.
779 942 828 988 μὴ
847 936 938 987 ’ξέλη
955 940 999 974 τὰ

0 991 128 1035 ᾑίλτατα
153 994 205 1025 El.
229 989 330 1025 1208.
375 992 505 1024 Tuetur
529 1001 605 1023 cum
638 991 731 1022 libris
758 990 855 1022 Eust.
885 992 999 1022 contra

0 1037 138 1080 illmsleii
170 1042 325 1072 conatum
343 1039 520 1072 correcturi
539 1036 588 1083 μή
607 1031 641 1083 μ’
658 1035 771 1084 ἐξέλῃ.

4 1127 5 1131 ’
52 1105 252 1156 Ἐξαίρω.
282 1110 418 1151 Proprie
435 1109 563 1149 attollo,
585 1108 663 1140 inde
680 1108 781 1139 etiam
799 1117 836 1138 ex
852 1106 925 1138 sede
941 1115 997 1137 ex-

0 1160 56 1191 ϋο.
87 1154 226 1203 βάθρων
245 1155 286 1190 ἐκ
300 1155 412 1190 τῶνδέ
429 1150 463 1201 μ’
481 1153 659 1201 ἐξάραντες
677 1154 732 1187 OC
748 1151 829 1186 264.
870 1151 998 1197 τούμὸν

0 1202 149 1251 ξάραντά
163 1215 201 1237 σε
217 1207 320 1250 σῶμα
335 1204 390 1236 Tr.
412 1199 511 1234 1193.
543 1204 592 1234 De
605 1211 717 1242 yressu
728 1203 859 1246 κοῦφον
878 1198 999 1245 ἐξάρας

0 1250 72 1297 {boa
90 1253 170 1284 Ant.
192 1248 272 1284 224.
318 1252 390 1288 lam,
404 1251 529 1290 aliquid
548 1252 708 1290 tlguratae
726 1249 881 1280 dictionis
899 1248 999 1280 habet

0 1297 34 1339 ‚k
58 1293 87 1332 σ’
105 1296 224 1344 ἐξῆρεν
249 1295 391 1332 οἴκοθεν
417 1295 556 1337 στόλοςς
579 1297 635 1330 OC
653 1293 723 1328 358
747 1295 824 1337 quid
849 1295 945 1326 domo
970 1298 999 1326 te

0 1348 126 1380 wivit?
165 1347 217 1378 De
241 1347 352 1377 ωιίηιο
379 1348 484 1376 moto:
515 1342 600 1389 πρὸς
623 1345 731 1376 ταῦτα
757 1340 866 1388 μηδὲν
892 1341 1000 1375 δεινὸν

63 1405 106 1441 'fl‘
130 1390 234 1438 μένος
259 1393 315 1424 Αἰ.
340 1389 430 1424 1066
456 1393 479 1423 i.
500 1402 533 1432 q.
566 1391 614 1435 μὴ
634 1387 810 1437 ὀργισθῇς.
856 1387 1000 1434 ἡδοναῖς

18 1447 19 1450 ’
35 1439 143 1487 οχθσν
161 1437 284 1484 ἐξαίρει
300 1437 372 1484 βίον
387 1439 442 1471 Tr.
459 1436 536 1470 147.
565 1463 580 1478 ,,
589 1438 660 1470 Vita
677 1439 758 1477 eriyi
771 1447 846 1469 cum
859 1437 994 1476 dicitur,

39 1498 73 1520 m
83 1491 142 1521 est
157 1487 246 1529 quod
263 1487 364 1519 alnon·
388 1489 418 1517 et
433 1489 538 1517 erecto
554 1495 609 1525 spe
625 1495 664 1516 ac
680 1485 802 1525 fiducia
818 1485 930 1515 «mimo
947 1485 999 1515 υἰ-

0 1536 89 1575 ιᾱσ.“
106 1535 221 1568 Herm.
237 1552 277 1558 —
288 1534 379 1565 Pass.
393 1533 507 1565 eadem
521 1533 562 1564 de
575 1533 686 1564 animo
698 1535 858 1563 commoto
873 1532 1000 1563 ratione

4 1590 10 1610 1
27 1583 118 1615 itur.
148 1578 178 1616 εἴ
193 1591 244 1618 τις
262 1578 393 1614 ἐλπίσιν
411 1581 528 1617 κεναῖς
547 1573 675 1624 ἐξήρετ’
692 1576 815 1622 ἀνδρὸς
827 1576 928 1611 τοῦδε
943 1579 995 1610 El.

2 1643 8 1652 2
41 1627 88 1662 1.
134 1626 364 1674 ἐμεγαλαύχει
390 1628 492 1660 schol.
529 1628 601 1659 Hoc
625 1635 728 1658 sensu
755 1623 908 1669 ἐπαίρειν
926 1626 998 1656 usi-

19 1677 110 1717 ius,
138 1687 169 1707 v.
191 1676 305 1708 Monk.
336 1675 377 1706 ad
395 1675 477 1706 Eur.
499 1675 600 1715 Hipp.
623 1670 702 1705 322.
726 1691 766 1696 —
786 1673 935 1704 Medium
961 1673 1000 1704 ab

17 1722 162 1756 mitonds·
194 1723 439 1764 significatione
473 1722 643 1753 deflexum
684 1721 852 1760 significat
883 1729 1002 1759 anyere

35 1770 72 1802 d
88 1773 238 1802 nostrum
253 1772 311 1801 est.
348 1766 442 1803 οὖτοι
458 1766 556 1802 νόσον
574 1764 603 1813 γ’
621 1766 769 1801 ἐπακτὸν
786 1763 1002 1811 ἐξαρούμεθα

31 1842 44 1854 ,.
61 1813 141 1850 491.
171 1818 311 1857 Legitur
328 1817 363 1848 in
376 1817 471 1848 libris
484 1816 656 1857 plerisque
674 1811 716 1853 ἐξ
726 1825 768 1847 αι
779 1825 796 1858 ρ
807 1825 825 1847 ο
835 1812 853 1846 ύ
866 1824 915 1858 με
925 1811 948 1847 θ
958 1826 997 1853 α,

6 1862 75 1901 ρὰ
98 1865 189 1896 idem
212 1865 299 1904 erit,
331 1864 360 1895 si
383 1864 528 1895 Porsono
554 1863 723 1894 credimus
743 1862 783 1893 ad
801 1861 889 1893 Med.
910 1858 997 1901 8483

12 1934 23 1958 ·.
62 1921 128 1944 non
146 1907 330 1954 credimus&
360 1921 391 1942 v.
405 1907 502 1955 αἴρω.
524 1910 620 1942 Illam
634 1910 759 1949 Musgr.
776 1909 1001 1940 coniecturam

8 1962 123 1999 fluant
140 1959 232 1990 codd.
254 1958 346 1990 Harl.
367 1959 444 1989 Vat.

10 2037 12 2041 ’
50 2025 276 2074 ,Ἐξαιτέω
301 2028 450 2068 deposco.
504 2026 540 2059 C.
571 2027 681 2066 'genit.
718 2023 755 2062 ὅς
781 2019 815 2070 μ’
838 2023 873 2058 ἐν
898 2023 1003 2069 τρισὶν

17 2077 175 2122 ρφαῖσιν
195 2068 305 2121 ἐξῄτει
321 2072 448 2119 πατρός
466 2075 522 2105 Tr.
538 2071 580 2105 10
593 2075 630 2105 in
648 2073 909 2105 matrimonium.
931 2073 1000 2104 eod.

10 2130 36 2168 ς’
79 2121 214 2167 ἐζήτει,
244 2123 331 2164 quod
356 2132 423 2154 non
448 2122 582 2154 videtur
598 2121 766 2153 scribendi
784 2120 916 2151 vitium.
963 2119 1000 2151 O.

14 2185 43 2216 Δ».
73 2179 100 2202 s.
129 2179 290 2211 personae
323 2172 358 2201 et
391 2169 579 2200 infinitivo:
617 2165 713 2212 ἡμᾶς
738 2165 775 2212 ἔγ
803 2177 841 2204 ος
865 2164 1004 2205 ἐξαιτῶν

46 2218 111 2250 εῖν
135 2217 194 2249 ΟΒ,
219 2213 321 2249 1255.
367 2215 404 2248 C.
424 2225 532 2248 accus.
567 2216 634 2247 rei:
671 2224 773 2259 σμικρ
792 2207 813 2246 'v
832 2211 894 2258 μὲν
912 2210 1006 2252 ἐξαι-

19 2262 51 2290 ·’”’
90 2275 113 2297 α
129 2263 185 2296 OC
203 2261 236 2296 5.
259 2281 299 2286 -
318 2263 468 2295 Medium
493 2262 552 2294 sibi
570 2263 622 2294 vel
639 2263 675 2293 in
690 2271 766 2293 suos
782 2271 861 2293 usus
875 2269 1006 2301 poscere

15 2347 20 2351 ,
35 2323 57 2338 11
67 2311 168 2347 ifioat.
190 2308 248 2348 δὸς
260 2313 361 2344 πᾶσιν
374 2308 460 2354 ἡμῖν
474 2309 589 2354 ὥσπερ
602 2305 830 2352 ἐξαιτούμεθα
847 2308 900 2340 El.
915 2303 1002 2347 6563

23 2358 241 2392 4’Ἀαοουεειῒὰνίε
266 2358 394 2389 duobus
419 2356 544 2398 aliquid
570 2357 712 2397 aliquem
724 2364 875 2396 poscere:
902 2352 1006 2399 τήνδε

16 2405 23 2419 “
86 2422 93 2433 ι
106 2406 170 2438 ιτεῖ
185 2402 286 2452 χάριν
305 2404 360 2437 OC
378 2400 457 2436 586.
504 2404 710 2436 Subauditur
732 2403 849 2434 eadem
874 2403 1005 2442 signifi-

17 2450 50 2492 ·’ζῗ
65 2461 121 2484 «ne
148 2452 378 2484 accusativus:
417 2448 611 2495 ἱκετεύομεν
636 2447 825 2494 ξύμπαντες
853 2446 1007 2488 ἐξαιτού-

21 2501 38 2544 ‘J
54 2495 92 2532 ἰ
109 2498 166 2532 OC
187 2495 287 2531 1327.

25 2550 307 2601 ,Ἐξαιφνης
330 2554 426 2600 μοι».
447 2557 542 2590 rath.
571 2551 651 2586 222.
693 2555 786 2587 eun.
808 2555 863 2586 Et.
885 2563 917 2595 p.
939 2549 1007 2585 609

68 2600 106 2648 2]
121 2607 261 2644 tenente.
289 2602 321 2637 τί
338 2597 366 2636 δ’
385 2601 472 2636 ἐστὶν
490 2600 581 2636 οὕτω
599 2600 748 2648 νεοχμὸν
767 2598 927 2645 ἐξαίφνης
943 2601 1004 2632 Ph.

31 2653 75 2682 ³⁸1.
125 2649 244 2706 ἀκούει
276 2648 429 2708 φθόγγον
455 2647 625 2708 ἐξαίφνης
658 2646 779 2705 πικρόν
813 2647 869 2680 OC
904 2644 1004 2705 1610.

341 2747 418 2776 ’σαι
436 2741 595 2788 ἐξαίφνης
613 2739 759 2786 [εὐθέως
777 2743 861 2774 coni.
885 2738 1007 2785 Dind.]

18 2790 58 2821 ‘
75 2803 115 2829 ας
135 2788 236 2823 1625.
289 2788 450 2835 ἐξαιφνης
474 2789 591 2834 τυφὼς
615 2787 731 2833 ἀείρας
755 2787 906 2833 σκηπτὸν
924 2789 1006 2820 Ant.

39 2844 78 2888 ζ’,
121 2835 281 2883 ἐξαίφνης
307 2832 362 2883 σφ’
387 2837 457 2882 ὁρῶ
483 2835 641 2881 θάλαμον
667 2834 759 2881 εἰσορ
790 2833 927 2880 ιυμένην
951 2835 1006 2866 Tr.

25 2886 80 2927 ‘¹¹24
106 2878 184 2931 τάχ’
209 2881 249 2918 ἂν
269 2882 429 2930 ἐξαίφνης
447 2882 605 2928 πτήξειαν
630 2883 684 2914 Ai.
709 2847 787 2915 178
792 2892 846 2914 an.
877 2900 917 2906 —
945 2881 1009 2920 Qui

22 2967 39 2972 .
65 2941 133 2977 (ono
150 2933 275 2965 diserte
292 2933 511 2973 praeceperit,
533 2940 599 2962 non
618 2931 707 2962 novi.
803 2927 836 2972 (Ι
853 2939 887 2970 p.
909 2925 1011 2972 615.)

26 2982 251 3034 ,,Ἐξᾰκού
263 3003 291 3022 ω
316 2989 427 3021 audio.
473 2986 617 3035 δηχθεὶς
644 2987 729 3033 πρὸς
747 2985 934 3032 ἁξήκουσεν
953 2979 1012 3020 ὧδ’

194 3037 257 3068 Ph.
283 3033 364 3068 378.
425 3033 510 3073 οἵοις
536 3033 706 3079 (κακοῖς)
731 3032 812 3079 ὁρᾷς
846 3031 953 3067 ὅσοισί
983 3027 1011 3066 τ’

51 3081 76 3130 Ὶ’
91 3093 187 3120 υσας
212 3081 388 3116 ἐνναίοντά
414 3094 455 3127 με
473 3080 553 3114 472.
598 3079 671 3114 εἶτα
689 3083 749 3114 σοῦ
766 3074 838 3113 τάδ’
856 3077 1011 3124 ἐξήκουσ’

25 3171 26 3174 ¹
55 3129 138 3162 El.
152 3127 232 3162 553.
248 3129 468 3161 —auditione
485 3130 620 3169 accipio.
648 3126 741 3173 λόγῳ
759 3126 822 3172 μὲν
842 3124 1007 3172 ἐξήκουσ’,

60 3214 68 3219 ..
106 3187 128 3210 α
144 3173 172 3210 δ’
189 3175 228 3210 οὐ
248 3174 342 3222 μάλα
357 3177 418 3208 Ph.
439 3173 507 3209 676
525 3177 577 3208 ch.

26 3240 28 3253 ¹
54 3226 67 3253 ’Ἦ
88 3228 350 3280 Εξᾶκρΐβόω
375 3244 502 3266 accuro.
547 3235 774 3275 Opponuntur
798 3231 937 3276 δόκησιν
960 3229 1012 3264 εί-

27 3282 30 3329 ζ
66 3306 69 3311 -
94 3278 346 3327 κὰξακριβῶσαι
361 3279 463 3327 λόγον
482 3282 537 3313 Tr.
555 3278 623 3313 426
640 3283 790 3312 accurate
807 3282 836 3310 et
849 3288 910 3320 pro
927 3282 1012 3310 certo

74 3330 162 3360 rre.
608 3347 611 3351 .

28 3391 32 3434 ξ
72 3377 366 3434 ᾙξαλεύομαι
391 3386 510 3418 devito.
554 3385 601 3423 ὡς
619 3382 659 3418 ἂν
678 3388 778 3431 μῆνιν
798 3382 936 3429 βαρεῖαν
957 3381 1012 3422 ἐξ-

29 3441 200 3482 Ιωμαι
217 3431 299 3471 θεᾶς
316 3434 371 3465 Ai.
388 3430 467 3466 656.
499 3433 555 3465 Sic
571 3434 651 3465 Lob.
673 3442 715 3464 ex
732 3433 825 3464 libris
841 3431 1012 3473 plerisque

1095 383 1105 395 '
1119 382 1390 425 Εξαλλάσσω
1415 387 1591 416 commuto.
1641 384 1797 415 κακοῖσιν
1824 379 1914 418 ὅστις
1939 379 2048 425 μηδὲν

1032 430 1272 473 ἐξαλλάσσεται
1290 433 1344 464 Ai.
1366 429 1446 464 474.
1492 431 1695 470 Metonymia
1712 433 1776 468 est⁷
1797 429 2050 460 accommodatis

1031 482 1071 513 ad
1089 481 1260 513 hominem
1272 505 1279 518 ,
1307 489 1393 521 quae
1411 481 1447 511 in
1464 480 1538 510 eius
1557 478 1781 510 conditionem
1800 477 1936 508 cadunt.
1981 477 2048 507 Iam

1032 528 1148 569 Steph.
1171 528 1272 559 Thes.
1296 527 1381 559 LGr.
1406 524 1444 566 1,
1473 536 1505 567 p.
1529 521 1597 556 353
1616 525 1736 556 vertit:
1778 525 1833 564 qui
1850 523 1979 554 nuttam
1995 523 2050 553 vi·-

1032 574 1255 607 cissitudinem
1273 576 1308 605 in
1323 575 1422 605 malis
1438 574 1505 605 suis
1523 573 1660 612 accipit,
1683 573 1705 602 i.
1727 582 1757 603 e.
1779 572 1876 602 cuius
1894 570 1980 602 mala
1996 579 2051 601 eo-

1032 624 1108 654 dem
1126 631 1260 662 semper
1277 624 1366 653 statu
1385 623 1542 659 manent,
1563 623 1652 651 recte
1665 645 1672 659 ‚
1695 618 1789 650 modo
1808 618 1895 659 quod
1913 618 2050 650 κακοῖσι

1033 670 1265 702 adverbiascit.

1103 722 1380 771 Ἔξάλλομαι
1413 727 1536 758 exsilio.
1595 725 1727 757 Tralata
1759 722 1913 754 tendendi
1946 723 2052 761 signi-

1034 777 1188 808 ficatione
1206 776 1333 806 dictum
1353 772 1394 807 ίὼ
1416 771 1560 817 δαῖμον,
1590 765 1635 805 ἵν’
1652 768 1799 815 ἐξήλλου
1818 770 1876 801 0ss
1897 766 1979 801 1311
2003 779 2046 801 m.

1035 823 1089 856 Sic
1114 823 1229 855 Herm.
1260 819 1342 865 [rec.
1375 818 1514 865 Dind.],
1544 829 1618 850 cum
1638 819 1712 850 libri
1739 815 1863 862 ἐξήλου
1893 818 2046 855 habeant,

1035 871 1176 911 eiusque
1201 879 1322 911 pravae
1353 869 1539 908 scripturae
1567 867 1706 905 vestigia
1731 866 1831 897 ctiam
1857 864 1944 905 apud
1969 864 2051 895 alios

1035 919 1213 958 scriptores
1232 917 1454 957 reperiantur.
1484 915 1603 946 Elmsl.
1627 910 1754 952 ἐξάλω,
1777 912 1928 943 inaudite
1946 908 2051 955 δωρί-

1035 964 1102 1003 ζων
1129 961 1272 1008 [ἐνήλου
1299 960 1457 1006 Nauck.].
1504 962 1636 995 Schol.:
1666 958 1734 993 ἀπὸ
1753 963 1820 991 τῶν
1839 956 2052 1004 ἀγωνιζομέ-

1034 1023 1102 1044 νων
1128 1008 1320 1045 πὲνταθλον
1347 1007 1405 1043 καὶ
1435 1006 1649 1053 ἁλλομένων.
1699 1007 1747 1038 Ea
1773 1006 2052 1047 interpretatione

1036 1069 1175 1090 minime
1192 1068 1286 1099 opus.

1106 1111 1383 1160 [Ἔξαλὺσκω
1416 1115 1542 1153 devito,
1570 1114 1705 1155 effuyio.
1744 1113 1795 1143 Ex
1831 1112 1975 1150 Hesyclii
2005 1112 2048 1151 gl.

1036 1162 1267 1208 ἐξαλύξωμαιε
1297 1160 1513 1207 φυλάξωμαι.
1556 1158 1644 1205 Σοφ.
1668 1157 1789 1194 Αἴαντι
1807 1169 1939 1203 μαστιγ.
1962 1163 2051 1190 recte

1036 1221 1126 1243 nunc
1150 1212 1205 1242 Ai.
1227 1207 1296 1242 656
1320 1219 1379 1250 pro
1406 1205 1640 1252 ἐξαλεύσωμαι
1673 1208 1761 1249 quod
1786 1208 1860 1238 libri
1895 1210 1929 1237 et
1955 1206 2048 1238 Suid.

1035 1262 1164 1299 tenent,
1187 1258 1309 1289 editur.
1355 1257 1425 1289 lloc
1442 1257 1576 1298 quidem
1594 1257 1629 1286 in
1648 1256 1770 1293 vulgus
1789 1254 1948 1286 usitatius
1961 1278 1968 1291 ,
1995 1253 2054 1284 sed

1035 1307 1168 1345 tragicis
1185 1307 1290 1346 magis
1307 1308 1483 1345 acceptum
1501 1300 1709 1346 ἐξαλύσκω.]

1106 1356 1425 1408 Ἐξᾶμαρτάνω
1446 1371 1556 1403 pecco.
1608 1359 1660 1398 οἷς
1683 1358 1710 1393 τ’
1736 1358 1838 1396 αὐτὸς
1866 1357 2054 1404 ἐξήμαρτεν

1036 1413 1096 1444 Ph.
1121 1408 1220 1443 1010.
1250 1408 1363 1444 λύσων
1383 1403 1431 1443 ὅσ’
1450 1407 1640 1453 ἐξήμαρτον
1663 1405 1762 1440 1224.
1801 1405 1839 1440 ού
1859 1404 1922 1452 γὰρ
1941 1403 2058 1439 δίκαιά

1037 1454 1065 1491 α’
1092 1451 1358 1503 ἐξαμαρτάνονθ’
1376 1455 1446 1502 ὁρῶ
1473 1457 1554 1488 Ant.
1577 1453 1656 1487 743.
1700 1455 1866 1496 Prolepsis
1885 1457 1948 1486 est.
1993 1451 2056 1486 άν-

1037 1505 1205 1552 θρώποισι
1221 1507 1295 1542 τοῖς
1321 1506 1402 1537 πᾶσι
1426 1502 1540 1537 κοινόν
1560 1502 1628 1536 ἐστι
1645 1499 1930 1547 τούξαμαρτάνειν
1953 1497 2054 1533 1024.

1039 1572 1079 1577 --
1094 1554 1169 1584 Non
1181 1554 1308 1593 assequi
1320 1553 1470 1592 expetita.
1499 1549 1522 1594 ἦ
1538 1548 1645 1583 δεινὸν
1665 1547 1702 1583 εὖ
1720 1548 1886 1595 λέγουσαν
1906 1545 2056 1592 ἐξαμαρ-

1035 1599 1146 1634 τάνειν
1172 1601 1224 1631 El.
1250 1596 1351 1631 1039.
1396 1595 1565 1643 βούλομαι
1590 1595 1707 1634 καλῶς
1735 1595 1825 1641 δρῶν
1852 1593 2054 1640 ἐξαμαρτεῖν

1037 1645 1170 1694 μᾶλλον
1187 1644 1211 1691 ἢ
1229 1648 1326 1679 νικᾶν
1343 1649 1461 1682 κακῶς
1479 1645 1539 1676 Ph.
1562 1642 1618 1677 95.

1108 1692 1387 1750 Ἐξὲμαρτία
1407 1707 1591 1744 peccatum.
1644 1700 1703 1748 ἴση
1728 1700 1798 1747 νῷν
1826 1699 1914 1735 ἐστιν
1939 1699 1962 1746 ἡ
1988 1698 2057 1739 ’ξα-

1040 1751 1166 1799 μαρτία
1182 1754 1263 1784 Ant.
1286 1749 1366 1784 558.

1108 1806 1154 1846 ‘E
1166 1802 1214 1851 ξα
1228 1809 1321 1856 μάω
1338 1820 1472 1842 messem
1490 1809 1591 1850 facio.
1622 1806 1768 1853 σπείρων
1787 1800 1950 1852 κάξαμῶν
1969 1804 2060 1846 ἅπαξ

1039 1861 1094 1892 Tr.
1116 1857 1172 1891 33.
1216 1858 1301 1891 cnm
1329 1860 1453 1898 figura:
1483 1855 1602 1902 γένους
1629 1853 1780 1893 ἅπαντος
1805 1853 1897 1902 ρίζαν
1925 1852 2058 1900 ἐξημη-

1040 1906 1142 1952 μένος
1167 1907 1223 1938 Ai.
1248 1902 1338 1937 1178
1362 1906 1385 1936 i.
1411 1915 1443 1946 q.
1475 1901 1646 1940 ἐκκοπείς.
1694 1903 1787 1936 Suid.
1816 1900 1833 1935 ἐ
1880 1900 2055 1948 μημένοςε

1039 1951 1276 2000 ἀφῃρημένος.
1323 1953 1375 1984 De
1396 1953 1469 1993 pari
1486 1951 1649 1982 similium
1669 1952 1843 1982 verborum
1887 1948 2007 1994 ερὶζειν
2025 1953 2060 1980 et

1041 1998 1256 2046 ἐκθαμνίζειν
1274 2000 1453 2031 tralatione
1470 2010 1501 2030 V.
1523 1998 1722 2037 wesseling.
1743 1998 1784 2029 ad
1802 1997 1900 2029 Diod.
1926 1994 1979 2035 16,
1999 1993 2056 2028 82.

1040 2050 1159 2082 Valck.
1181 2049 1288 2080 Diatr.
1309 2057 1344 2088 p.
1363 2043 1433 2078 225
1450 2043 1497 2090 [V.
1519 2046 1542 2076 i.
1563 2042 1695 2089 ἀμάω].

1112 2098 1429 2151 Ἐξᾶναγκάζω
1460 2114 1558 2144 οορο,
1594 2104 1712 2135 fortius
1738 2113 1837 2144 quam
1862 2099 2056 2147 ἀναγκάζω.

1041 2153 1078 2188 τὸ
1105 2151 1199 2187 θεῖον
1226 2150 1349 2190 αὐτοὺς
1383 2149 1602 2196 ἐξαναγκάζει
1625 2149 1735 2194 στόμα
1760 2150 1815 2182 OC
1841 2147 1920 2181 603.
1966 2147 1996 2181 εἰ
2021 2148 2060 2182 τὸ

1042 2197 1174 2246 θάκημ’
1192 2198 1411 2245 ἐξαναγκάζει
1431 2195 1531 2231 1179.
1578 2195 1651 2231 ἐπεὶ
1674 2195 1827 2234 κελεύεις
1843 2194 2061 2241 κάξαναγκά-

1043 2247 1110 2288 ζεις
1129 2249 1184 2281 Tr.
1210 2245 1311 2279 1258.
1349 2243 1393 2279 τὰ
1411 2243 1452 2278 σὰ
1471 2239 1540 2291 ἔργ’
1557 2243 1775 2290 ἐξαναγκάζει
1793 2255 1835 2289 με
1853 2246 1959 2276 ταῦτα
1977 2243 2059 2288 δρᾶν

1043 2293 1102 2341 βίᾳ
1118 2296 1170 2327 El.
1193 2291 1272 2334 620,
1302 2292 1384 2338 δρᾶν
1403 2291 1461 2338 βίᾳ
1481 2293 1725 2332 coniungenda.
1849 2290 1881 2334 (Ι
1900 2301 1932 2331 p.
1963 2287 2065 2334 616.)

1113 2359 1240 2403 Ἐξαν
1251 2357 1349 2409 ἄγω.
1394 2363 1543 2395 Medium
1569 2363 1737 2402 significat
1753 2362 1828 2393 veta
1844 2361 1933 2393 dare.
1971 2357 2060 2405 ἡνίκ’

1044 2410 1260 2458 ἐξανηγόμην
1278 2409 1346 2458 ἐγώ
1364 2411 1425 2442 Ph.
1446 2407 1526 2442 571.

1113 2465 1122 2479 '
1131 2467 1160 2505 E
1170 2469 1187 2509 ξ
1197 2481 1244 2504 αν
1255 2480 1305 2504 ασ
1314 2481 1334 2502 τ
1344 2480 1361 2514 ρ
1374 2467 1391 2502 έ
1400 2480 1424 2514 φ
1434 2482 1462 2502 ω
1487 2471 1606 2499 everto.
1635 2465 1750 2514 χρυσῇ
1767 2464 1925 2514 μακέλλῃ
1946 2463 2061 2511 Ζηνὸς

1045 2516 1282 2564 ἐξαναστραφῇ
1300 2518 1341 2549 fr.
1363 2517 1428 2547 inc.
1451 2512 1519 2548 767
1537 2525 1589 2556 ap.
1611 2516 1713 2547 schol.
1743 2515 1846 2546 Arist.
1868 2515 1932 2545 Av.
1957 2511 2058 2553 1240,

1045 2567 1103 2608 qui
1127 2566 1160 2597 id
1188 2565 1263 2597 risit
1279 2566 1398 2596 facete.
1445 2563 1621 2595 Sententia
1647 2572 1761 2594 manca
1785 2565 1838 2593 est
1863 2565 1898 2593 et
1916 2562 1964 2592 sic
1981 2571 2062 2601 sup-

1044 2614 1130 2654 pleri
1147 2622 1251 2662 posse*
1263 2612 1398 2643 videtur
1415 2607 1494 2642 ὅταν
1511 2620 1561 2646 τις
1579 2606 1732 2654 ὄλβος
1746 2606 1994 2654 ἐξαναστραφῇ.

1115 2679 1123 2692 '
1132 2678 1161 2716 E
1171 2679 1216 2720 ξα
1225 2692 1243 2713 ν
1253 2691 1269 2713 ε
1279 2691 1298 2713 υ
1310 2690 1327 2724 ρ
1338 2677 1375 2712 ίσ
1384 2691 1407 2712 κ
1416 2693 1444 2713 ω
1483 2681 1606 2720 reperio
1618 2704 1625 2720 ‚
1669 2679 1897 2718 adsignificato
1930 2679 2063 2719 incepto

1045 2730 1162 2761 audaci
1179 2733 1213 2760 et
1229 2737 1326 2759 novo.
1357 2725 1416 2760 οἶα
1431 2724 1704 2771 κάξανευρὶσκεις
1721 2723 1831 2772 λέγειν
1849 2725 1909 2756 Ph.
1931 2721 2011 2756 991.

1116 2795 1299 2843 Ἐξανέγ
1312 2810 1351 2830 ω.
1381 2796 1530 2829 Medium
1549 2801 1599 2828 est
1618 2797 1702 2837 ferre
1715 2820 1723 2836 ‚
1743 2798 1911 2827 sustinere.
1942 2793 1982 2828 οὔ
2000 2793 2062 2828 λό-

1046 2858 1115 2891 γων
1142 2838 1270 2890 ἄλγιστ’
1294 2835 1338 2876 ’ἂν
1364 2842 1614 2890 ἐξανασχοίμην
1632 2841 1748 2877 κλύων
1767 2842 1822 2875 OC
1844 2839 1944 2874 1174.
1989 2846 2063 2879 πῶς

1045 2886 1137 2926 ταῦτ’
1157 2889 1430 2937 ἐξανασχήσεσθε
1446 2895 1553 2926 τοῖσιν
1572 2887 1721 2935 Ἀτρέως
1747 2888 1810 2935 ἐμὲ
1828 2887 1967 2928 ξυνόντα
1983 2900 2063 2922 παι-

1047 2938 1117 2980 σίν;
1140 2939 1199 2970 Ph.
1224 2934 1326 2971 1355.

1116 2994 1352 3042 Ἐξανίημι
1376 2997 1485 3038 effero.
1531 2994 1616 3040 ἀρὰς
1644 2993 1740 3042 σφῷν
1763 2992 1839 3034 ἐξαν
1850 2988 1902 3028 ’κ’
1923 2993 1991 3039 ἐγώ
2009 2995 2064 3027 OC

1050 3041 1150 3076 1375.
1197 3044 1404 3076 Subauditur
1429 3053 1523 3075 casus
1549 3046 1707 3084 quartus:
1744 3039 1832 3075 ἁνίκ’
1842 3007 1983 3087 ιἓξανείη
2002 3040 2065 3075 δα-

1047 3087 1202 3134 κέθυμος
1227 3087 1293 3123 ἄτα
1318 3090 1379 3121 Ph.
1402 3087 1469 3122 705
1486 3090 1539 3121 ch.
1566 3090 1607 3121 de
1631 3090 1742 3121 dolore
1766 3091 1897 3120 remisso
1914 3089 2059 3121 dieitur:

1048 3147 1113 3170 em.
1141 3138 1257 3169 Herm.
1286 3146 1353 3169 sec.
1381 3137 1518 3168 Triclin.
1541 3134 1664 3181 ἐξανίη.
1711 3137 1805 3167 Libri
1823 3133 1971 3180 ἐξανίησι
1990 3134 2064 3180 [LA

1048 3195 1066 3216 a
1090 3194 1140 3225 pr.
1169 3194 1214 3215 111.
1244 3181 1461 3229 ἐξανει.ησι]
1493 3187 1528 3215 et
1553 3187 1657 3215 metro
1691 3184 1936 3215 incommodum
1969 3187 2004 3215 et
2025 3184 2062 3215 ad

1049 3241 1187 3263 sensum
1216 3231 1384 3271 ineptum.
1437 3231 1488 3262 Cf.
1516 3231 1631 3262 Herm.
1665 3231 1705 3262 ad
1723 3231 1820 3262 Herc.
1844 3231 1908 3262 fur.
1932 3227 1998 3262 120
2023 3231 2060 3261 it.

1049 3278 1149 3310 schol.
1171 3277 1252 3309 Eur.
1272 3277 1432 3309 Androm.
1455 3274 1533 3309 718.

1118 3332 1410 3380 Ἐξανίστημι
1433 3335 1564 3374 excide,
1594 3336 1634 3367 de
1659 3335 1862 3367 sedentibus:
1899 3329 1970 3368 οὐδ’
1987 3333 2066 3380 ἐμοί

1048 3393 1102 3416 τοι
1117 3380 1373 3423 τούξανιστάναι
1395 3380 1530 3416 πόλεως
1554 3375 1620 3428 δίχ’
1647 3379 1718 3414 ἐστὶ
1735 3379 1863 3427 θάρσος
1880 3383 1935 3415 OG
1954 3379 1998 3414 47
2024 3383 2064 3414 de

1050 3430 1283 3462 incolentibus:
1308 3423 1379 3463 τόδ’
1396 3427 1521 3476 ἄνδρας
1539 3426 1748 3474 ἐξανίστησιν
1766 3427 1883 3474 δόμων
1899 3430 1981 3462 Ant.
1994 3426 2064 3461 297
