2288 3600
297 151 396 200 336
720 179 722 182 >
1169 140 1275 215 Ἴλη
1306 178 1372 184 --
1388 145 1487 198 Ἵνα
2048 157 2080 206 [1
2096 170 2132 202 p.
2152 162 2165 190 z
2200 162 2212 189 ;

293 277 372 299 wes.
393 268 487 299 misc.
509 276 555 300 cr.
576 277 609 308 p.
633 264 712 299 118.
749 268 846 299 Voss.
868 267 908 298 ad
925 266 1040 305 hymn.
1063 265 1137 298 Cer.
1158 262 1239 297 204.
1269 283 1308 289 -

291 312 425 351 ἵλεως
443 315 668 346 diverbiorum
686 318 748 346 est.
776 311 881 351 ἵλεως
894 311 1010 346 κλύων
1028 313 1082 344 ΕΙ.
1100 310 1179 345 655.
1207 310 1312 350 ἵλεως

293 359 412 395 αὐτοῖν
428 359 513 394 κλύε
534 357 635 394 1376.
662 359 686 406 ἦ
700 372 767 394 που
782 357 902 400 δέξαιτ’
916 356 956 393 ἂν
971 357 1195 406 εὐπρόσωπος
1208 357 1312 397 ἵλεώς

291 403 320 441 τ’
337 406 422 446 ἴσως
439 410 494 440 Ai.
518 405 620 440 1009.
650 406 736 454 ἵλεῳ
754 406 850 455 φρενί
869 408 924 439 Tr.
942 404 1024 439 763.
1053 401 1129 440 ἀλλ’
1144 405 1229 452 ἵλεῳ
1249 405 1312 451 μὲν

292 455 350 490 τὸν
377 453 492 502 ἱκέτην
520 453 674 495 δεξαίατο
700 455 755 488 OG
781 452 838 487 44.
876 453 962 500 [ὅτῳ
987 452 1082 500 πάρα
1108 448 1189 500 μηδ’
1211 451 1312 488 εὐτυ-

291 505 411 549 χοῦντι
435 501 545 548 μηδὲν
569 500 675 536 ἵλεων
699 500 801 549 γελᾶν
819 503 875 534 Ai.
900 499 986 534 1011
1015 511 1059 533 ex
1078 503 1137 533 LA
1163 505 1197 533 et
1222 502 1312 533 anti-

292 551 465 592 quioribus
490 560 601 592 apogr.
623 551 752 591 recepit
770 550 874 582 Dind.
895 559 956 590 pro
972 546 1089 594 ἥδιον,
1120 549 1207 590 quod
1229 559 1248 580 a
1264 559 1310 580 m.

293 608 379 630 saec.
402 595 457 630 15.
479 602 530 629 est
547 599 712 638 inlatum,
741 599 918 639 probatum
943 601 1055 628 tamen
1076 605 1184 637 paene
1203 597 1312 628 omni-

292 647 367 677 bus.
383 663 423 668 —
437 646 489 677 De
503 655 568 676 usu
581 645 671 676 vocis
684 645 839 685 v.Gerth,
857 645 898 676 de
912 644 990 676 dial.
1008 647 1114 684 tragg.
1132 654 1165 685 p.
1179 640 1249 675 214
1259 653 1309 685 sq.

293 693 431 724 Renner
447 692 489 724 de
506 692 584 724 dial.
604 693 698 733 lyric.
720 703 753 734 p.
775 688 876 736 219.]

393 748 470 798 Ῑλη
488 748 534 794 (ἰ)
551 761 640 792 yreae.
705 748 738 784 ία
759 744 786 783 δ’
804 748 938 796 ἀνδρῶν
954 747 1016 797 ’ίλη
1033 748 1091 783 τὸν
1109 747 1312 784 ὑπασπίδιον

293 797 423 844 κόσμον
443 798 575 844 φερέτω
591 799 646 830 Ai.
670 762 772 830 11407.
797 815 837 821 -
864 799 916 830 De
933 801 1011 830 tono
1027 799 1215 838 generatim
1233 798 1310 830 Arc.

293 856 326 887 p.
351 843 429 887 108,
453 844 506 878 17.
1054 843 1087 889 (Ι
1102 855 1136 886 Ρ.
1157 842 1236 885 838,
1260 843 1314 889 7.)

379 902 497 938 Ιλιον
531 902 576 948 (ἰ)
599 905 692 936 urbs.
728 901 856 949 ἐρρέτω
878 896 985 938 Ἴλιον
1002 904 1063 936 Ph.
1087 900 1177 935 1200
1195 913 1241 937 m.
1275 901 1313 937 τό

293 946 321 985 τ’
333 944 437 985 Ἴλιον
454 950 513 985 καὶ
530 950 610 988 τοὺς
628 946 803 998 Ἀτρείδας
821 949 1017 997 φυλάξομαι
1035 948 1116 983 454.
1158 944 1267 984 Ἀσκλ
1294 970 1313 975 -

292 998 370 1033 πιὸν
387 998 516 1045 πέμψω
533 997 618 1045 πρὸς
630 990 734 1032 Ἴλιον
756 996 857 1031 1438.
903 996 1031 1032 ἅλωσιν
1049 993 1151 1032 Ἰλίου
1170 999 1231 1030 Ph.
1253 962 1309 1030 6⁷1.

294 1044 329 1085 ἐξ
346 1041 447 1080 Ἰλίου
465 1043 643 1080 ναυστολῶ
661 1043 743 1078 245.
787 1048 847 1080 τοῦ
865 1045 950 1091 πρὸς
964 1039 1068 1079 Ἴλιον
1086 1044 1210 1079 στόλου
1228 1043 1309 1077 247.

293 1092 389 1127 πλέω
419 1091 454 1132 ἐξ
481 1087 583 1127 Ἰλίου
613 1092 698 1139 πρὸς
724 1091 821 1127 οἷκον
847 1091 928 1126 548.
967 1094 1112 1125 Brunck.
1139 1103 1183 1125 ex
1209 1094 1309 1125 Tricl.

293 1135 350 1174 ἀπ’
368 1135 482 1175 Ἰλίου.
520 1142 613 1173 Libri
639 1146 722 1173 vett.
752 1138 797 1179 ἐξ.
828 1159 870 1165 -
906 1139 955 1178 εἰς
966 1133 1071 1174 Ἴλιον
1088 1141 1143 1173 ΕΙ.
1165 1137 1245 1172 574.
1270 1159 1310 1164 -

292 1186 317 1234 ἡ
328 1181 433 1226 Ἴλιος
451 1189 606 1230 Sophocli
624 1189 713 1220 dicta
729 1198 796 1220 non
814 1192 877 1221 est.
902 1206 943 1212 —-
978 1189 1167 1220 Aceentum
1185 1189 1313 1220 notavit

292 1237 369 1268 Arc.
390 1247 424 1278 p.
449 1233 528 1278 119,
544 1232 603 1268 23.

361 1289 522 1332 Ἰλλάς.
563 1292 704 1332 ἰλλάδας
727 1292 851 1341 γονάςε
880 1291 1060 1340 ἀγελαίας,
1089 1293 1149 1328 καὶ
1171 1292 1233 1332 τὰς
1251 1304 1313 1327 συ-

293 1353 373 1389 στρο
403 1340 456 1380 άς.
501 1342 647 1382 Hesych.
676 1351 719 1373 ex
743 1342 863 1383 Eurip.
882 1342 998 1374 Phrix.
1026 1346 1061 1374 et
1078 1341 1178 1383 Soph.
1199 1343 1308 1374 Acris.

292 1391 335 1422 fr.
355 1388 378 1422 8
406 1415 413 1422 .
451 1387 642 1436 συστροφάς
660 1390 815 1430 intellige
833 1387 980 1434 δεσμούς
993 1415 1001 1430 ,
1030 1390 1311 1430 quemadmodum

293 1438 462 1479 explicuit
478 1437 609 1470 suidas,
647 1430 813 1481 [Ἰλλάδες
838 1434 937 1482 γοναί
961 1446 1036 1468 esse
1054 1437 1095 1468 de
1112 1438 1222 1469 bubus
1240 1447 1312 1468 ara-

292 1486 422 1517 toribus
451 1485 579 1516 dictum
604 1488 643 1516 ut
675 1484 716 1516 de
748 1485 865 1516 aratris
900 1485 984 1518 Ant.
1011 1481 1080 1516 340
1120 1481 1311 1529 ἰλλομένων

293 1529 447 1579 ἀρότρων
472 1532 606 1564 monuit
631 1532 670 1563 L.
700 1532 804 1563 Dind.
830 1532 866 1563 in
885 1531 949 1563 Th.
970 1532 1008 1563 L.
1030 1532 1086 1564 Gr.
1107 1528 1141 1563 2.
1162 1541 1197 1573 p.
1219 1529 1308 1563 711:

292 1581 393 1612 verba
409 1577 469 1613 καὶ
483 1577 546 1617 τὰς
563 1577 755 1625 συστροφάς
777 1576 935 1623 delevit]

362 1632 482 1672 Ἰλλῦ
494 1649 512 1685 ρ
524 1635 560 1675 ίς
593 1638 740 1679 Illyrica.
793 1631 937 1684 Ἰλλυρὶς
969 1640 1052 1684 γον*
1085 1637 1230 1677 Hesych.
1269 1647 1312 1670 ex

294 1686 434 1728 Triptol.
454 1683 512 1730 (fr.
534 1682 620 1728 547)
648 1686 821 1726 explicans
848 1683 922 1718 ἀντὶ
945 1687 1006 1718 τοῦ
1025 1679 1033 1692 '
1073 1682 1169 1730 λυρὶς
1195 1683 1307 1731 γονεά.

292 1733 459 1781 γράφεται
476 1731 515 1766 δὲ
531 1730 590 1766 καὶ
610 1730 730 1778 γυνή.
772 1729 790 1765 ὁ
808 1730 846 1765 δὲ
864 1727 1122 1778 Καλλίστρατος
1139 1743 1159 1778 γ
1170 1730 1220 1779 ύη
1239 1730 1312 1766 ἀντὶ

291 1784 352 1815 τοῦ
370 1784 434 1828 γῆ.
463 1781 556 1812 Haec
571 1780 646 1811 sine
663 1780 764 1812 dubio
781 1790 859 1812 vera
876 1780 1042 1821 scriptura
1054 1805 1062 1821 ‚
1084 1784 1239 1821 spectans
1255 1790 1313 1811 va-

293 1830 363 1861 vias
382 1828 582 1870 Triptolemi
606 1828 642 1858 in
666 1827 876 1869 propagando
901 1828 1065 1860 beneflcio
1091 1828 1312 1868 agriculturae

295 1877 379 1909 dono
403 1875 694 1917 peregrinationes
707 1899 715 1915 ,
744 1875 786 1907 de
815 1876 939 1917 quibus
968 1876 1005 1906 in
1034 1875 1191 1916 pluribus
1218 1875 1312 1906 illius

293 1924 426 1956 fabulae
444 1923 598 1964 reliquiis
616 1923 738 1962 agitur.

362 1974 501 2016 Ἰλλω
519 1983 555 2014 in
571 1991 690 2022 yyrum
705 1981 801 2012 volvo
819 1991 846 2014 s.
862 1991 965 2013 verso.
994 1982 1047 2013 De
1064 1990 1143 2022 ayro
1156 1981 1288 2013 colendo
1301 1992 1311 2011 .-

295 2025 362 2064 Γᾰν
388 2027 592 2075 ἀποτρύεται
617 2026 740 2074 (ἀνήρ)
766 2025 957 2074 ἰλλομένων
983 2026 1138 2074 ἀρότρων
1166 2026 1241 2065 ἔτος
1265 2026 1312 2065 εἰς

294 2075 370 2115 ἔτος
395 2079 477 2109 Ant.
500 2073 569 2108 340
587 2075 638 2108 ch.
683 2077 723 2108 In
742 2076 802 2108 LA
825 2073 1030 2122 ἀπλομένων
1056 2077 1181 2116 legitur
1202 2076 1313 2108 addito

293 2126 334 2156 ab
359 2125 381 2157 S
405 2135 457 2171 γρ.
488 2121 695 2169 ἀποτρύεται
722 2120 932 2168 ἰλλομένων;
977 2124 1014 2155 in
1040 2124 1181 2165 reliquis
1207 2124 1313 2155 variat

292 2173 458 2213 scriptura
471 2168 709 2216 παλλομένων,
726 2167 927 2215 εἰλομένων,
945 2168 1148 2216 εἰλημένων,
1164 2172 1201 2202 in
1216 2171 1308 2203 Iunt.

294 2223 346 2251 est
361 2217 592 2264 τειλλομένων
610 2220 803 2259 corruptum
820 2227 864 2249 ex
881 2215 1110 2263 τελλομένων,
1136 2218 1224 2259 quod
1241 2219 1313 2250 sive

293 2267 479 2299 editoribus
504 2267 575 2298 sive
601 2265 826 2304 grammaticis
852 2266 965 2298 nescio
982 2266 1109 2306 quibus
1127 2275 1171 2297 ex
1187 2266 1312 2297 Home-

294 2315 363 2347 rico
379 2314 531 2346 adhaesit
547 2309 841 2358 περιτελλομένων
861 2310 1036 2346 ἐνιαυτῶν.
1082 2313 1236 2344 Pertinet
1253 2322 1312 2344 vo-

295 2362 452 2393 cabulum
477 2361 643 2393 affinitate
669 2360 710 2391 ad
734 2356 882 2401 ε’ίλλειν,
911 2360 952 2392 de
978 2369 1044 2401 quo
1061 2360 1218 2402 inprimis
1237 2359 1313 2391 vide

295 2409 376 2440 Lob.
406 2408 448 2441 ad
472 2408 598 2447 Phryn.
619 2416 652 2448 Ρ.
673 2403 738 2448 293
776 2408 818 2439 ef.
841 2407 958 2440 Valck.
980 2407 1022 2439 ad
1038 2407 1147 2439 Adon.
1173 2417 1207 2448 p.
1228 2403 1309 2438 250.

294 2456 431 2488 Ruhnk.
461 2456 503 2487 ad
530 2455 617 2487 Tim.
649 2464 682 2495 p.
705 2450 761 2486 69.
798 2454 929 2486 Buttm.
955 2454 1068 2486 Lexil.
1089 2451 1124 2495 2,
1147 2451 1224 2486 156.
1254 2454 1313 2495 qui

295 2504 398 2535 etiam
417 2502 641 2544 Sophocleum
658 2501 769 2533 locum
786 2502 952 2533 tractavit.
981 2501 1122 2534 Minime
1139 2511 1217 2534 vero
1236 2511 1313 2532 cum

295 2551 470 2582 nonnullis
504 2545 664 2583 ἴλλεσθαι
695 2549 871 2581 transitive
901 2549 1181 2590 intelligendum,
1215 2548 1312 2590 quasi

295 2607 355 2639 pro
374 2594 538 2631 ἰλλόντων
556 2596 684 2628 dictum
701 2597 757 2628 sit.

365 2648 396 2689 ‘1
440 2654 489 2693 άς
504 2651 560 2699 (ἶ)
577 2656 696 2688 lorum.
726 2652 786 2688 σὺν
810 2651 838 2688 δ’
859 2652 1028 2688 ἑλίσσεται
1049 2656 1197 2701 τμητοῖς
1218 2652 1228 2687 ἱ
1258 2655 1314 2687 ἄσι

295 2702 350 2735 ΕΙ.
372 2700 393 2734 7
419 2700 440 2734 7
465 2702 565 2743 frena
581 2703 746 2742 intellige.
780 2719 821 2725 -
854 2703 906 2735 De
922 2705 1002 2734 tono
1019 2713 1052 2734 v,
1073 2703 1152 2734 Arc.
1172 2711 1206 2742 p.
1250 2698 1314 2742 1,3

296 2755 332 2782 et
347 2750 599 2792 locupletiorem
616 2750 722 2781 multo
743 2753 867 2781 testem
884 2750 1008 2782 Herod.
1028 2759 1064 2782 π.
1086 2761 1123 2794 μ.
1143 2747 1175 2782 λ.
1198 2759 1232 2790 Ρ.
1253 2745 1311 2789 34,

299 2794 343 2829 16
356 2822 364 2838 ,
391 2797 451 2829 ubi
467 2797 589 2829 vitiose
615 2793 709 2842 ἡμάς
735 2797 909 2838 scriptum.
953 2797 1008 2828 Ex
1026 2796 1143 2828 eodem
1160 2796 1311 2836 discitur,

296 2845 403 2876 fuisse
430 2845 490 2886 qui
514 2841 651 2890 ἀνδριάς
677 2847 712 2875 et
737 2841 817 2888 ἱμάς
833 2844 1067 2884 inflecterent,
1093 2844 1222 2884 quippe
1246 2843 1316 2874 sola

298 2894 441 2932 excepta
457 2892 498 2923 de
515 2892 642 2931 regula,
675 2899 740 2932 qua
758 2892 917 2923 vocabula
932 2892 968 2923 in
987 2901 1027 2928 ας
1043 2900 1168 2931 purum
1185 2894 1220 2921 et
1235 2899 1314 2930 pro-

298 2939 438 2970 ducrum
455 2941 683 2979 gravarentur,
701 2937 756 2970 cui
773 2946 914 2970 numero
933 2935 1014 2983 ἱμάς
1031 2937 1191 2969 adiicitur
1206 2946 1314 2977 quan-

298 2995 399 3026 quam
416 2995 483 3017 non
500 2994 620 3026 puram
637 2985 910 3017 terminationem
926 2985 1066 3016 habens.

368 3037 568 3089 Ἱμάτιον
584 3042 622 3087 (υ
633 3042 681 3087 υ).
720 3041 863 3089 ἔχοντας
886 3040 1055 3083 εὐζώνους
1075 3041 1218 3089 ἱματίων
1238 3041 1314 3076 ἐπι-

299 3088 450 3136 ζώστρας
474 3091 584 3123 Colch.
606 3092 648 3123 fr.
668 3087 737 3123 314
752 3092 785 3123 b.
1109 3089 1142 3134 (Ι
1158 3100 1194 3131 p.
1213 3086 1315 3133 839.)

365 3146 375 3157 ‘
389 3146 402 3182 I
447 3147 510 3195 είρ
521 3162 549 3183 ω
565 3147 611 3193 (ἰ)
631 3151 739 3189 cupio.
780 3147 872 3183 νωτὰ
883 3146 973 3182 κούκ
985 3146 1122 3195 ἄγνωτά
1134 3159 1193 3193 μοι
1205 3159 1230 3182 π
1254 3158 1315 3181 οσ-

298 3192 414 3240 ήλθεθ
451 3194 637 3243 ἱμείροντες
661 3197 720 3228 OR
739 3194 760 3227 5
788 3221 796 3228 .
840 3192 909 3230 οὔτ’
935 3193 1037 3233 αὐτὸς
1065 3193 1203 3241 ἱμείρων
1249 3206 1313 3240 φυν

299 3240 463 3287 τύραννος
481 3241 568 3277 εἶναι
582 3240 662 3275 587.
701 3237 773 3276 οὐδ’
788 3240 831 3288 ἢν
854 3239 968 3288 σφόδρ’
990 3240 1167 3288 ἱμείρουσα
1182 3239 1314 3288 τυγχά-

299 3300 362 3368 {gg
381 3290 434 3321 El.
457 3287 558 3322 1053.
604 3287 694 3327 ὅστις
721 3287 756 3323 ἐν
772 3291 930 3324 κακοῖσιν
950 3286 1072 3336 ἱμείρει
1089 3287 1163 3335 βίου
1181 3290 1222 3321 sr.
1243 3291 1310 3321 inc.

348 3334 381 3377 9,
401 3333 434 3368 2.
470 3337 596 3369 Eodem
614 3346 715 3369 sensu
732 3337 923 3378 praeditum
942 3334 1127 3383 ἱμείρομαι,
1147 3336 1235 3377 quod
1253 3336 1313 3368 de-

301 3392 431 3423 ponens
448 3384 514 3415 dici
532 3393 598 3415 non
616 3384 706 3424 licet,
736 3385 863 3425 quippe
880 3384 965 3415 actio
983 3387 1159 3414 exstante:
1190 3378 1313 3428 Κρέων

301 3423 336 3473 μ’
353 3427 512 3474 ἐκβαλεῖν
532 3428 695 3475 ἱμείρεται
712 3430 770 3462 OR
787 3427 867 3462 386.

1331 3439 1412 3473 Δρας
1444 3427 1502 3462 ἵνα
1535 3425 1713 3472 πρόπαντα
1743 3425 1835 3460 κακὰ
1861 3429 1978 3460 κακῶν
2004 3423 2153 3464 ξυνοικεῖ
2183 3424 2271 3462 ¹⁸³..-

1413 258 1448 299 ‘¹1
1460 276 1511 310 με
1524 276 1594 311 ρος
1620 266 1739 306 cupido
1751 291 1759 307 ‚
1781 265 1988 299 desiderium.
2015 262 2137 311 ἵμερος
2156 263 2228 313 ἔχει
2263 285 2270 291 ›

1352 309 1440 344 1725
1459 323 1503 345 m.
1550 311 1695 358 ἐναργὴς
1722 310 1902 359 βλεφάρων
1925 310 2047 358 ἵμερος
2073 310 2263 358 εὐλέκτρου,

1350 370 1416 405 φας
1432 360 1514 392 Ant.
1536 356 1604 391 795
1623 360 1674 392 ch.
1708 360 1860 392 Blandus
1877 361 2048 392 oculorum
2062 361 2152 392 nitor
2167 361 2221 392 σω·
2242 375 2247 387 ι
2264 360 2266 362 ’

1348 409 1437 439 rium
1461 408 1630 439 concitans
1657 408 1864 448 significatur
1889 408 2078 448 exquisite:
2106 407 2196 448 quod
2218 407 2241 438 i

1350 455 1498 486 cundum
1514 454 1684 487 Pollucem
1709 455 1911 487 scribentem
1935 453 1974 488 τὸ
1997 449 2052 488 ἀπ’
2081 452 2192 489 αὐτῶν
2209 451 2266 498 (ὀι

1351 499 1443 546 μῶν)
1460 499 1647 581 ἀπορἒέον,
1675 499 1808 547 ἵμερος,
1838 503 1992 534 observat
2009 501 2201 557 Stephanus
2216 502 2266 538 in,

1350 558 1457 581 sauro.
1502 559 1546 581 τα
1569 560 1632 594 της
1658 547 1676 583 ὁ
1703 546 1810 586 δεινὸς
1834 546 1956 606 ἵμερός
1972 545 2051 582 ποθ’
2077 545 2224 594 Ηρακλῆ
2248 564 2271 576 ..

1350 597 1407 629 Tr.
1427 593 1508 628 476.
1551 594 1632 634 τοὺς
1655 594 1805 641 ἐρῶντας
1823 594 1925 633 αυτὸς
1941 593 2064 642 ἵμερος
2081 593 2163 642 δρᾶν
2179 594 2239 629 καὶ

1350 641 1432 724 gf?
1458 641 1626 701 πολλάκις
1651 642 1807 702 προῖνεται
1832 644 1873 675 fr.
1902 643 1995 724 gehd
2015 644 2105 722 Amb
2116 639 2194 722 111112,
2214 639 2262 723 Si?
2282 678 2286 680 ,

1350 701 1526 779 ἱῐιο.με6ρ7ο8ς,
1535 701 1682 776 αἱραξῗςς
1701 689 2146 785 ἱῖἒεζέτὲἓῦδέῃξύνῖψαὲἰ)
2154 687 2258 778 {56⁴2ss
2274 722 2277 725 ἱ

1349 782 1372 830 ἢ
1389 788 1458 818 τῶν
1476 783 1570 830 ἐμῶν
1583 778 1706 830 ἰἈιδης
1723 779 1785 818 τιν’
1800 783 1921 831 ἵμερον
1937 783 2067 819 τέκνων
2085 782 2165 831 ἔσχε
2185 781 2251 818 δαί
2265 805 2268 808 s

1349 833 1403 865 El.
1425 830 1504 865 542.
1532 834 1594 866 τοῦ
1611 829 1775 870 θανόντος
1794 830 1902 877 ἱμέρῳ
1918 832 1979 864 Ph.
1992 829 2072 864 350.
2100 830 2186 878 πρὸς
2199 832 2260 865 τοῦ

1350 878 1446 918 όντος
1467 878 1586 926 ἱμέρου
1602 879 1778 925 νικωμένη
1796 881 1836 912 fr.
1857 881 1926 912 inc.
1946 877 2027 921 671,
2047 876 2080 913 4.

1438 967 1531 1008 <Ἰνα
1547 972 1584 1018 (υ
1594 972 1642 1018 υ).
1680 974 1694 1016 ss
1717 974 1968 1015 Antiquissima
1991 974 2174 1015 particulae
2199 973 2272 1006 vis

1350 1022 1452 1054 dubie
1469 1021 1670 1053 adverbialis
1688 1025 1757 1062 est,
1778 1031 1845 1062 qua
1861 1021 2028 1062 significat
2044 1022 2180 1063 proprie
2195 1021 2256 1057 ubi.
2270 1025 2274 1027 ’

1349 1070 1416 1101 late
1442 1079 1507 1110 qua
1534 1071 1568 1101 in
1592 1079 1644 1110 re,
1675 1078 1736 1110 quo
1754 1072 1860 1110 statu,
1887 1078 1952 1110 qua
1964 1072 2071 1110 parte,
2101 1079 2166 1110 qua
2181 1077 2218 1100 oc

1351 1134 1392 1139 —
1414 1116 1551 1157 Proprie
1568 1117 1695 1148 dictum
1713 1120 1784 1148 est:
1811 1114 1869 1149 ἵνα
1886 1113 1987 1160 ἡλίου
2006 1113 2112 1162 διπλῆ
2130 1113 2231 1162 πάρε·

1349 1161 1497 1209 θάκησις
1513 1164 1574 1195 Ph.
1599 1161 1653 1195 17.
1689 1157 1818 1209 ἀπῆσθ’
1834 1156 1879 1197 ἵν’
1896 1159 1936 1195 ού
1954 1157 1982 1196 σ’
2000 1161 2068 1197 ἔδει
2085 1160 2165 1195 379.
2200 1154 2244 1196 ἵν’

1348 1209 1391 1255 ἦν
1410 1221 1435 1243 π
1457 1209 1599 1256 όσουρος
1618 1207 1684 1242 691
1705 1211 1756 1243 ch.
1803 1207 1995 1257 Σπερχειοῦ
2012 1221 2049 1244 τε
2069 1221 2119 1244 πα
2140 1204 2149 1217 ‘
2166 1207 2224 1257 ὄχ
2240 1227 2246 1237 1
2260 1210 2263 1211 ’

1350 1256 1367 1291 ὁ
1385 1222 1581 1306 χάλκασπις
1605 1257 1692 1303 ἀνὴρ
1714 1255 1810 1295 θεοῖς
1826 1255 1953 1294 πλάθει
1969 1259 2070 1291 πᾶσιν
2089 1255 2111 1289 7
2135 1254 2177 1298 8,
2203 1254 2271 1289 um}

1349 1308 1441 1338 cules
1458 1307 1598 1338 cremari
1616 1315 1690 1338 sese
1706 1306 1818 1346 iussit,
1839 1306 1876 1338 in
1889 1306 1973 1339 Oeta
1993 1308 2118 1337 monte.
2145 1301 2271 1350 ἴωμεν

1347 1347 1391 1387 ἵν’
1407 1351 1491 1399 ἡμὶν
1508 1352 1668 1387 τέτακται
1686 1349 1776 1384 1180
1795 1353 1846 1384 ch.
1879 1353 1967 1385 Male
1986 1352 2089 1384 schol.
2111 1350 2198 1386 ὅπου
2267 1377 2271 1385 η,

1349 1398 1492 1446 ἀφῖκται
1519 1397 1543 1445 ἡ
1572 1402 1665 1438 ναῦς.
1711 1397 1848 1444 ἀβάτων
1871 1397 2024 1445 ἀποβὰς,
2053 1397 2112 1433 ἵνα
2133 1401 2216 1433 πᾶσι
2264 1440 2267 1441 ⁷

1350 1448 1454 1493 φώνει
1479 1448 1534 1480 OC
1556 1445 1622 1480 168
1645 1457 1699 1479 an.
1720 1457 1769 1479 sc.
1796 1445 1844 1485 εἰς
1870 1445 1914 1481 τὰ
1938 1444 2094 1493 ἀβέβηλα
2118 1457 2243 1491 μετα··-
2263 1445 2267 1456 ¹

1348 1492 1559 1540 προσθέσθαι
1576 1492 1683 1532 πέλας
1700 1494 1818 1542 χώρας
1835 1492 1992 1535 θέλουσι,
2021 1490 2100 1539 μηδ’
2119 1491 2162 1528 ἵν’
2179 1490 2220 1528 ἂν

1349 1542 1484 1588 κρατῇς
1501 1539 1582 1575 405.
1627 1543 1819 1574 Brunckius
1836 1552 1914 1575 cum
1930 1542 2094 1573 Elmsleio
2109 1542 2210 1583 plane
2235 1555 2239 1568 ι

1349 1593 1511 1635 κρατοῖς,
1537 1591 1668 1622 scilicet
1691 1589 1781 1631 quod
1803 1584 1846 1623 ἵν’
1863 1587 1906 1624 ἄν
1932 1590 2022 1621 sicut
2037 1586 2132 1626 ὅπως
2149 1586 2190 1622 ἄν
2205 1590 2243 1620 ut

1350 1638 1448 1670 ficare
1477 1638 1541 1669 sibi
1572 1642 1830 1679 persuaserant,
1867 1640 1901 1669 at
1923 1634 1982 1670 ἵνα
2005 1636 2199 1668 coniunctio
2250 1648 2251 1651 ¹

1349 1694 1525 1726 nunquam
1552 1686 1715 1726 sociatur,
1743 1684 1939 1716 adverbium
1963 1686 2077 1715 autem
2099 1677 2143 1717 ἵν’
2167 1679 2208 1716 ἂν

1349 1737 1438 1764 recte
1462 1733 1629 1774 positum,
1659 1736 1698 1764 ut
1722 1741 1789 1774 quo
1814 1732 1964 1764 nondum
1989 1731 2025 1762 in
2043 1740 2082 1762 eo
2098 1740 2167 1762 rem
2184 1739 2262 1762 ev..

1349 1783 1527 1821 postquam
1553 1780 1730 1811 consilium
1755 1789 1856 1811 suum
1880 1778 2033 1811 exsecuti
2051 1778 2201 1810 Thebani
2217 1777 2245 1809 f

1350 1829 1420 1859 fore
1443 1828 1661 1867 significetur.
1694 1825 1752 1860 τὸν
1776 1824 1881 1860 τόπον
1901 1822 1927 1858 δ’
1943 1823 2002 1859 ἵνα
2018 1823 2088 1872 χρὴ
2105 1821 2191 1858 ’σται
2207 1819 2250 1870 μἰτ

1372 1877 1422 1908 εῖν
1441 1871 1522 1907 504.
1559 1870 1726 1908 Κολωνὸν
1805 1870 1849 1908 ἵν’
1867 1871 1884 1907 ὁ
1903 1871 2099 1920 βακχιώτας
2117 1868 2260 1906 Aemus

1351 1886 1484 1967 βατεύει
1501 1919 1569 1954 678
1587 1922 1639 1953 ch.
1682 1918 1829 1966 τύμβον,
1857 1919 1916 1955 ἵνα
1941 1914 2032 1966 μοῖρ’
2050 1917 2143 1966 ἀνδρ“
2169 1917 2234 1966 τῷ
2249 1952 2252 1954 ,
2269 1926 2272 1930 “

1349 1966 1547 2016 κρυφθῆναι
1564 1966 1667 2017 χθονί
1685 1965 1787 2000 1545.
1824 1964 2065 2013 Σαλμυδησός,
2091 1958 2201 2001 ἵν”Ἀ
2247 1971 2260 1987 =⁷

1349 2014 1473 2058 ἀρατὸν
1494 2013 1595 2054 ἕλκος
1611 2017 1694 2048 Ant.
1715 2012 1784 2048 970
1802 2016 1854 2047 ch.
1897 2013 2001 2056 ἵζων,
2029 2011 2072 2048 ἵν’
2102 2011 2139 2047 ’ν
2162 2023 2222 2059 μοι
2247 2040 2249 2046 .

1349 2062 1474 2097 οἰωνοῦ
1491 2061 1598 2109 λιμήν
1620 2059 1720 2095 1000.
1748 2060 1839 2109 γενοί
1869 2073 1909 2096 αν
1925 2056 1969 2096 ἵν’
1986 2059 2087 2095 ὺλᾶεν
2126 2070 2221 2094 πεστι
2264 2101 2266 2103 ¹

1348 2105 1522 2156 πρόβλημ’
1536 2108 1741 2144 άλίκλυστον
1759 2111 1815 2142 Ai.
1855 2107 1925 2142 217
1937 2110 1989 2141 ch.
2004 2126 2045 2132 —
2069 2108 2200 2140 Tralata
2211 2107 2246 2140 d

1347 2152 1531 2195 Ὀδυσσεὺς
1551 2156 1638 2191 ἔστιν
1657 2155 1700 2191 αὖ
1716 2153 1879 2191 κάνταῦθ’
1895 2154 1953 2191 ἵνα
1969 2159 2059 2204 χρῆν
2076 2153 2178 2189 αὐτὸν
2195 2151 2248 2189 αὖ

1348 2204 1468 2250 νεκρόν
1494 2206 1556 2237 Ph.
1578 2201 1646 2237 429
1674 2205 1775 2237 etiam
1799 2205 1853 2236 hic
1874 2206 2059 2245 reperitur,
2089 2204 2149 2235 ubi
2174 2211 2208 2234 e
2228 2199 2259 2247 ιιιζ

1349 2257 1448 2284 tuum
1474 2263 1548 2285 esse
1575 2252 1704 2284 dudum
1727 2252 1892 2293 oportuit,
1919 2252 1943 2283 i.
1974 2261 2004 2283 e.
2032 2259 2122 2282 nunc
2144 2250 2200 2281 et·
2256 2256 2259 2258 ’

1349 2310 1421 2332 rem
1437 2300 1728 2332 considerantibus
1746 2300 1845 2330 vivus
1862 2299 2040 2340 reperitur.
2085 2290 2156 2331 οὐδ’
2173 2293 2224 2330 δι”
2251 2302 2264 2332 ς’

1348 2349 1459 2380 κακοῦ
1477 2348 1535 2380 OR
1553 2344 1632 2379 367.
1669 2351 1707 2378 ut
1731 2344 1769 2379 ού
1789 2343 1924 2391 βλέπεις
1940 2343 1983 2378 ἵν’
1997 2343 2029 2378 εἶ
2044 2345 2156 2378 κακοῦ
2172 2339 2215 2375 41
2236 2345 2264 2379 if

1350 2392 1442 2440 ὁρᾷς,
1464 2391 1507 2428 ἵν’
1525 2392 1556 2427 εἷ
1567 2395 1699 2434 κακοῦ,
1719 2394 1775 2425 Ai.
1796 2390 1876 2425 386.
1906 2394 1949 2426 V.
1967 2392 2200 2424 Hemsterhus.
2232 2391 2260 2413 ν’

1350 2443 1438 2483 ΕΡΙι.
1460 2452 1494 2483 p.
1518 2438 1596 2473 141.
1618 2441 1740 2472 Locell.
1778 2441 1841 2472 His
1857 2440 2081 2472 locutionibus
2100 2441 2226 2470 suumn
2267 2467 2268 2470 ,

1350 2498 1416 2530 quo
1434 2490 1510 2529 quis
1527 2489 1649 2528 utitur,
1671 2488 1939 2528 significantibus
1956 2487 2076 2518 affines
2094 2488 2192 2517 sunt:
2226 2491 2255 2533 ³41?

1348 2534 1464 2581 ἥκεις;
1493 2535 1551 2568 OR
1569 2532 1648 2567 687.
1687 2534 1743 2566 OG
1761 2531 1829 2567 937
1854 2534 1945 2573 vide,
1971 2533 2048 2575 quid
2065 2535 2250 2574 sequatur.

1349 2577 1393 2617 ἵν’
1433 2580 1566 2628 ἐξήκεις
1609 2579 1765 2626 δακρύων
1804 2581 1862 2613 OR
1901 2578 1992 2613 1515
2045 2582 2125 2612 satis
2187 2592 2194 2607 a

1351 2631 1497 2662 Brunck.
1526 2631 1601 2661 iure
1625 2630 1665 2661 ab
1683 2628 1804 2660 Elmsl.
1825 2628 2050 2669 reprehensus
2077 2630 2149 2667 est,
2176 2635 2249 2668 qu,>

1351 2675 1425 2710 ἅλις
1440 2678 1541 2718 plene
1559 2676 1798 2716 distinguendo
1814 2669 1857 2709 ἵν’
1875 2672 2007 2720 ἐξήκεις
2023 2673 2253 2713 interroga
2282 2715 2283 2718 Ἴ

1351 2729 1420 2757 star
1437 2728 1607 2766 posuerat,
1627 2724 1716 2764 quod
1732 2725 1767 2755 in
1784 2720 1843 2756 ἵνα
1859 2732 1927 2754 non
1945 2722 2044 2754 cadit.
2085 2721 2154 2752 Nec
2170 2719 2211 2752 ad

1350 2773 1405 2804 Αἱ.
1427 2768 1506 2804 386.
1537 2769 1656 2804 σκόπει
1676 2768 1809 2810 κλύων,
1838 2767 1881 2802 τὰ
1904 2767 1998 2814 σέμν’
2024 2761 2069 2802 ἵν’
2092 2765 2170 2812 ἥκει
2219 2774 2253 2813 ‘2⁵1

1352 2816 1571 2864 μαντεύματα
1588 2819 1646 2850 OR
1658 2814 1726 2849 953
1753 2826 1814 2858 quo
1835 2817 2021 2855 deveniant,
2038 2816 2062 2847 i.
2078 2824 2108 2847 e.
2126 2823 2188 2856 quo
2199 2813 2224 2844 1¹
2248 2811 2250 2816 ’
2266 2832 2268 2834 -

1350 2866 1454 2898 aenda
1470 2867 1547 2905 sint,
1569 2865 1757 2896 abiicienda
1774 2865 1899 2905 quippe
1917 2867 1951 2895 et
1969 2863 2067 2894 nihili
2086 2861 2245 2902 pendan

1351 2916 1390 2944 ut
1406 2923 1438 2945 v.
1453 2910 1522 2944 947
1547 2911 1575 2945 ὦ
1592 2909 1682 2946 θεῶν
1702 2909 1933 2956 μαντεύματα,
1958 2904 2003 2944 ἵν’
2024 2907 2110 2942 ἐστέ.
2147 2907 2223 2942 Sch
2239 2905 2254 2951 ἦ
2270 2937 2277 2944 ,,

1351 2957 1439 2993 ἐστέ.
1483 2959 1570 2991 Male
1595 2959 1781 2990 secundum
1797 2958 1888 2989 hunc
1905 2958 2041 2997 signum
2058 2958 2213 2991 interro
2237 2997 2243 2999 ξ
2278 2964 2288 3002 »j

1350 3010 1534 3048 posuerant
1557 3007 1613 3038 Br.
1644 3006 1714 3037 Erf.
1759 3005 1823 3036 Est
1851 3009 1963 3036 autem
1990 2999 2260 3051 σχετλιαστικῖ

1351 3051 1622 3099 ἐρωτηματικόν.
1658 3053 1710 3084 Of.
1733 3049 1867 3090 ἐξ’κεις
1885 3047 1911 3084 δ’
1934 3049 1992 3085 ἵνα
2010 3051 2147 3096 φανεῖς,
2177 3045 2195 3082 ὁ

1351 3099 1439 3146 ἀνὴρ
1457 3098 1541 3145 ἐμὸς
1557 3097 1669 3133 καλεῖ.
1700 3099 1756 3131 Tr.
1803 3096 1868 3131 157
1895 3099 2022 3139 copiam
2047 3096 2243 3134 ostenden?¹
2269 3069 2285 3161 ἶ

1349 3149 1413 3188 bis,
1435 3157 1512 3179 nam
1529 3156 1608 3179 vere
1625 3156 1721 3178 meus
1738 3146 1859 3178 dicare.
1887 3139 1930 3179 ἵν’
1949 3142 2092 3189 ἕσταμεν
2109 3139 2199 3190 χρεὶ
2265 3164 2283 3201 '4

2268 3218 2280 3241 ιι

2265 3311 2278 3347 5,

1675 3180 1678 3190 V
2264 3158 2274 3182 ’ὲ

1349 3205 1407 3228 νον
1433 3191 1602 3238 ἐκμαθεῖν
1624 3190 1656 3225 τί
1699 3182 1838 3240 ροὶστέον
1856 3193 1914 3224 OR
1934 3188 2024 3223 1442
2049 3193 2085 3222 in
2109 3192 2169 3222 hac
2236 3166 2241 3198 ¹
2265 3194 2281 3223 ζ·

1350 3244 1453 3282 anate,
1475 3242 1499 3272 i.
1521 3251 1550 3273 e.
1571 3238 1670 3273 τοιαύ
1691 3251 1733 3285 ης
1751 3237 1895 3284 ἀπορίας
1913 3236 1951 3272 ού
2002 3249 2028 3275 ς.
2066 3238 2169 3269 Velut

1348 3282 1393 3322 ἵν’
1411 3285 1554 3332 ἕσταμεν
1573 3288 1626 3319 Tr.
1646 3284 1735 3318 1145
1761 3290 1794 3317 et
1819 3284 1883 3319 οὒκ
1899 3284 1989 3319 εἰὸυῖ
2014 3282 2093 3330 ἄρα,
2114 3277 2157 3318 ἵν’
2172 3279 2196 3327 ἦ
2240 3281 2245 3314 s

1350 3336 1405 3367 El.
1426 3332 1505 3367 936.
1553 3333 1592 3367 ἰὼ
1612 3331 1753 3378 δαῖμον,
1780 3330 1823 3366 ἵν’
1848 3330 2013 3378 ἐξήλλου;
2043 3332 2101 3363 OB.
2121 3325 2216 3362 1311-
2231 3330 2245 3360 ζ,
2264 3354 2267 3356 .

2264 3356 2275 3410 Ι

2258 3267 2267 3288 4

2259 3175 2264 3182 i

2263 3226 2267 3233 ι

2242 3120 2254 3142 >

2249 3363 2262 3385 «7

1350 3381 1522 3420 tendebas;
1551 3392 1581 3413 v.
1604 3381 1717 3412 Herm.
1755 3380 1858 3411 Aliud
1877 3389 1984 3419 genus
2002 3377 2187 3419 tralationis
2210 3388 2221 3402 ·-¹

2238 3409 2252 3421 a,
