2288 3600
7 105 81 195 5²12.
91 136 310 187 ass-301]
593 162 662 208 ᾗ,

963 123 1074 182 Οἶος

1950 123 2043 173 521

0 238 111 290 σώζειν
127 243 204 285 οἵας
218 257 255 281 τε
273 245 328 279 00
341 242 422 279 262.
451 242 580 280 πείθειν
597 241 672 284 οἶός
687 239 717 279 τ’
733 241 764 279 εἴ
780 242 863 279 803.
883 242 1004 290 μόνοις
1066 241 1156 283 όνοις
1181 241 1255 278 οἷόν
1280 254 1317 277 τε
1346 241 1446 276 1136.
1484 240 1584 281 πόλις
1677 239 1929 288 κάνακουφίσαι
1960 239 2052 285 κάρα

0 289 66 334 ἓίῐόν
88 305 126 329 τε
153 290 254 327 1136.
283 291 322 327 ὃν
347 291 414 340 οὐχ
438 291 512 327 οἶόν
529 303 566 326 τε
584 293 640 325 Tr.
661 289 743 325 742.
781 292 833 326 Of.
854 292 998 325 Boeckh.

0 347 64 380 not.
91 342 165 375 c'rit.
193 342 234 374 ad
256 340 355 373 Pind.
383 350 417 382 p.
438 336 519 373 492.
548 339 640 379 Quae
663 340 701 372 in
726 340 848 381 impari
869 340 1004 372 iambici

0 399 108 424 uersus
133 388 213 421 sede
230 391 321 428 sunt,
354 396 421 420 non
438 388 605 421 recensui.
628 405 732 420 —.—
763 386 829 419 Usu
851 387 1003 428 plerum-

0 446 58 480 {ue
73 445 151 469 cum
166 435 376 477 productiore
394 435 498 467 forma
515 435 713 476 correlativi,
744 431 762 468 ὁ
773 435 871 468 ποῖο
883 444 899 471 ς
924 443 1004 466 con-

0 484 96 518 renit.
278 515 282 517 ,
720 479 771 524 (ΙΙ
792 491 827 523 p.
847 477 928 521 299,
949 477 1004 523 4.)

59 527 73 575 ΙΙ
88 530 318 562 Pmemittitur
335 530 567 561 coi-relativum
592 528 850 561 demonstrando
876 528 1002 560 consti-

0 580 103 611 :utum
126 578 281 614 τοιοῦτος
306 577 360 608 vel
383 573 526 610 τοιόσδε.
552 577 718 615 τοιοῦτον,
747 572 820 609 οἷον
846 573 906 608 καὶ
921 584 1004 608 στυ-

10 617 100 659 οῦντ’
117 621 305 658 ἐποικτίσαι
322 623 379 656 OR
390 619 490 656 1296.
512 619 586 656 οἷον
603 623 658 654 hic
675 626 728 654 est
744 621 842 663 ὥστε,
863 622 898 654 id
915 622 1003 663 quod

11 672 111 706 ποῖον
137 680 204 703 non
229 670 397 710 admittit;
427 670 485 702 sed
509 670 699 701 admittitur
724 670 752 701 si
778 669 874 710 quale
889 667 1003 712 :inter-

0 718 142 762 preteris.
162 713 284 751 κοῦπω
301 719 455 750 τοιοῦτον
474 713 544 751 οὔτ’
561 714 692 754 ἄκοιτις
708 713 732 761 ἡ
750 711 828 753 Διὸς
845 713 1003 796 προύθῖ-

0 775 59 806 ιεν,
88 762 162 799 οἷον
187 762 265 798 τόδε
291 764 346 797 Tr.
370 761 471 797 1050.
502 761 574 809 βίον
598 765 766 803 τοιοῦτον,
795 761 869 797 οἷον
893 761 967 807 κάμ
991 786 1000 802 ,

0 810 135 861 γηρᾶναί
158 821 242 845 ποτε
265 810 320 844 OC
337 807 418 843 870.
445 812 618 851 τοιοῦτον,
646 807 720 844 οἷον
745 808 826 844 οὐδὲ
844 807 1003 857 φωνῆσαί

0 870 54 894 τινι
79 857 184 898 ἔξεστι
211 854 313 900 1402,
334 859 421 900 quod
446 859 555 900 possis
580 859 681 890 etiam
706 856 793 892 ὥστε
818 858 997 899 explicare.

0 903 132 941 τοιούσδ’
148 903 235 943 ἴδοις
253 902 305 945 ἂν,
327 902 401 943 οἶός
420 902 490 938 ἐστι
507 906 566 938 νῦν
585 901 643 938 ὅδε
659 906 701 938 fr.
721 898 797 937 inc.'
812 901 892 944 964,
906 901 940 936 2.
959 922 1000 928 -

0 953 184 995 Aliquando
196 953 341 984 refertur
358 953 399 984 ad
415 949 473 986 ὅδε
490 952 706 994 praecedens.
736 949 866 998 ἔρημον
884 949 919 985 ἐν
936 963 1003 985 κα-

0 1001 86 1035 ιοῖσι
100 997 219 1041 τοῖσδ’,
241 996 325 1037 οἵοις
342 997 425 1045 ὁρᾷς
442 999 503 1031 Ph.
525 996 606 1031 471.

58 1045 73 1093 ΙΙ
87 1047 190 1079 Paulo
215 1047 365 1078 crebrius
385 1048 547 1087 premitur
571 1045 876 1080 demonstrativum.
908 1043 1002 1079 δοκῶ

37 1105 55 1142 ρ
87 1091 160 1128 οἷον
193 1091 294 1130 εἶπας
337 1090 460 1139 ἄντρον
494 1090 629 1140 εἰσορᾶν
662 1093 725 1125 Ph.
753 1089 811 1126 27.
847 1090 1002 1130 λιπόντες

0 1141 118 1206 ῳγονίῗ
139 1142 198 1179 οἷα
214 1142 303 1189 φωτὶ
319 1142 479 1190 δυσμόρῳ
505 1142 595 1190 ῥάκη
622 1141 808 1191 προθέντες
825 1142 908 1177 273.
936 1156 1003 1178 πα-

0 1191 63 1229 ῠων
82 1190 100 1226 ἔ
141 1204 189 1231 ως
205 1189 246 1226 ἂν
264 1188 323 1225 οἷά
340 1202 404 1237 περ
428 1194 565 1239 φρονεῖς
582 1192 640 1224 OR
655 1188 736 1226 403.
765 1190 853 1238 ἀνὴρ
871 1189 944 1226 οἷον
963 1190 1003 1226 σὺ

0 1239 62 1288 ρής
79 1236 102 1272 8
127 1236 160 1272 3.
190 1237 277 1273 ἔστιν
304 1232 332 1272 δ’
350 1236 424 1273 οἷον
451 1238 519 1285 ἐγὼ
536 1241 598 1285 γᾶς
624 1233 740 1277 Ἀσίας
758 1237 823 1273 οὐκ
841 1237 1003 1273 ἐπακούω

0 1286 150 1336 ρύτευμα
173 1287 229 1320 OG
247 1282 316 1318 694
333 1286 385 1318 eh.
414 1283 472 1320 οἷά
495 1296 559 1332 περ
582 1283 727 1320 πέπονθ’
744 1284 789 1320 ἀκ
817 1297 902 1324 κοας
919 1283 999 1319 896.

0 1345 16 1369 τ
39 1331 128 1373 ἄξεις
145 1331 220 1368 οἷον
237 1329 277 1366 ἂν
295 1330 360 1367 θέλ
388 1344 404 1371 ς
421 1329 502 1367 956.
522 1332 655 1379 γάμους
673 1330 805 1379 ἀναγκά
826 1345 874 1367 ων
891 1331 1003 1380 λέγειν

0 1345 88 1419 ιίρους
115 1379 184 1426 ἐρῶ
207 1379 299 1426 τάχα
316 1344 396 1414 983.
426 1378 569 1426 ἔπραξεν
595 1378 668 1414 οἷον
694 1378 819 1424 ἤθελεν
848 1378 938 1413 1704
955 1391 999 1414 m.

0 1425 28 1464 ίν
45 1425 73 1462 δ’
89 1425 348 1485 (ἐκλαυσάμτγν)
372 1424 446 1461 οἷον
464 1425 562 1462 οὔπω
590 1423 737 1473 πρόσθεν
755 1428 812 1461 Tr.
836 1425 914 1461 154.
937 1426 1004 1474 ἐγὼ

0 1473 29 1510 ίὲ
53 1474 168 1521 μάτηρ
194 1473 257 1520 μὲν
283 1485 339 1509 οια
355 1473 475 1521 φράζω
498 1471 566 1507 526
584 1475 637 1507 ch.
657 1475 727 1507 loco
744 1479 783 1507 ut
798 1475 932 1508 videtur
948 1477 1003 1508 in-

0 1524 206 1564 erpolatione
223 1523 352 1555 vitiato.
380 1519 491 1562 νόσος,
514 1519 587 1555 οἷον
606 1518 704 1556 οὔπω
723 1519 873 1566 έπέμολε
890 1520 1003 1560 πάθος

0 1566 56 1603 353
73 1570 126 1602 ch.
154 1566 263 1615 ἄνδρα
280 1566 351 1603 οἷον
369 1566 485 1603 οὔτινα
497 1566 604 1615 Τροία
621 1578 660 1602 or
682 1571 764 1602 ατοῦ
783 1565 926 1616 ’ὃέργθη
943 1571 999 1603 Ai.

0 1613 58 1650 124
74 1617 126 1649 ch.
156 1616 203 1654 ὡς
227 1613 269 1650 ἂν
293 1609 335 1664 ἧς
353 1614 425 1653 οἷός
450 1626 515 1660 περ
533 1614 565 1649 εί
586 1614 648 1648 111
679 1642 686 1648 .
716 1609 1005 1663 έντάφιαῖρέρου-

0 1671 62 1705 ναν,
83 1661 143 1698 οἷα
156 1665 230 1702 τοῖς
246 1661 344 1697 κάτω
368 1661 541 1709 νομίζεται
568 1663 622 1695 El.
643 1661 725 1697 327.
753 1661 944 1709 δηλώσαιμ’
961 1661 1003 1698 ἂν

0 1707 31 1751 ,υἷ’
48 1708 167 1749 αὐτοῖς
232 1714 301 1744 ονῶ
315 1707 394 1746 334.
424 1709 584 1756 φέροντες
602 1708 646 1744 οἷ’
662 1708 703 1745 ἂν
722 1707 800 1744 οὔτε
816 1721 867 1748 τις
886 1710 1001 1756 δόμων

0 1754 164 1792 ὶπώσαιτο
185 1720 291 1791 4324.
320 1755 419 1791 οὐδὲν
444 1755 509 1803 γὰρ
532 1755 637 1803 ἄλγος
662 1755 735 1792 οἷον
759 1755 784 1802 ἡ
801 1755 922 1803 ’πολλὴ
939 1757 1001 1804 ζόη

0 1805 80 1845 3cyr.
101 1806 143 1838 fr.
164 1801 245 1839 500.
273 1805 449 1837 Eiusmodi
467 1806 623 1846 exempla
645 1806 685 1838 ad
711 1806 780 1837 vim
799 1806 888 1838 vocis
905 1815 1002 1847 prae—

0 1853 123 1893 =ipuam
148 1849 427 1899 σχετλιαστικήν,
464 1861 531 1893 qua
557 1853 672 1885 differt
695 1853 735 1885 ab
761 1851 883 1890 ὁποῖος
912 1854 1002 1885 viam

0 1902 219 1941 praestruunt.
233 1916 275 1923 -
294 1899 534 1931 Atti-actionem
550 1899 616 1931 duo
626 1900 783 1941 exempla
799 1904 998 1933 monstrant.

0 1946 46 1979 ιῦν
72 1939 113 1987 δ’,
148 1945 178 1980 ὦ
202 1942 319 1981 Λύκει’
347 1938 537 1987 Ἀπολλον,
574 1944 609 1986 ἐξ
634 1943 717 1980 οἴων
743 1945 816 1993 ἔχω
841 1945 928 1980 αἰτῶ
945 1947 998 1980 El.

0 1989 93 2026 [379.
114 1997 160 2034 et,
180 1993 268 2035 quod
285 2002 327 2025 ex
344 1993 409 2025 alio
426 2002 550 2034 genere
567 1997 630 2034 est,
653 2004 729 2026 cum
748 2003 846 2026 casus
864 1995 1003 2026 correla-

0 2039 51 2072 ;lvi
67 2049 136 2072 una
152 2050 229 2073 cum
246 2041 390 2072 subiecti
417 2049 496 2072 casu
513 2045 664 2073 mutatus
691 2042 736 2073 sit
751 2045 888 2083 propter
904 2051 1002 2083 prae-

0 2088 94 2142 gressi
111 2088 205 2120 verbi
221 2088 310 2119 vim:
339 2091 414 2124 πῶς
440 2084 468 2120 δ’
491 2085 531 2120 ού
556 2085 707 2134 χάτέρας
731 2086 887 2134 (ἄργει),
924 2086 1000 2126 οἵας

0 2144 8 2190 s
33 2131 120 2179 ἐμοῦ
138 2133 196 2168 Tr.
215 2131 296 2166 444.
325 2134 454 2166 Debuit
471 2135 561 2166 enim
579 2135 646 2167 dici
663 2132 719 2169 οἷα
742 2132 771 2181 γ’
798 2129 866 2180 ἔγώ
884 2135 937 2167 vel
954 2134 1002 2173 ὡς

0 2182 88 2227 ιμοῦ.
125 2181 165 2214 V.
188 2181 318 2214 Schaef.
347 2181 391 2213 ad
420 2182 457 2213 L.
487 2182 563 2213 Bos.
592 2183 704 2223 ellips.
723 2192 757 2224 p.
778 2179 859 2216 479.
882 2200 923 2205 —
940 2183 1003 2215 Est

0 2228 88 2261 itiam
102 2229 161 2260 ubi
178 2229 303 2261 rectius
321 2226 422 2262 οὔτο
433 2239 449 2265 ς
467 2238 566 2270 quam
583 2238 628 2262 το
640 2240 677 2263 ιο
688 2231 734 2262 ῦτ
745 2240 788 2267 ος
806 2230 998 2270 subaudias,

0 2278 28 2308 nt
53 2272 148 2314 οἷος
172 2279 244 2307 tum
269 2276 476 2317 pronominis
508 2276 641 2308 relativi
667 2286 792 2309 munus
824 2278 998 2318 suscipiat.

0 2320 83 2368 Κέγοι
112 2317 121 2331 ’
152 2319 194 2356 ἂν
227 2319 271 2356 οἷ.Ἴ
300 2320 435 2367 ἥκουσα
465 2324 527 2356 τοῦ
559 2320 642 2356 θεοῦ
674 2321 768 2368 πάρα
792 2323 850 2356 OR
867 2321 924 2356 95.
951 2321 1003 2362 τίς

0 2366 77 2413 τολμ
105 2378 155 2402 σει
184 2366 301 2403 κλύων
332 2367 376 2403 τὰ
396 2363 490 2403 τοῦδ’
522 2367 666 2404 ἕπεσθαι
686 2368 831 2416 τάνδρὸς
857 2367 900 2404 οἷ’
926 2368 1003 2405 ἐθέ-

0 2424 104 2450 Ιπισεν
128 2416 184 2449 00
205 2413 306 2449 1428.
334 2417 459 2449 rectius
482 2417 580 2449 aliter
603 2418 818 2458 intelligitur.
862 2418 1002 2450 Omitti-

0 2470 45 2495 lut
60 2464 163 2495 etiam
180 2473 258 2495 cum
274 2464 398 2496 maiore
415 2464 558 2504 quadam
576 2465 713 2496 licentia
728 2466 895 2505 τοιοῦτος,
925 2474 1002 2497 cum

0 2506 60 2545 »io
71 2521 87 2547 ς
104 2511 249 2551 exemplo
267 2510 441 2550 inferendo
458 2511 581 2543 servit:
603 2512 698 2543 velut
724 2508 797 2549 οἷος
815 2509 1002 2569 δορυσσοῦς

0 2552 199 2637 ῗιφιάρεως
208 2557 263 2590 OC
276 2554 378 2590 1313.
396 2558 602 2590 subauditur
617 2569 663 2592 το
675 2569 711 2592 ιο
721 2559 796 2592 ῦτο
807 2570 828 2591 ι.
841 2555 1002 2604 οιαΧρυ-

0 2612 9 2639 Ι
31 2601 131 2648 θεμις
145 2602 224 2643 ζώει
241 2604 296 2636 El.
312 2602 389 2638 157.
418 2605 576 2646 Plerique
593 2606 670 2637 libri
688 2615 763 2638 cum
781 2606 839 2638 LA
857 2603 928 2640 οἷα.
942 2623 998 2637 —.

0 2650 88 2691 iAlia
108 2651 274 2684 eiusmodi
293 2652 560 2684 adverbiascunt.
590 2649 649 2686 οἷά
671 2645 733 2686 τιν’
755 2650 876 2687 ἄθλιον
910 2650 1002 2698 ὄρνιν

0 2693 43 2730 l'r.
63 2694 130 2730 105
139 2697 191 2730 ch.
207 2695 391 2732 κυκλοῦσιν
405 2696 479 2732 οἷον
497 2696 624 2743 ἄρκτου
638 2698 828 2746 στροφάδες
841 2696 1003 2734 κέλευθοι

0 2740 55 2777 [31
70 2745 123 2776 ch.
143 2745 263 2783 (velut)
280 2742 338 2778 οἷα
354 2743 409 2791 χεί
438 2756 492 2779 ατι
509 2746 570 2778 Ph.
583 2742 664 2778 293.
686 2748 836 2787 (quippe)
854 2739 897 2781 οἷ’
914 2744 1002 2794 ἀνὴρ

0 2787 95 2837 πένης
112 2788 192 2824 584.
230 2789 274 2825 οἷ’
298 2790 386 2838 ἀνὴρ
428 2790 600 2839 ρχηγέτης
626 2793 684 2826 OR
702 2790 782 2826 751.
809 2794 1002 2835 Aliquando

0 2833 62 2876 ιῖος
79 2839 225 2870 refertur
249 2839 290 2871 ad
313 2842 474 2872 omissum
499 2836 621 2877 οὕτως.
651 2837 750 2874 οὐδὲν
775 2838 840 2886 γὰρ
864 2837 1002 2886 ἀνθρώ-

0 2892 98 2918 ποισιν
109 2882 184 2919 οἷον
201 2883 361 2931 ἄργυρος,
381 2885 490 2920 κακὸν
508 2880 642 2931 νόμισμ’
662 2884 804 2932 ἔβλαστε
822 2888 904 2920 Ant.
917 2885 998 2920 295.

57 2931 72 2974 ΙΙ
88 2932 279 2974 Aliquando
301 2935 505 2971 τοιοῦτος
587 2931 681 2971 οἷος
707 2943 797 2966 nexu
824 2944 943 2967 causae
968 2939 1002 2967 et

0 2980 268 3020 aonsequentium
292 2982 473 3021 composita
498 2985 596 3020 sunt,
634 2985 673 3012 ut
696 2991 755 3022 pro
780 2978 878 3019 οἷος
901 2982 1002 3014 liceat

0 3022 98 3059 Βστε
127 3027 317 3066 subrogare.
354 3024 470 3071 θέαμα
499 3022 527 3060 δ’
560 3025 689 3073 είσόψει
713 3026 757 3061 τά
784 3039 805 3061 α
831 3030 996 3069 τοιοῦτον,

0 3068 61 3106 »tow
90 3071 150 3106 καὶ
179 3069 351 3118 στυγοῦντ’
387 3072 577 3108 ἐποικτίσαι
601 3074 660 3107 OR
680 3037 782 3107 1293}
817 3072 891 3108 οἷον
919 3073 1000 3108 ὁδοῦ

0 3116 86 3156 τέλος
110 3117 397 3166 ἀφωρμήθησιεν,
433 3122 587 3155 τοιοῦτον
622 3118 695 3154 οἷον
735 3119 816 3155 οὐδὲ
845 3119 1002 3167 φωνῆσαί

0 3173 52 3199 mn
77 3164 183 3206 ἔξεστι
207 3167 263 3199 OC
283 3152 383 3199 1401.
411 3170 565 3202 τοιοῦτον
584 3165 791 3213 ἐκβέβηκεν,
820 3165 894 3202 οἷον
920 3166 1001 3214 ὑμῖν

1061 288 1155 325 υθῶν
1173 288 1218 326 ἔτ’
1238 288 1304 338 οὐχ
1321 288 1379 324 οἵα
1394 302 1431 324 τε
1448 291 1505 323 OR
1521 287 1580 323 24.
1748 287 1798 333 (ΙΙ
1815 299 1848 330 p.
1871 286 1950 328 300,
1974 286 2050 331 12.)

1117 339 1132 381 ΙΙ
1148 339 1239 371 Ηίηο
1263 345 1301 371 ut
1317 339 1416 380 plane
1440 339 1530 370 idem
1556 338 1780 378 significantia
1804 340 2050 378 componuntur

1038 388 1073 418 in
1087 387 1202 418 eadem
1220 387 1391 418 sententia
1408 382 1481 423 οἷος
1499 388 1533 416 et
1550 382 1683 422 ὁποῖος.
1706 383 1791 416 Cum
1804 384 1924 423 Hyllus
1941 383 2050 414 dixis-

1039 437 1090 465 set
1114 430 1174 467 οἷά
1201 428 1236 478 μ’
1263 430 1315 478 εἴρ
1340 442 1438 472 ασαι;
1468 432 1522 465 Tr.
1547 429 1648 472 1203,
1684 431 1847 462 Hercules
1870 430 2052 471 respondet

1039 478 1144 514 ὁποῖα
1162 475 1293 527 δραστέ’
1335 477 1416 512 στίν.
1444 478 1643 520 Quanquam
1660 479 1742 510 haec
1755 478 1876 518 Hyllus
1893 487 1970 509 cum
1987 477 2051 508 ali-

1038 537 1104 569 qua
1120 527 1246 570 ssdoloris
1283 527 1525 568 significatione
1557 525 1773 558 exclamando
1802 526 1940 566 profert.
1985 523 2051 556 Sed

1038 575 1264 606 certissimum
1282 579 1353 607 est:
1381 567 1456 607 οὔθ’
1482 568 1525 607 οἷ’
1554 570 1722 619 ἔπασχεν,
1753 568 1828 606 οὔθ’
1855 567 1949 605 ὁποῖ’
1969 568 2052 616 ἔδρα

1036 619 1130 655 κακά.
1146 622 1204 654 OR
1223 618 1325 654 1272.

1116 668 1130 711 ΙΙ
1147 669 1278 701 Deinde
1295 670 1331 700 in
1348 668 1603 708 interroyatione
1619 667 1759 698 relativa
1784 667 1855 698 sive
1872 666 2048 705 indirecta,

1038 719 1077 747 ut
1091 717 1246 753 τοιοῦτος
1279 716 1427 754 intelligi
1446 724 1511 746 non
1531 715 1649 755 possit,
1671 715 1807 754 ponitur
1833 710 1942 750 οἷος.
1971 709 2051 745 ὅταν

1037 773 1062 795 π
1085 760 1216 808 οδείξῃς
1241 760 1314 796 οἷόν
1333 760 1402 795 ἐστι
1426 761 1465 795 τὸ
1491 758 1633 806 φθονεῖν
1650 760 1709 792 OR
1726 757 1805 793 624.
1834 754 1973 794 ἀκούεθ’
1994 756 2052 792 οἷα

1037 772 1240 855 φθέγγεταις
1266 809 1322 842 OC
1338 807 1419 842 881.
1442 807 1551 849 δεῖξον
1569 805 1780 853 ἀνθρώποισι
1796 805 1973 852 τάπιτίμια
1989 808 2052 850 τῆς

1037 854 1234 902 δυσσεβείας
1267 854 1326 890 οἷα
1349 854 1537 902 δωροῦνται
1562 851 1636 889 θεοί
1665 856 1718 887 El.
1742 851 1843 886 1383.
1871 852 1914 887 τὰ
1941 850 1967 886 δ’
1996 851 2053 887 οἷα

1038 902 1163 950 πάσγω
1181 901 1530 950 συγκατοικτιουμένη
1550 903 1605 934 Tr.
1627 899 1709 935 535.
1737 900 1767 935 εί
1783 903 1939 947 παροῦσα
1957 898 2052 947 πλη-

1039 949 1095 985 σία
1113 943 1271 988 ἔλευσσες
1285 946 1328 984 οἷ’
1349 948 1481 996 ἔδρασε,
1503 944 1599 995 κάρτ’
1617 946 1657 983 ἂν
1677 942 1827 995 ᾤκτισας
1845 945 1927 981 897.
1945 957 2053 989 quan-

1037 1009 1138 1040 quam
1163 998 1218 1030 hic
1240 998 1334 1030 adest
1354 994 1583 1045 σγετλιάσεως
1608 996 1863 1035 adsignificatio,
1893 999 1932 1027 ut
1949 1005 2048 1041 φρον.

1038 1043 1096 1092 οἵᾳ
1111 1043 1170 1079 νόσ
1190 1058 1200 1078 ›
1218 1042 1366 1084 ξύνεστιν
1390 1039 1448 1077 'OR
1466 1041 1547 1076 303.
1570 1042 1637 1102 ἐρῶ
1655 1041 1713 1076 οἶά
1739 1054 1798 1087 μοι
1838 1039 2055 1087 εβουλευκὼς

1039 1090 1112 1140 ἔχει
1128 1090 1174 1125 70
1202 1117 1209 1124 .
1237 1088 1280 1125 ἵν’
1299 1090 1459 1140 ἐκμάθῃς
1479 1088 1562 1125 οἴων
1582 1085 1637 1124 υπ’
1656 1088 1790 1136 ἀνδρῶν
1835 1088 1871 1122 δε
1890 1090 2055 1145 φρουρεῖ-

1037 1150 1093 1174 ται
1117 1137 1218 1177 πόλις
1243 1139 1298 1172 OC
1319 1137 1419 1172 1013.
1450 1136 1488 1172 ού
1513 1137 1652 1184 γνώμαν
1669 1135 1799 1185 ἴσχεις,
1831 1133 1864 1176 ἐξ
1897 1147 1980 1170 οιων
2005 1134 2055 1173 εἰς

1037 1184 1121 1225 ἄτας
1139 1184 1318 1231 ἐμπίπτεις
1339 1198 1399 1227 ...3
1426 1186 1479 1217 El.
1501 1182 1582 1218 214.

1115 1233 1130 1276 11
1148 1235 1200 1266 Ab
1226 1233 1287 1266 hac
1310 1238 1426 1266 exorta
1450 1234 1586 1265 videtur
1608 1232 1751 1264 causalis
1776 1232 1854 1272 illa,
1881 1240 1967 1273 quae
1993 1231 2055 1262 ali-

1038 1282 1170 1323 quoties
1186 1282 1289 1322 inest,
1311 1281 1374 1322 vis,
1395 1284 1433 1313 ut
1451 1278 1502 1314 ὅτι
1517 1281 1673 1317 τοιοῦτος
1692 1290 1718 1312 s.
1741 1277 1815 1312 ἐπεὶ
1829 1280 1984 1315 τοιοῦτος
2002 1279 2057 1309 in-

1039 1329 1217 1370 terpretari
1241 1329 1361 1370 possis.
1391 1329 1432 1360 V.
1457 1327 1588 1360 Schaef.
1618 1328 1659 1358 ad
1685 1328 1761 1358 Bos.
1783 1326 1893 1367 ellips.
1914 1335 1948 1367 p.
1969 1322 2050 1357 252.

1040 1376 1164 1409 Heind.
1195 1375 1237 1407 ad
1262 1375 1348 1407 Plat.
1378 1375 1521 1407 l’haedr.
1543 1385 1575 1416 p.
1597 1370 1679 1407 262.
1717 1374 1790 1406 Non
1816 1374 1864 1405 ita
1886 1373 2051 1412 intelligo,

1038 1427 1078 1454 ut
1095 1423 1166 1455 Ers.
1188 1423 1246 1455 ΟΒ
1263 1419 1343 1454 701.
1365 1422 1423 1454 sed
1440 1422 1521 1454 haec
1538 1422 1694 1453 certiora:
1722 1419 1806 1467 πρὸς
1832 1418 1870 1453 δὲ
1893 1417 1973 1456 τοὺς
1997 1416 2055 1464 φί-

1038 1467 1120 1507 λους
1138 1464 1184 1503 οἷ’
1202 1467 1398 1514 ἀνταμείβει
1409 1463 1555 1549 ῥήματ’,
1575 1466 1618 1512 ἦν
1637 1464 1664 1501 σ’
1693 1465 1762 1502 ἕλω
1780 1465 1864 1500 ποτέ
1881 1477 1958 1499 cum
1975 1476 2055 1508 apo-

1037 1518 1172 1559 siopesi‚
1204 1517 1383 1549 subaudito
1431 1515 1509 1561 ίκην
1534 1513 1667 1556 δώσεις,
1692 1515 1747 1548 00
1764 1511 1845 1546 814.
1873 1511 1986 1558 [aliter
2003 1522 2056 1545 re-

1038 1565 1139 1596 finxit
1155 1564 1266 1596 locum
1283 1561 1406 1608 Dind.]
1430 1560 1480 1600 τίς
1506 1560 1544 1596 δὲ
1566 1559 1736 1607 τολμήσει
1759 1559 1876 1595 κλύων
1900 1558 1943 1594 τὰ
1959 1555 2052 1594 τοῦδ’

1038 1608 1184 1645 ἔπεσθαι
1200 1609 1282 1645 τάνδ
1308 1609 1358 1651 ός,
1381 1606 1426 1644 οῖ’
1447 1607 1647 1651 έθέσπισεν;
1679 1606 1779 1642 1428.
1810 1607 1900 1654 βοῶν
1917 1607 1974 1641 τὸν
1993 1604 2056 1641 Οἷ-

1037 1656 1124 1696 νέως
1140 1656 1252 1705 γάμον
1267 1669 1340 1692 οιον
1357 1656 1611 1703 κατακτήσαιτο
1625 1654 1801 1701 λυμαντὴν
1818 1654 1891 1700 βίου
1902 1655 1956 1686 Tr.
1971 1651 2053 1686 793.

1037 1706 1188 1738 admixta
1205 1703 1410 1753 σχετλιάσει.
1450 1704 1535 1751 πρὸς
1553 1701 1612 1737 οἶα
1629 1701 1785 1741 δουλείας
1810 1701 1894 1749 ζυγὰ
1917 1703 2055 1750 χωροῦ·

1039 1763 1114 1797 μεν,
1135 1750 1202 1787 οἷοι
1218 1752 1283 1799 νῷν
1301 1750 1462 1798 ἐφεστᾶσι
1480 1748 1604 1785 σκοποί
1620 1752 1676 1783 Ai.
1695 1747 1777 1783 945.
1796 1760 1872 1782 cum
1887 1753 1981 1782 tales.

1115 1805 1129 1847 ΙΙ
1148 1806 1216 1839 Sed
1244 1816 1340 1838 suam
1369 1810 1404 1838 et
1429 1806 1635 1847 peculiarem
1669 1802 1763 1842 οἶος
1796 1805 1976 1837 dictionem
1994 1803 2055 1835 ha-

1036 1853 1106 1893 bet,
1139 1863 1216 1885 cum
1248 1855 1284 1885 in
1314 1854 1485 1885 sententia
1518 1849 1778 1898 σχετλίασις
1811 1852 1912 1891 inest,
1940 1851 1976 1882 id
2004 1854 2057 1882 est

1038 1909 1115 1931 cum
1148 1905 1206 1932 aut
1237 1903 1427 1941 reputamus
1464 1899 1555 1940 apud
1589 1909 1650 1931 nos
1680 1901 1839 1931 mirantes
1879 1900 1931 1930 vel
1963 1897 2056 1930 indi-

1037 1946 1210 1987 ymbimdi
1240 1949 1293 1979 vel
1317 1949 1495 1986 Laetantes,
1524 1951 1583 1978 aut
1614 1947 1696 1978 adeo
1728 1947 1950 1978 exclamamus
1981 1954 2058 1976 cum

1037 1993 1149 2026 eodem
1165 2004 1262 2026 sensu
1284 1995 1326 2027 de
1343 2004 1379 2026 re
1395 1995 1518 2035 aliqua,
1540 2003 1625 2035 quae
1644 1994 1697 2025 vel
1723 1993 1864 2025 honesta
1889 1997 1924 2025 et
1940 1992 2057 2024 lauda-

1036 2041 1114 2073 bilis
1135 2042 1189 2073 vel
1213 2042 1353 2082 indigna
1378 2046 1413 2073 et
1438 2050 1503 2072 non
1530 2041 1669 2073 ferenda
1694 2041 1748 2072 vel
1775 2042 1884 2080 gravis
1910 2043 2000 2072 certe
2022 2043 2057 2071 et

1037 2089 1304 2121 consideratione
1328 2089 1430 2129 digna
1447 2088 1602 2120 videatur
1626 2097 1713 2120 esse.
1752 2087 1806 2120 Sic
1831 2097 1908 2119 cum
1933 2085 2056 2123 ὁποῖος

1037 2145 1211 2177 nunquam
1229 2137 1400 2168 miscetur.
1431 2134 1460 2168 ὦ
1478 2132 1577 2175 ποὺς,
1598 2132 1657 2168 οἷά
1675 2131 1707 2180 μ’
1729 2132 1864 2181 ἐργάσει
1881 2132 1974 2167 κακά
1990 2133 2051 2165 Ph.

1037 2178 1116 2215 786.
1145 2180 1374 2227 ἀνακλάομαι,
1411 2179 1454 2216 οἷ’
1487 2176 1555 2228 ἔργ’
1588 2179 1606 2215 ὁ
1639 2184 1721 2219 παῖς
1755 2179 1788 2226 μ’
1822 2179 1962 2227 ἔδρασεν
1997 2177 2056 2218 οὑξ

1038 2225 1079 2263 Ἀ
1107 2227 1230 2267 ιλλέως
1255 2227 1336 2262 940.
1365 2229 1393 2263 ὦ
1419 2231 1532 2275 μῖσος,
1562 2227 1621 2263 οἶα
1644 2226 1918 2275 κάξανευρίσκεις
1943 2226 2054 2273 λέγων

1038 2239 1119 2309 9931.
1148 2277 1176 2310 ὢ
1200 2287 1211 2296 “
1227 2279 1334 2324 εῖρες,
1361 2274 1420 2311 οἷα
1443 2274 1586 2322 πάσχετ’
1611 2274 1646 2310 ἐν
1676 2274 1780 2323 χρείᾳ
1806 2273 1909 2321 φίλης
1934 2276 2055 2320 νευρᾶς

1041 2321 1142 2356 1004.
1172 2322 1207 2358 οἷ
1229 2336 1244 2362 ς
1263 2318 1298 2369 μ’
1315 2320 1472 2370 ὑπῆλθες
1492 2321 1592 2356 1007.
1622 2324 1698 2356 libri
1717 2321 1775 2356 οἷά
1800 2317 1834 2368 μ’
1859 2327 1898 2354 ut
1918 2322 2001 2355 Suid
2018 2333 2051 2353 v.

1038 2368 1140 2430 ὑγιές,
1167 2372 1254 2404 illud
1270 2382 1289 2403 a
1307 2372 1407 2403 Tricl.
1429 2375 1490 2403 est.
1511 2368 1632 2415 [Dind.
1654 2380 1682 2402 c.
1703 2371 1818 2402 Herm.
1840 2370 1932 2402 dedit
1951 2364 1994 2403 οἷ’
2012 2366 2055 2402 αὖ

1039 2430 1065 2462 μ
1077 2416 1104 2462 .]
1122 2412 1198 2451 ἀλλ’
1217 2416 1275 2452 οἶα
1291 2417 1362 2466 γρὴ
1386 2414 1510 2451 παθεῖν
1537 2428 1580 2462 με
1597 2415 1691 2452 δοκῶ
1709 2414 1929 2463 προλεύσσειν
1951 2412 2051 2448 1359.

1038 2462 1111 2500 οἷόν
1137 2462 1170 2511 μ’
1198 2459 1378 2499 ἀκούσαντ’
1404 2463 1477 2511 ἔχει
1502 2462 1617 2511 ψυχῆς
1643 2462 1732 2498 πλάν
1762 2476 1810 2509 μα
1835 2464 1893 2496 OR
1909 2460 1990 2495 726.
2011 2459 2056 2496 οἷ’

1039 2509 1107 2558 ἔργ’
1133 2509 1325 2554 ἀκούσεσθ’,
1355 2509 1413 2545 οἷα
1438 2506 1466 2545 δ’
1492 2509 1671 2547 εἰσόψεσθε
1698 2509 1739 2543 12
1766 2508 1799 2543 4.
1828 2509 1863 2544 οἷ
1893 2519 1945 2544 οι·
1980 2508 2053 2543 οἷον

1037 2557 1148 2594 εἰσέδυ
1167 2557 1201 2604 μ’
1218 2557 1291 2605 ἅμα
1307 2557 1458 2604 κέντρων
1478 2547 1652 2617 οἴστρῆμα
1666 2556 1767 2590 1317.
1797 2557 1825 2591 ὧ
1877 2555 1981 2602 όλυβε
1998 2583 2050 2596 ...,

1038 2605 1112 2640 οἷον
1129 2604 1198 2652 ἆρά
1215 2618 1257 2652 με
1274 2604 1404 2643 κάλλος
1421 2611 1540 2640 κακῶν
1558 2603 1707 2640 υπουλον
1727 2603 1929 2651 ἐξεθρέψατε
1949 2600 2051 2636 1395.

1039 2651 1126 2699 βίου,
1154 2651 1229 2687 οἷον
1257 2651 1376 2698 βιῶναί
1403 2663 1479 2699 σφω
1503 2653 1587 2700 πρὸς
1605 2651 1798 2699 ἀνθρώπων
1815 2651 1928 2698 γρεών
1948 2648 2050 2683 1488.

1038 2711 1136 2742 quam
1153 2701 1341 2741 indiynam.
1369 2698 1431 2744 τὴν
1457 2699 1564 2734 πάλαι
1588 2698 1708 2746 γένους
1759 2691 1878 2744 θορᾶν,
1907 2695 1963 2732 οἷα
1986 2709 2054 2731 κα-

1037 2745 1139 2794 τέσχε
1162 2746 1220 2781 τὸν
1246 2747 1303 2781 σὸν
1326 2744 1450 2780 ἄθλιον
1475 2746 1583 2792 δόμον
1608 2747 1664 2779 OC
1683 2711 1763 2779 373.
1791 2744 1865 2779 οἷον
1891 2739 1944 2791 ἆρ’
1969 2743 2052 2778 ὁδοῦ

1037 2792 1136 2831 τέλος
1154 2786 1308 2840 Ἀργους
1341 2792 1610 2840 ἀφωρμ’θημεν
1638 2791 1739 2826 1400.
1782 2792 1847 2838 τὴν
1872 2791 1982 2826 παῖδα
2009 2785 2054 2824 οἷ’

1039 2839 1196 2885 ὀδύρεται
1212 2839 1312 2878 πόλις
1330 2842 1411 2872 Ant.
1434 2805 1513 2874 69⁷4.
1544 2839 1601 2875 οἵα
1619 2838 1729 2887 φίλων
1746 2838 1936 2880 ἄκλαυτος,
1967 2836 2054 2875 οἵοις

1036 2887 1157 2932 νόμοις
1174 2887 1260 2934 πρὸς
1277 2885 1368 2933 ἕρμα
1390 2886 1640 2933 τυμβόγωστον
1660 2886 1809 2934 ἔργομαι
1825 2883 1894 2919 847
1910 2897 1955 2918 m.
1976 2896 2054 2919 κοι-

1037 2934 1200 2980 μήματα,
1221 2932 1311 2968 οἴων
1337 2933 1405 2981 ἐγώ
1430 2929 1556 2968 ποθ”ἁ
1579 2929 1779 2979 ταλαίφρων
1804 2932 1888 2979 ἔφυν
1912 2929 1982 2965 866
2005 2942 2051 2964 m.

1036 2983 1192 3023 queritur
1214 2983 1305 3014 enim
1322 2983 1363 3014 de
1382 2982 1584 3015 infelicitate
1601 2982 1694 3013 illius
1715 2981 1886 3012 connubii.
1915 2979 1943 3013 ὦ
1967 2977 2054 3024 τλῆ-

1038 3039 1114 3072 μον,
1146 3026 1219 3062 οἷον
1245 3027 1344 3075 ἔργον
1370 3026 1541 3085 εἴργασαι,
1575 3025 1675 3060 1228.
1705 3025 1747 3060 ἴδ’
1765 3025 1851 3067 οἷον,
1872 3026 1900 3060 ὦ
1918 3025 2049 3066 παῖδες,

1038 3072 1239 3121 προσέμιξεν
1264 3073 1358 3121 ἄφαρ
1382 3086 1509 3113 τουπος
1526 3074 1566 3109 τὸ
1583 3072 1779 3117 θεοπρόπον
1804 3071 1889 3118 ἡμῖν
1907 3074 1964 3107 Tr.
1983 3070 2050 3105 821

1038 3123 1090 3154 ch.
1121 3121 1222 3168 ίερῶν
1248 3119 1322 3156 οἵαν
1351 3120 1408 3155 ἐπί
1434 3133 1492 3177 μοι
1519 3120 1632 3167 μελέῳ
1657 3119 1757 3167 χάριν
1773 3119 1891 3166 ἡνύσω
1908 3117 1976 3152 995
1995 3130 2050 3152 an.

1038 3180 1072 3202 v·
1092 3166 1200 3213 θῦμα.
1229 3166 1304 3203 οἵαν
1333 3166 1368 3214 μ’
1395 3167 1419 3202 ἄ
1475 3166 1558 3203 ἔθου
1576 3166 1715 3213 λώβαν,
1751 3165 1825 3201 οἷαν
1855 3164 1923 3200 997
1941 3177 1995 3200 an.
2024 3167 2052 3200 ὦ

0 3208 92 3260 βρῶμ’
111 3210 314 3248 ἀνέλπιστον
333 3212 457 3258 μαθεῖν
471 3215 526 3247 Tr.
541 3211 621 3247 673.
642 3215 730 3247 Hinc
745 3216 868 3247 omisso
883 3218 1002 3249 τοιοῦ-
1035 3213 1171 3270 τλῆμον
1185 3210 1326 3255 Ἑλλάς,
1347 3213 1410 3249 πέν
1438 3227 1475 3253 ος
1500 3213 1574 3250 οἷον
1591 3214 1661 3248 εἰσο
1685 3219 1713 3248 ὢ
1738 3212 1878 3254 ἕξουσαν
1899 3211 2000 3246 1112.
2020 3212 2054 3247 τί

30 3269 47 3296 ς
71 3264 162 3292 ortae
187 3261 348 3293 formulae
366 3265 447 3293 sunt
472 3258 544 3298 οἷός
568 3257 597 3294 τ’
624 3259 694 3306 εἰμί
719 3261 830 3302 facere
850 3272 996 3304 possum,

9 3301 64 3339 ἶόν
85 3301 114 3339 τ’
141 3304 211 3340 ἐστί
234 3307 305 3349 fieri
325 3312 440 3348 potest.
471 3303 545 3341 ἀλλ’
574 3306 613 3342 ού

665 3305 739 3342 οἷόν
763 3319 800 3342 τε
833 3309 895 3342 Ph.
915 3306 997 3342 925.
1036 3307 1139 3343 καλεῖ
1158 3306 1259 3342 1206.
1289 3306 1398 3343 οἷανέ
1430 3308 1437 3320 ’

10 3389 17 3395 ,
65 3349 166 3385 1418.
196 3352 233 3388 ὃν
251 3352 318 3400 οὐχ
336 3352 409 3388 οἶόν
425 3364 462 3392 τε
481 3356 536 3388 Tr.
557 3352 603 3388 74
631 3381 639 3388 .
668 3352 780 3393 οὐδεὶς
797 3353 872 3393 οἶός
888 3367 924 3389 τε
942 3356 1000 3389 OR
1037 3358 1092 3389 Ai.
1109 3353 1175 3388 221
1193 3356 1244 3388 ch.
1274 3353 1339 3389 οὐκ
1354 3354 1526 3400 ἠκούσατε
1539 3353 1700 3397 Α’ίαντος,
1721 3352 1796 3389 οἵαν
1813 3353 1915 3400 τήνδε.
1935 3350 2053 3390 θωΰσ-

14 3438 15 3444 γ
38 3396 93 3433 15.
123 3397 240 3441 σώζειν
259 3398 334 3440 οἵας
349 3412 386 3436 τε
403 3402 458 3436 OC
476 3399 557 3436 262.
585 3399 715 3438 πείθειν
729 3400 803 3442 οἶός
818 3398 846 3436 τ’
866 3401 898 3438 εί
914 3400 995 3437 803.
1037 3413 1086 3438 σει
1104 3401 1208 3450 βοήν;
1239 3400 1319 3437 335.
1346 3399 1464 3438 ἴδεσθέ
1480 3399 1514 3449 μ’
1539 3400 1612 3438 οἷον
1641 3404 1736 3448 κῦμα
1752 3400 1971 3450 ἀμφίδρομον
1988 3413 2054 3438 κυ-

1038 3275 1064 3307 μ
1094 3260 1210 3302 εἷπαςς
1240 3260 1299 3296 οἶά
1324 3259 1357 3306 μ’
1383 3260 1553 3342 εξρξχασαη
1587 3259 1652 3294 120
1681 3288 1687 3295 ,
1725 3259 1834 3305 οἴμοι,
1864 3258 1922 3295 οἶά
1940 3259 1973 3304 μ’
1991 3259 2053 3294 ἔκ-

1471 3319 1562 3346 ωσας
1587 3306 1710 3355 ἀνδρὸς
1736 3306 1876 3346 αἴθονος
1893 3306 2051 3353 ἀγγελίαν

1421 3321 1444 3354 η
