2288 3600
27 136 31 141 l
83 158 233 207 —837.]

0 234 28 306 ι,
54 263 297 346 νξὲἑιαιζν).
323 265 558 307 1.Formae.u
585 264 694 297 Praes.
719 263 927 310 ἱκνοῦμαι

706 139 939 212 Ἰκνέομαι
966 177 1026 185 -
1044 144 1202 204 Ἵλαος

1879 149 1979 199 335

963 263 1025 310 μὲν
1051 262 1162 303 οὐδεὶς
1186 262 1297 310 μῦθος
1312 263 1409 299 ἵκετο
1428 267 1508 297 Ant.
1533 263 1587 297 12.
1623 263 1656 298 εἴ
1672 276 1704 298 τι
1722 263 1891 312 θέσφατον
1909 276 1978 298 πα-

180 313 240 346 ΟΒ.
247 309 330 345 798.
345 311 402 344 OG
411 309 491 344 275.
505 309 608 344 1011.
624 312 680 344 Ai.
692 308 773 343 588.
790 311 846 343 ΕΙ.
861 307 927 343 136
960 310 1015 357 τρὶ
1030 314 1238 359 χρησμοῖσιν
1253 310 1380 346 ἱκνεῖτο
1392 312 1448 344 Oc
1462 310 1541 344 970.
1570 313 1669 344 Porro
1681 317 1859 354 pervagata
1872 314 1978 353 signi-

16 356 17 359 ’
80 368 202 393 uorum
217 360 389 392 modorum
405 360 512 391 solum
528 360 647 401 partic.
667 359 792 399 legitur
811 356 927 392 ἱκνου-

0 404 102 481 ΫΔΟΟ
120 403 211 440 1566
223 407 275 439 ch.
294 423 336 430 --
362 406 502 447 Imperf.
525 405 695 440 ἱκνεῖτο
712 405 767 438 OC
785 402 866 438 970.
883 423 925 429 —

21 451 88 494 ἵξο
135 465 178 488 αι
199 455 254 486 Ai.
286 450 387 486 1365.
427 451 534 492 ἵξεται
558 454 619 485 Ph.
648 449 728 485 634.
765 453 823 485 ΟΒ
846 449 924 484 769.

0 487 32 540 'a
48 497 93 533 14
119 499 151 534 1.
179 497 311 540 ἵξεσθαι
330 501 383 532 ΕΙ.
404 496 484 534 953.
506 518 548 525 -
575 501 653 532 Aor.
677 496 783 544 ἱκόμ
821 511 838 532 ν
856 499 924 532 OB.

963 360 1072 391 ficatio
1089 363 1142 391 est
1158 359 1388 400 supplicandi,
1417 370 1436 391 a
1452 360 1621 401 pergendo
1639 359 1730 391 haud
1745 360 1846 391 dubie
1864 360 1904 391 ad
1921 369 1978 399 ge-

964 411 1100 448 nuaque
1117 407 1297 439 accidendo
1315 407 1456 439 deflexa.
1495 407 1559 439 Sed
1576 407 1713 438 nonnisi
1726 413 1880 447 praesens
1897 410 1977 438 tem-

961 463 1025 495 pus
1050 455 1098 486 ita
1122 455 1257 486 dicitur.
1304 451 1419 499 ἱκέτης
1446 453 1603 498 ἱκνοῦμαι
1627 454 1688 486 Ph.
1708 451 1788 485 470.
1833 451 1974 494 ἀπόδος,

967 499 1126 546 ἱκνοῦμαί
1150 510 1186 534 σε
1211 498 1291 533 932.
1336 495 1411 535 ἀνθ’
1436 500 1482 534 ὦν
1501 499 1660 546 ἱκνοῦμαι
1677 499 1761 547 πρὸς
1778 497 1869 534 θεῶν
1887 499 1977 546 ὑμᾶς

0 541 97 585 11432.
117 545 197 581 788.
232 547 288 580 OG
303 544 374 580 273
390 548 455 580 bis.
484 547 539 579 Tr.
563 543 662 579 1061.
691 547 745 579 ΕΙ.
766 544 787 578 3
815 571 822 578 .
844 542 924 578 936.
943 551 947 600 ι
963 547 1019 580 OG
1043 546 1124 580 275.
1159 546 1262 581 τάσδε
1286 546 1347 585 τὰς
1364 545 1447 585 θεὰς
1463 546 1581 581 καλῶν
1602 547 1761 592 ἱκνοῦμαι
1782 546 1882 580 1011.
1919 546 1978 580 καί

0 588 79 628 &OB
95 591 176 628 534.
211 594 267 628 OC
283 591 363 627 467.
385 591 454 626 669
471 595 523 627 ch.
557 591 654 628 ἵκετο
671 593 733 625 ΡΙ).
753 591 832 626 601.
870 592 928 626 OR
944 601 948 641 γ
965 605 999 628 σε
1024 594 1110 641 πρὸς
1134 597 1196 628 τοῦ
1224 597 1283 628 σοῦ
1306 594 1428 628 τέκνου
1452 594 1510 628 καὶ
1531 592 1620 629 θεῶν
1641 594 1799 640 ἱκνοῦμαι
1817 597 1871 627 Αἰ.
1893 592 1971 627 588.

0 636 97 676 [756.
133 643 215 675 Ant.
246 638 300 674 12.
338 641 394 673 Tr.
421 638 501 673 270.
530 638 611 673 757.
637 642 680 673 fr.
700 642 768 673 inc.
789 638 868 681 705,
889 637 922 672 2.

43 713 50 721 .
71 685 150 721 556.
186 685 304 735 ἵκηται
321 688 379 721 ΟΒ
396 685 452 720 76.
492 685 630 734 ἱκοίμην
647 689 699 720 ΕΙ.
722 685 802 720 315.
821 689 922 719 'Ant

13 761 23 771 .
56 733 168 770 ἵκοιτο
185 736 243 768 OR
262 733 339 768 150.
368 736 423 768 OC
441 733 521 768 308.
550 735 604 767 El.
629 732 728 768 1316.
764 732 844 768 ἵκου
860 736 925 766 im-

0 776 86 824 flvus
110 782 166 816 OG
191 780 271 815 741.
303 779 392 815 1495
416 782 467 814 ch.
505 783 599 816 Suid.
628 793 659 814 v.
686 779 766 817 ἵκου
792 786 826 814 et
849 782 927 813 libri

0 830 94 878 plque
110 833 288 872 penacute,
304 830 422 862 Elmsl.
444 827 493 873 [et
505 828 628 874 Dind.]
647 828 722 863 ἱκοῦ
740 829 926 862 secundum

0 884 41 917 im
64 878 159 909 nobis
181 878 312 910 tritum.
347 877 393 909 Et
416 877 605 918 antiquitus
627 878 694 908 iam
711 886 782 909 rem
798 880 928 909 contro—

0 933 47 967 ⁸1³1
70 925 176 957 fuisse
193 925 335 957 discitur
350 934 394 956 ex
418 925 519 956 schol.
547 926 606 956 Ar.
634 925 724 956 Plut.
748 921 832 964 103,
862 933 927 964 quo

0 964 92 1012 [onio
107 972 208 1004 Alex.
233 969 335 1005 ἵκου
359 972 530 1012 analogiae
555 972 660 1011 magis
684 972 795 1003 visum
821 972 926 1002 fuisse

4 1015 14 1023 ”
73 1027 178 1051 neum
202 1019 358 1051 refertur.
396 1018 462 1051 Sed
484 1021 598 1050 contra
612 1019 714 1050 libros
732 1022 822 1050 certe
840 1018 926 1049 nihil

0 1103 1 1107 Ἰ
21 1102 25 1103 ⁷
49 1072 119 1098 um.
140 1083 182 1090 -
211 1063 344 1100 ἱκέσθαι
368 1066 429 1098 Ph.
459 1063 547 1098 1471
567 1074 622 1098 an.
649 1065 708 1097 OR
723 1062 804 1097 912.
840 1066 922 1096 Ant.

0 1110 60 1146 '45⁸³-
80 1112 172 1154 Pers.
192 1121 260 1145 uno
277 1114 347 1145 loco
362 1122 429 1145 non
446 1113 624 1145 dubitabili
640 1113 775 1154 legitur,
794 1110 871 1158 ἵγμ
882 1123 897 1144 ε
908 1131 926 1136 -

0 1151 42 1198 ᾖ.
62 1156 142 1192 229.
179 1160 295 1192 Altero
313 1164 402 1192 certa
418 1160 585 1192 Erfurdtii
602 1161 837 1192 emendatione
853 1160 927 1191 illa-

0 1203 60 1245 {Ost
73 1204 135 1240 ΡΙι.
156 1203 244 1249 494,
276 1208 336 1239 ubi
359 1208 438 1240 libri
463 1205 576 1240 πολλὰ
599 1205 665 1254 γὰρ
683 1209 758 1244 τοῖς
777 1205 926 1250 ἱκμένοις

0 1242 204 1289 Ιλοναῦτόν.
233 1253 334 1287 schol.
355 1252 428 1287 ἀντὶ
443 1256 504 1287 τοῦ
523 1252 593 1287 διὰ
616 1258 703 1287 τῶν
731 1251 926 1298 ἱκμένων

0 1299 262 1351 βπσρευμένων.
293 1302 423 1334 Similia.
441 1302 557 1342 Tricl.,
579 1302 637 1334 sed
650 1303 702 1334 his
717 1302 857 1343 insuper
869 1301 927 1332 ad-

964 640 1047 683 αἰαῖ,
1071 640 1229 687 ἱκνοῦμαι
1247 642 1300 674 ΕΙ.
1323 639 1388 675 136
1406 652 1450 674 m.
1483 643 1552 674 Iam
1571 641 1606 680 ἐς
1623 640 1747 688 λόγους
1767 640 1899 676 ἱκέσθαι
1915 640 1978 674 τινί

965 700 991 721 s.
1027 687 1118 726 τινός
1153 690 1320 729 significat
1352 690 1502 730 coctoqui.
1546 687 1610 723 κᾶν
1637 687 1812 735 θαρσοῦσα
1845 687 1978 734 μᾶλλον

965 735 1000 774 ἐς
1016 734 1142 782 λόγους
1157 735 1238 774 τοὺς
1255 735 1334 774 σοὺς
1354 734 1490 782 ἱκοίμην
1509 737 1563 769 El.
1583 734 1663 769 315.
1704 737 1755 768 De
1778 736 1979 777 proprietate

965 785 1128 816 sermonis
1145 793 1253 815 unum
1270 784 1377 815 adhuc
1395 785 1579 815 notandum
1598 784 1653 816 OG
1671 781 1752 816 273.
1792 785 1850 816 νῦν
1870 777 1898 816 δ’
1916 781 1978 816 οὐ-

965 829 1021 864 δὲν
1047 829 1148 868 εἰδὼς
1178 828 1342 876 ἱκόμην
1371 825 1423 864 ἵν’
1449 829 1629 876 ἱκόμην,
1663 833 1699 862 in
1723 832 1815 862 mala
1838 830 1978 871 nefandi

964 878 1085 917 incidi;
1113 878 1255 910 formula
1276 879 1497 919 abrumpendi
1516 880 1678 910 sermonis
1696 880 1730 910 in
1749 888 1813 919 quo
1832 879 1907 919 quis
1923 879 1978 909 in-

963 926 1054 957 vitus
1073 929 1236 957 versatur.
1274 926 1316 957 V.
1339 926 1508 958 Sohaeser.
1530 927 1552 957 l.
1575 935 1602 957 c.
1624 930 1658 957 et
1674 925 1904 966 exemplorum
1921 935 1976 956 co-

963 973 1052 1014 piam
1070 983 1123 1014 ap.
1145 973 1307 1004 Abresch.
1329 973 1369 1004 ad
1384 973 1504 1004 Aesch.
1527 974 1589 1013 Ag.
1611 969 1655 1004 67
1673 973 1753 1014 ibiq.
1771 973 1959 1004 Blomtleld.

1033 1036 1184 1089 Ἰκτὴρ
1201 1043 1359 1084 supplem
1387 1044 1467 1075 item
1494 1043 1535 1075 de
1554 1052 1606 1082 re,
1636 1052 1718 1084 qaae
1741 1044 1978 1084 supplicationi

964 1092 1108 1122 inservit.
1148 1089 1225 1136 ἱκτῆ
1250 1101 1285 1128 ες
1309 1088 1483 1136 [ἱκετῆρες
1502 1091 1603 1122 Dind.
1625 1100 1668 1122 ex
1685 1088 1815 1134 apogr]
1841 1087 1979 1123 ἐπιστε-

962 1136 1125 1184 νάχουσιν
1143 1137 1201 1170 OR
1241 1135 1287 1169 85
1304 1138 1355 1170 ch.
1384 1132 1496 1177 τούσδ’
1513 1135 1655 1183 ἄραντες
1674 1136 1816 1184 ἱκτῆρας
1828 1135 1978 1175 κλάδους

963 1185 1020 1217 OR
1047 1182 1112 1217 143
1137 1193 1169 1226 q.
1197 1185 1221 1217 1.
1259 1185 1354 1217 Suid.
1384 1196 1415 1218 V.
1445 1183 1598 1231 ἱκτῆρας.
1628 1183 1789 1229 [llesych.
1818 1183 1974 1230 ἱκτῆρεςε

965 1231 1083 1266 ἱκέται.
1105 1229 1261 1276 tiamne]
1722 1230 1754 1275 (Ι
1772 1242 1805 1273 p.
1822 1230 1902 1272 837,
1925 1230 1980 1274 5.)

1031 1297 1040 1310 ‘
1052 1299 1154 1348 Ικτή
1166 1313 1183 1348 ρ
1195 1314 1230 1336 ιο
1242 1314 1258 1340 ς
1275 1304 1413 1343 supplex
1431 1304 1471 1335 de
1489 1303 1635 1335 homine.
1674 1300 1797 1340 πάντες
1815 1312 1850 1335 σε
1869 1312 1978 1347 apos-

0 1343 22 1397 Bst
41 1345 66 1394 ἢ
81 1350 156 1386 τοῖς
175 1346 325 1394 ἶγμένοῑς
341 1346 399 1382 ’καὶ
415 1345 615 1395 ἀφιγμένοις
633 1343 792 1382 ἐνταῦθα.
830 1349 927 1380 Veri·
962 1351 1131 1395 κυνοῦμεν
1158 1346 1222 1383 οἵδ’
1245 1348 1391 1396 ίκτήριοι
1408 1349 1465 1382 OR
1483 1347 1563 1382 327.
1601 1351 1690 1382 Hinc
1707 1351 1833 1382 dictum
1852 1347 1979 1396 ἄγοντα

0 1386 37 1444 ἢ
52 1399 105 1428 est
127 1397 164 1428 in
189 1397 283 1428 libris
305 1396 474 1437 aliquibus
491 1400 549 1428 aut
565 1396 813 1428 commentariis
831 1396 871 1427 ab
888 1404 927 1427 eo

46 1456 71 1471 -n
101 1450 176 1475 esse
201 1451 313 1475 veram
337 1444 554 1484 scripturam,
585 1452 675 1475 nunc
697 1444 798 1475 etiam
815 1444 926 1474 firma-

2 1477 39 1536 ξ
54 1489 102 1522 ιιί.
130 1490 186 1522 Lc
211 1491 300 1522 Ricc.
325 1492 412 1523 Ven.
433 1489 640 1522 Buttmanno
656 1494 791 1532 propter
807 1497 926 1530 synco-

7 1574 9 1577 Α
39 1552 53 1558 ,
63 1537 86 1570 d
102 1538 214 1569 aoristi
230 1537 446 1579 participium
462 1547 481 1569 a
497 1538 638 1569 senariis
656 1538 798 1569 scenicis
811 1537 928 1568 exclu-

23 1586 38 1617 ,’
55 1583 121 1617 Sed
144 1585 235 1626 apud
259 1585 392 1616 nullum
410 1586 605 1626 scriptorem
622 1586 836 1626 participium
854 1588 923 1624 est3

18 1639 49 1669 ,ὶιι
69 1633 132 1663 vit
148 1632 240 1663 enim
255 1633 291 1663 in
310 1632 466 1663 adiectivi
484 1636 638 1663 naturam
652 1636 691 1663 ut
704 1633 755 1663 vel
772 1632 927 1672 spiritum

5 1670 40 1705 ³⁹.
73 1702 82 1719 ‚
106 1675 145 1712 ἵχ
173 1689 267 1719 evoe,
295 1677 467 1711 secundus.
504 1676 615 1716 πάθος
645 1680 795 1719 agnoscit
823 1679 926 1710 etiam

28 1722 95 1767 '⁵p.
174 1750 181 1765 ,
201 1722 259 1758 28.
288 1736 319 1757 V.
340 1726 486 1765 Hesych.
508 1737 539 1757 v.
560 1723 699 1771 ἴκμενος
720 1731 755 1758 et
771 1726 927 1766 inprimis

9 1772 80 1811 ᾗ).
99 1783 125 1806 α·
136 1769 217 1805 479.
256 1772 374 1804 Fuisse
400 1776 513 1804 autem
537 1775 594 1814 qui
611 1778 748 1814 propter
765 1774 927 1813 originem

6 1851 28 1863 2„
57 1822 213 1852 notarent
232 1820 356 1860 spiritu
373 1820 514 1852 discitur
531 1829 574 1852 ex
592 1821 689 1852 Eust.
710 1829 743 1861 p.
765 1818 846 1860 575,
867 1816 922 1851 46.

3 1863 57 1922 {4⁶³3
83 1862 140 1898 42.
162 1883 269 1899 —-.—-·
308 1867 352 1898 11.
386 1865 480 1900 Usus.
509 1867 523 1909 ΙΙ
547 1868 682 1908 Propria
697 1867 852 1899 veniendi
868 1866 929 1898 ad-

8 1915 23 1961 ,J
71 1922 131 1955 que
153 1916 320 1969 potestate
345 1917 456 1946 exstat
480 1916 554 1952 τοῖς
581 1913 729 1960 ἱγμένοις
755 1915 815 1946 Ph.
843 1910 923 1946 494,

3 1947 48 2001 f's
69 1958 120 1994 όν
197 1958 304 1999 ἵξεται
327 1957 407 1992 634.
450 1959 569 1994 νόστου
603 1963 761 2007 σωτῆρας
796 1958 930 1994 ἱκέσθαι

5 2003 135 2043 .δῖαν
175 2018 279 2053 κηται
304 2007 363 2039 OR
383 2004 440 2040 76.
476 2006 561 2054 πρὸς
585 2006 682 2042 οἷκον
700 2002 817 2042 οὐκέθ’
832 2006 927 2041 ἵκετο

3 2040 46 2104 ξς
57 2049 79 2088 s
91 2051 156 2100 γὰρ
173 2051 214 2088 ἂν
231 2048 320 2100 δεῦρ’
338 2052 462 2100 tntum
479 2052 559 2087 318.
598 2049 668 2089 οὐδ’
687 2054 812 2101 ἱκόμην
830 2051 928 2102 ἔγωγ’

6 2112 47 2153 &³³⁸
91 2099 153 2139 τὰς
177 2099 263 2147 ἐμὰς
285 2100 404 2148 στέγας
419 2099 499 2136 ἵκου
517 2099 597 2134 534.
634 2101 739 2149 ὅσπερ
764 2095 849 2136 ἵκετ’
867 2100 929 2135 έκ-

14 2160 19 2183 ;
48 2142 130 2190 ,756
153 2149 260 2181 rediit.
304 2145 412 2187 ἵξεται
430 2148 490 2194 μέν
509 2146 588 2181 769.
633 2148 692 2183 καί
710 2143 744 2195 μ’
762 2147 780 2183 ὁ
799 2146 928 2193 Φοῖβος

50 2191 184 2241 Mis-qv
196 2193 316 2240 ἄτιμον
330 2192 519 2241 ἐξέπεμψεν
532 2194 611 2229 788.
638 2195 732 2230 ἱκνοῦ
763 2208 798 2230 αι
809 2194 929 2229 τούσδε

12 2266 17 2279 ²
79 2258 105 2270 ”
135 2254 151 2280 ³
167 2240 929 2336 {2⁸91*ffi-{uss‘ssffi‘ioissffgii'iod²2'²³²3ss

9 2332 73 2382 ,Συ
102 2333 118 2378 )
143 2334 183 2370 τὸ
210 2340 345 2381 πρῶτον
368 2308 448 2370 {zoi}
473 2334 554 2369 467.
597 2335 676 2371 ἵκου
702 2335 744 2370 τὰ
767 2349 789 2371 κ
811 2302 930 2371 άξιστα

27 2373 77 2417 ἶ·
96 2379 141 2417 λα
164 2379 232 2415 669
249 2384 301 2415 ch.
336 2380 417 2417 ἵκου
442 2383 526 2429 πρὸς
544 2382 660 2422 οἴκους
679 2382 758 2417 741.
799 2389 834 2416 et
850 2382 928 2418 ἵκου

87 2427 107 2474 )
123 2427 212 2475 ὑμᾶς
230 2423 348 2464 ἔστειλ’
367 2428 499 2464 ἱκέσθαι
516 2432 598 2463 Ant.
622 2428 700 2464 165.
729 2430 824 2469 ὅπως
843 2429 931 2464 ἱκοί-

8 2471 56 2537 *f
100 2494 107 2505 »—
117 2484 186 2510 των
206 2475 421 2535 προσήγορος
441 2475 541 2510 1185.
586 2476 623 2512 εὖ
643 2477 704 2523 μὲν
721 2477 756 2524 ’ίγ
786 2477 851 2513 εθα
871 2479 926 2511 Tr.

10 2531 53 2578 3&
86 2520 180 2557 ’ἵκετ’
201 2521 300 2562 auth:
317 2522 346 2559 Τ
350 2535 360 2557 ι
382 2521 498 2558 υνθίαν
516 2524 600 2572 πρὸς
616 2523 732 2559 κλιτύν
772 2523 829 2558 70.
861 2527 931 2571 κῆ-

8 2598 10 2610 .
28 2584 70 2620 .'¹'
86 2567 192 2604 οἴκων
215 2568 310 2605 ἵκετο
331 2570 353 2605 7
378 2570 412 2604 7.
452 2569 535 2617 ὅσην
554 2570 622 2618 ἐγὼ
638 2575 738 2618 γαῖαν
755 2570 930 2618 καθαίρων

25 2612 175 2662 131061.
219 2615 320 2656 αὐτὸς
346 2615 459 2652 ἐνθάδ’
482 2616 599 2664 ἵξομαι
616 2620 670 2651 Αἰ.
695 2617 796 2652 1365.
865 2618 896 2652 νί

9 2662 17 2671 ’”
55 2661 111 2713 ἶτὺ
123 2660 274 2699 Πυθικὸν
292 2667 453 2711 μαντεῖον
472 2666 524 2697 ΕΙ.
547 2663 602 2698 32.
632 2660 685 2700 ὅθ’
703 2665 828 2712 ἱκόμην
870 2664 891 2699 3
921 2692 926 2698 .

1 2724 51 2776 ᾧ,
92 2727 95 2732 ·
167 2705 218 2757 op‘
240 2709 373 2751 ἵξεσθαι
393 2709 474 2744 953.
510 2712 604 2745 Suid.
625 2724 657 2745 v.
678 2712 866 2759 πράκτορα.
902 2713 931 2747 εἰ

51 2779 68 2799 3
89 2766 114 2790 ι
129 2755 194 2796 ζῶν
211 2755 321 2793 ἵκοιτο
340 2755 442 2792 1316.
466 2777 507 2783 -
529 2758 540 2803 Η
566 2760 710 2792 Tralatio
727 2763 827 2794 varia.
857 2761 932 2793 Pri-

13 2838 14 2843 ¹
27 2834 28 2837 ,
57 2838 58 2843 ,
88 2804 160 2836 'ubi
174 2807 284 2837 venire
299 2807 399 2838 liceat
414 2807 644 2848 interpretari,
669 2808 726 2839 sed
742 2808 931 2848 praeditum

10 2850 364 2903 mgctrcumscriptiva
379 2857 555 2895 potestate,
577 2857 616 2885 ut
632 2855 742 2886 simile
756 2855 811 2893 sit,
828 2855 933 2894 signi-

45 2912 49 2927 :
85 2899 222 2940 eumen,
239 2909 338 2941 quam
351 2897 534 2947 γίγνεσθαι.
564 2897 636 2945 ἅμα
649 2899 764 2946 σωτήρ
776 2895 809 2935 θ’
821 2899 931 2935 ἵκοιτο

88 2957 97 2964 ·‘
140 2944 347 2991 παυστήριος
372 2947 430 2979 OR
456 2944 522 2979 150
545 2948 738 2988 Apollinem
761 2952 928 2990 precatur,

13 2993 40 3011 '²'
107 2992 234 3024 oraculo
262 3002 459 3034 responsum
489 2996 756 3035 exspectabatur.
800 2996 932 3027 Deinde

40 3071 56 3079 ..
85 3059 87 3061 -
114 3038 285 3078 *significat
311 3040 352 3072 ad
379 3041 563 3072 terminum
585 3042 732 3083 aliquem
756 3043 929 3083 temporis.

26 3077 214 3163 ,ἶώποίῗ
229 3083 320 3132 ἥβης
338 3084 386 3124 εἰς
402 3085 440 3120 τὸ
455 3091 503 3119 σι’*
533 3098 590 3133 ρον
603 3085 699 3121 ἵκετο
710 3089 776 3120 inc.
797 3086 878 3130 705,
893 3086 927 3121 2.

63 3124 140 3176 :ih-32
162 3130 246 3178 πρὸς
262 3135 363 3168 τοῦτο
380 3134 434 3166 Ai.
457 3099 536 3166 55⁰3.
565 3143 727 3166 annorum
749 3139 784 3167 et
807 3136 932 3168 mentis

112 3185 167 3210 m.
203 3179 290 3211 Tum
310 3183 479 3220 peruenire
502 3181 546 3214 ad
570 3183 714 3223 aliquem
737 3191 763 3214 s.
789 3182 933 3214 accidere

15 3204 62 3245 ’,ἢ
129 3246 138 3264 ,
165 3224 206 3256 de
221 3235 351 3259 rumore
365 3252 372 3268 ,
393 3236 428 3259 re
445 3236 531 3259 nova
547 3229 674 3260 malove
691 3229 812 3270 aliquo.
847 3227 896 3266 τίς
915 3227 932 3262 ὁ

16 3248 64 3272 κω·

20 3271 90 3321 §.2st
103 3267 176 3308 1³2&
187 3268 282 3306 ἵκετο
294 3273 356 3305 Ph.
373 3270 452 3305 601.
481 3272 619 3308 πολλῶν
633 3273 802 3321 πημάτων
818 3273 934 3309 ἱκνου-

17 3319 80 3367 «54⁶
120 3313 233 3350 1566.
265 3320 390 3360 Reisig.
412 3317 616 3367 ίπούμενον,
635 3323 658 3353 i.
681 3332 712 3363 q.
734 3319 934 3368 βεβλαμμέ-

17 3364 64 3414 s‘t-:s
80 3388 82 3397 2
113 3394 117 3396 ,
134 3376 142 3389 ·-
160 3366 334 3408 participio
351 3369 540 3408 praesentis
557 3370 717 3400 offensus.
752 3371 792 3401 V.
814 3369 929 3401 Herm.

19 3418 23 3451 ξ
41 3422 125 3454 ἱππ
157 3413 229 3443 tae
248 3412 404 3445 dictionis
430 3415 512 3446 ratio
530 3424 572 3447 ex
590 3416 643 3447 his
664 3419 821 3456 apparet:
858 3414 935 3461 ἐμοὶ

965 1401 1088 1444 φωτῶν
1115 1394 1246 1431 ἀθλίων
1274 1395 1409 1443 ἱκτήρια
1426 1397 1493 1429 Oc.
1516 1394 1595 1429 923.
1632 1398 1770 1429 Dictum
1789 1398 1880 1429 enim
1898 1401 1979 1437 puto

963 1454 1022 1486 pro
1047 1448 1164 1491 φῶτας
1190 1441 1332 1482 ἀθλίους
1360 1443 1551 1490 ἱκτηρίους,
1581 1448 1766 1486 praeeunte
1792 1444 1913 1476 Matth.
1939 1444 1978 1475 ad

963 1492 1043 1524 Eur.
1072 1491 1197 1523 Phoen.
1229 1489 1330 1524 1486.
1368 1491 1491 1524 Contra
1508 1493 1656 1524 Vauvill.
1687 1493 1832 1532 insiynia
1853 1492 1980 1531 suppli-

964 1539 1061 1571 candi
1090 1539 1270 1579 significari
1300 1539 1476 1580 videntur,
1506 1539 1630 1580 quibus
1657 1540 1811 1571 mortales
1836 1539 1875 1570 ad
1901 1539 1980 1569 deos

964 1587 1147 1626 accedunt,
1175 1587 1263 1628 quod
1289 1587 1428 1618 minime
1454 1596 1530 1618 cum
1556 1583 1649 1632 ἄγειν
1674 1587 1708 1617 υἱ
1732 1595 1841 1618 secum
1857 1586 1982 1617 trahere

964 1637 1076 1674 potest
1092 1633 1272 1666 conciliari.
1301 1635 1433 1666 Deinde
1450 1643 1519 1665 rem
1536 1635 1662 1665 indicat
1679 1643 1740 1674 quo
1758 1635 1980 1674 supplicantes

964 1684 1123 1721 utuntur,
1152 1682 1309 1721 inprimis
1327 1679 1515 1726 στέμματα.
1553 1681 1593 1712 V.
1617 1681 1754 1713 Sluiter.
1777 1681 1884 1713 Lectt.
1906 1683 1979 1712 An-

964 1728 1035 1760 doc.
1056 1738 1089 1769 p.
1108 1725 1187 1760 150.
1226 1726 1390 1774 ἱκτηρίοις
1414 1726 1588 1761 κλάδοισιν
1614 1725 1852 1773 ἐξεστεμμένοι
1869 1727 1927 1759 OR
1943 1724 1977 1767 3,

965 1785 1066 1816 quem
1082 1772 1211 1808 θαλλὸν
1230 1773 1417 1821 προσίκτην
1437 1779 1532 1807 vocat
1548 1775 1697 1807 Moschio
1716 1785 1768 1816 ap.
1787 1774 1879 1808 Stob.
1899 1778 1924 1805 t.
1944 1771 1976 1805 3.

964 1831 997 1864 p.
1019 1819 1088 1854 312
1105 1823 1198 1864 Lips.
1228 1827 1262 1854 et
1290 1821 1414 1868 ἱκτῆρα
1439 1819 1568 1856 θαλλόν
1587 1823 1669 1854 Eur.
1689 1822 1807 1864 Suppl.
1831 1819 1885 1853 10.
1924 1821 1976 1853 Gr.

965 1870 1110 1901 Brunck.
1132 1870 1154 1900 l.
1178 1879 1206 1902 c.
1229 1870 1390 1902 'Rursum
1415 1871 1511 1901 aliter
1528 1879 1636 1901 comas
1653 1870 1689 1900 in
1707 1870 1801 1901 luctu
1818 1870 1980 1900 abscissas

966 1921 1000 1948 et
1016 1918 1051 1948 in
1069 1917 1228 1948 honorem
1246 1918 1368 1948 mortui
1387 1917 1565 1959 sepulcrali
1582 1918 1660 1957 igne
1678 1917 1873 1948 cremandas
1889 1916 1979 1947 Teu-

965 1973 1020 1995 cer
1036 1964 1118 1996 dicit
1137 1962 1288 2009 ἱκτήριον
1306 1961 1479 2010 θησαυρόν
1498 1965 1551 1995 Ai.
1576 1961 1677 1996 1175.
1718 1964 1979 1997 Scholiastarum

965 2020 1055 2042 unus
1080 2020 1148 2042 non
1173 2012 1289 2052 inepte
1307 2012 1456 2052 explicat
1471 2010 1510 2044 τὸ
1531 2009 1656 2044 ἱκέσιον
1674 2013 1814 2056 κτῆμα·
1833 2008 1923 2056 λέγει
1942 2007 1979 2042 δὲ

963 2056 1024 2095 τὰς
1040 2055 1173 2105 τρίχας,
1195 2059 1315 2090 ceteris
1331 2055 1369 2090 in
1388 2059 1450 2090 alia
1467 2059 1580 2090 omnia
1596 2060 1811 2090 abeuntibus.

1034 2121 1225 2166 Ἰκτῖνος
1257 2129 1388 2161 milvus.
1456 2126 1600 2168 λαῢκες,
1635 2127 1755 2162 ἰκτῖνοι
1784 2129 1900 2168 Amyc.
1934 2127 1974 2159 fr.

968 2171 1032 2207 113
1064 2185 1117 2217 ap.
1143 2176 1269 2207 Athen.
1299 2172 1331 2208 9.
1367 2185 1401 2217 p.
1430 2141 1498 2208 400
1520 2178 1552 2208 b.
1609 2176 1700 2208 Libri
1732 2173 1870 2215 ἷκτινοι,
1906 2176 1978 2215 epi-

966 2226 1053 2254 tome
1073 2221 1213 2262 ἰκτῖνοι,
1242 2226 1282 2254 ut
1302 2233 1440 2263 gramm.
1462 2224 1577 2255 Herm.
1598 2233 1632 2264 p.
1654 2220 1733 2255 320.
1770 2224 1802 2254 Is
1820 2226 1978 2254 accentus

966 2278 1067 2301 verus
1085 2273 1154 2311 est,
1183 2281 1215 2302 v,
1237 2270 1337 2302 Eust.
1359 2280 1392 2312 p.
1417 2267 1518 2311 1825,
1543 2267 1598 2311 12,
1626 2271 1685 2311 qui
1709 2273 1854 2301 testatur
1875 2270 1980 2300 Hero-

965 2317 1121 2357 dianum,
1151 2326 1342 2359 quanquam
1359 2318 1465 2349 Draco
1482 2315 1611 2354 ἴκτινος
1634 2318 1735 2349 scribi
1751 2319 1846 2348 iubet
1863 2327 1896 2358 p.
1918 2313 1974 2355 53,

965 2361 987 2395 8
1020 2367 1055 2395 et
1088 2363 1261 2396 Platonem
1293 2365 1620 2406 Aristophanemque
1662 2366 1804 2396 afferens
1838 2363 1902 2395 EM
1944 2374 1974 2394 v.

966 2408 1110 2448 ’ίκτινοςε
1147 2411 1223 2443 libri
1248 2413 1349 2443 etiam
1377 2412 1515 2444 aliorum
1539 2412 1670 2443 variant
1695 2413 1913 2452 scriptorum,
1942 2420 1974 2442 V.

967 2458 1150 2490 Tzschuck.
1172 2458 1213 2489 ad
1231 2459 1321 2491 Stob.
1343 2456 1375 2499 9,
1395 2455 1462 2490 395
1488 2463 1522 2490 et
1546 2460 1670 2490 Iacobs.
1692 2459 1733 2490 ad.
1746 2459 1878 2490 Aelian.
1902 2458 1975 2489 HA.

966 2514 999 2545 p.
1022 2501 1077 2537 32.
1107 2505 1172 2537 Sed
1192 2503 1315 2542 ἰκτῖνες
1333 2515 1376 2537 ex
1389 2507 1505 2537 eodem
1518 2506 1586 2537 loco
1599 2507 1696 2537 affert
1709 2506 1806 2537 Eust.
1826 2515 1858 2546 p.
1874 2501 1975 2543 1534,

970 2549 1022 2593 15,
1052 2552 1092 2583 de
1118 2562 1183 2593 quo
1207 2553 1420 2593 metaplasmo
1437 2554 1506 2592 egit
1525 2553 1666 2584 Lobeck.
1688 2553 1728 2584 de
1746 2553 1811 2584 adi.
1833 2553 1979 2583 motione

923 2614 931 2626 a
967 2600 1115 2630 anomala
1132 2600 1212 2631 diss.
1234 2601 1293 2631 IV.
1314 2597 1360 2638 (a.
1386 2597 1492 2643 1831)
1510 2597 1559 2643 [et
1571 2600 1679 2632 Paral.
1699 2609 1733 2641 p.
1754 2596 1819 2631 170
1837 2609 1885 2640 sq.
1910 2625 1917 2631 .
1933 2616 1979 2621 —

969 2643 1095 2683 ἰκτῖνος
1113 2645 1160 2683 ὡς
1179 2639 1535 2692 ἔκλαγξεπαρασόρας
1552 2644 1655 2693 κρέας
1684 2648 1724 2678 fr.
1754 2647 1820 2678 inc.
1835 2643 1880 2678 89
1922 2655 1975 2686 ap.

969 2692 1128 2725 Choerob.
1163 2693 1268 2725 Bekk.
1301 2704 1334 2734 p.
1365 2690 1445 2726 902.
1514 2695 1634 2726 Zonar.
1666 2703 1700 2735 p.
1731 2691 1822 2725 1100
1851 2691 1979 2729 ἴκτινος

969 2737 1100 2784 ἔκραξε.
1239 2748 1247 2756 ·

1037 2793 1286 2842 Ἱκτορεύω.
1335 2795 1594 2844 ἱκτορεΰσομενε
1641 2796 1856 2844 ἱκετεύσομεν
1888 2795 1974 2844 Σοφ.

968 2841 1076 2891 Αἱχμ.
1102 2842 1160 2888 (fr.
1181 2842 1243 2889 56]
1266 2845 1410 2885 Hesych.
1446 2846 1527 2888 [cod.
1551 2843 1807 2891 ἱκτερεύσομεν;
1835 2855 1918 2878 corr.
1947 2847 1974 2878 1.

968 2891 1065 2949 Voss.
1094 2892 1210 2983 coll]ata
1234 2893 1338 2924 altera
1361 2893 1404 2933 gl.
1435 2893 1581 2934 Hesych.
1603 2891 1882 2939 ἱκετορευσομεν;
1912 2891 1981 2926 ἱκε-

966 2948 1141 2983 τευσομεν.

1032 2989 1158 3030 υΙλοῖο
1170 3007 1185 3034 ς
1203 3000 1237 3028 et
1253 2994 1357 3034 ἵλεως
1379 3000 1555 3039 propitius,
1578 2999 1712 3031 hilaris·
1738 2998 1827 3030 Illud
1844 2998 1979 3030 melico-

968 3053 1061 3075 rum:
1082 3040 1193 3084 ἵλαος,
1215 3043 1243 3076 ὦ
1261 3041 1405 3088 δαίμων,
1425 3043 1535 3087 ἵλαος,
1558 3044 1588 3079 εἴ
1602 3056 1634 3079 τι
1651 3044 1697 3092 γᾷ
1716 3043 1887 3092 ματέριτυ
1936 3043 1980 3078 ά-

967 3100 1034 3126 νεις
1052 3087 1198 3136 ἀφεγγὲς
1215 3089 1327 3137 φέρων
1346 3091 1413 3123 Oc.
1437 3089 1527 3124 1480
1544 3092 1597 3126 ch.
1631 3093 1752 3125 Aesch.
1774 3093 1874 3124 Eum.
1941 3089 1975 3124 2.

968 3138 1161 3177 ambiguum
1179 3148 1201 3170 α
1217 3139 1370 3178 videtur,
1392 3138 1491 3179 Soph.
1513 3140 1691 3180 corripuit,
1718 3141 1777 3172 sed
1793 3141 1979 3172 secundum

969 3184 1099 3215 Atticae
1124 3184 1357 3216 declinationis
1381 3186 1490 3225 legem
1515 3190 1706 3228 oportuerat
1731 3188 1880 3229 produci.
1909 3187 1979 3218 Re-

969 3231 1132 3262 centiores
1156 3231 1240 3262 nulli
1266 3232 1332 3271 legi
1355 3241 1428 3263 sese
1446 3233 1710 3266 adstrinxerunt.
1754 3235 1793 3266 In
1812 3235 1978 3275 epigram-

970 3277 1068 3308 matis
1093 3277 1255 3318 produxit
1278 3278 1429 3310 Rhianus
1455 3276 1487 3320 1,
1508 3276 1588 3320 277,
1623 3280 1806 3314 Philodem.
1836 3291 1869 3322 p.
1896 3277 1974 3312 300.

970 3323 1137 3363 Meleager
1161 3321 1194 3356 2.
1223 3334 1258 3365 p.
1284 3321 1364 3356 466.
1408 3326 1610 3368 Posidippus
1634 3337 1667 3368 p.
1698 3324 1784 3369 4913
1821 3328 1980 3368 corripuit

971 3371 1149 3412 Antipater
1165 3374 1191 3403 t.
1212 3371 1255 3403 11.
1276 3381 1311 3412 p.
1333 3369 1389 3404 33.
1416 3373 1596 3405 Aristocles
1613 3383 1646 3415 p.
1668 3372 1748 3407 749.
1785 3375 1895 3407 Prima
1911 3374 1978 3413 syl-

971 3417 1043 3448 laba
1060 3418 1183 3449 Atticis
1208 3422 1296 3449 certe
1313 3420 1421 3459 poetis
1438 3423 1602 3460 perpetuo
1618 3422 1829 3462 producitur:
1857 3432 1889 3452 v.
1910 3421 1978 3452 Da-
