2288 3600
257 133 354 182 198

1278 129 1335 181 Et

2014 0 2024 7 “
2040 0 2059 6 '¹²
2069 0 2134 28 *¹3:⁶2
2144 0 2192 17 'um

2191 0 2288 80 ..q

2188 67 2190 69 .
2210 64 2226 68 -.
2248 56 2268 76 ᾖα.

2010 140 2096 189 [11²-
2109 115 2288 198 Ἀῒν-ἅ

253 249 319 282 Sed
337 249 442 281 nullis
457 250 599 281 admotis
617 249 781 282 machinis
799 249 971 282 modorum
995 249 1194 290 imparilitas
1211 249 1272 280 de-
1305 248 1367 281 Ph.
1391 244 1495 282 1236.
1539 250 1707 281 Nuntius:
1743 246 1861 287 καλῶς
1893 246 1927 283 εἶ
1951 246 2058 296 δῆλος
2081 246 2147 286 οὐκ
2170 245 2288 293 efficite:

252 297 346 328 fendi
363 297 476 337 potuit
492 295 550 328 ΟΒ
566 293 653 337 233,
685 297 745 328 ubi
762 297 888 337 Reisig.
911 307 938 328 e.
961 306 1006 329 cr.
1027 297 1063 328 in
1081 296 1136 329 OG
1153 306 1187 338 p.
1202 293 1270 328 348
1309 293 1402 352 δρᾷς.
1431 296 1514 328 Oed.
1531 307 1538 327 ε
1567 300 1641 334 πῶς
1660 295 1687 329 ὦ
1705 294 1837 342 γεραιέ;
1870 297 1976 329 Nunt.
1992 307 2001 328 ε
2019 294 2050 329 εἰ
2065 293 2177 334 τῶνδε
2193 283 2288 344 φεύὲ

253 344 390 376 dederat
419 341 449 376 εἰ
475 341 502 376 δ’
528 341 571 377 αὖ
599 341 815 389 σιωπήσεσθε
840 341 898 376 καί
921 354 970 380 τις
995 340 1019 388 ἢ
1038 341 1139 388 φίλου
1159 341 1271 380 δείσας
1308 339 1418 376 ουνεκ’
1437 341 1486 380 εἰς
1504 341 1622 380 οἴκους
1641 340 1761 388 μολεῖν
1779 343 1838 376 OR
1857 340 1958 376 1010.
2001 343 2099 376 Certe
2116 343 2178 376 hnc
2194 343 2288 386 eleg!

253 389 377 436 άπώσῃ
395 387 533 428 τοῦπος.
563 392 666 423 Recte
683 401 775 422 nunc
793 392 904 423 editur
922 388 1052 424 ἀπώσει
1069 388 1134 433 (sic
1146 391 1206 422 LA
1222 400 1267 422 m.
1307 391 1377 422 tius
1394 390 1529 422 dicendi
1547 400 1654 431 genus
1671 394 1742 431 est,
1771 399 1871 432 quam
1894 391 2093 432 particulam
2109 386 2288 431 interpreti

253 436 351 482 see).
382 439 479 471 Porro
496 439 636 470 minime
654 448 731 470 vera
749 439 939 470 coniectura
961 434 1031 471 οὐδ’
1052 434 1092 471 ἂν
1111 436 1140 470 εἰ
1156 435 1210 482 τρί
1256 449 1272 474 ς

255 484 322 531 ἐγὼ
349 483 478 531 μητρὸς
508 489 605 530 φανῶ
633 482 812 530 τρίδουλος
830 486 945 517 Herm.
963 486 1064 523 olimv
1092 495 1183 517 nunc
1201 482 1240 518 οὐ
1265 478 1273 491 ’

254 529 294 565 ἂν
313 526 393 565 21⁷2<
410 533 583 573 aphaeresi
610 533 764 564 inaudita
789 533 882 564 dedit
899 532 956 564 OR
975 528 1084 572 1062,
1112 533 1169 564 ubi
1194 532 1274 563 libri

256 573 327 613 οὐδ’
345 576 385 612 ἂν
405 577 455 620 ἐκ,
478 580 567 620 quod
584 589 660 611 cum
677 576 717 613 ἄν
735 589 794 621 pro
813 577 870 612 έάν
887 581 1035 620 positum
1050 589 1162 620 neque
1172 580 1274 618 tragi-

254 637 330 658 cum
348 628 393 658 sit
403 629 438 658 et
450 627 651 668 producatur
663 630 839 667 perpetuo,
853 627 935 658 ferri
948 636 1014 658 non
1025 627 1148 667 potuit.
1170 627 1272 658 Recte

254 670 325 707 οὐδ’
352 671 410 706 ἐάν
437 683 479 705 ex
505 675 614 715 ipsius
639 674 826 706 Hermanni
861 674 1095 706 emendatione
1128 674 1169 705 ad
1193 674 1268 713 Vig.

253 731 287 763 p.
301 718 381 753 831.
411 722 529 753 Elmsl.
552 726 587 753 et
603 722 744 753 Neuius.
768 714 839 754 οὐδ’
856 718 896 754 ἄν
915 722 980 752 etsi
997 722 1038 752 ad
1056 730 1273 762 suppressum

255 769 424 810 quendam
441 770 630 810 optativum
647 769 764 801 referri
782 769 855 800 vult
872 769 986 800 Herm.
1004 793 1011 809 ,
1037 766 1138 800 iiemo
1160 771 1273 800 tamen

253 817 379 857 poterit
396 817 512 857 aliter,
546 826 646 857 quam
669 826 743 848 cum
762 818 876 848 futuro
897 814 1040 861 ἐκφανεῖ
1057 817 1274 847 coniunctum

255 865 411 904 cogitare.
452 864 576 895 Pronos
594 867 708 895 autern
726 864 765 895 ad
783 864 962 896 errandum
979 864 1015 894 in
1032 864 1094 894 hac
1111 863 1275 904 particula

255 921 331 943 cum
341 911 434 943 verbi
443 911 538 943 modo
549 912 781 950 coniungenda
798 912 905 943 fuisse
916 914 950 942 et
958 911 1110 942 librarios
1121 914 1155 942 et
1165 920 1274 950 gram-

254 959 393 990 maticos
403 958 607 997 Byzantinos
615 959 763 990 ostendit
773 959 852 990 Lob.
866 959 906 989 ad
914 958 1036 996 Phryn.
1050 967 1083 998 p.
1091 954 1170 998 724,
1185 958 1276 989 unde

253 1009 289 1037 et
306 1015 390 1047 quae
401 1006 491 1037 Bast.
506 1015 610 1047 ep.cr.
621 1015 654 1046 p.
664 1002 728 1037 131
741 1009 775 1037 et
786 1005 918 1037 Schaef.
929 1006 966 1036 in
976 1005 1092 1036 Melet.
1104 1005 1144 1036 de
1162 1003 1276 1037 etcum

258 1054 472 1085 coniunctivo
496 1054 808 1094 anthypotactorum
833 1053 1017 1093 copulando
1043 1053 1272 1093 decreverant,

255 1101 323 1132 iam
339 1101 485 1132 refutata
503 1111 521 1132 a
536 1102 682 1132 Iacobsio
694 1101 734 1132 ad
743 1101 881 1132 Anthol.
904 1101 974 1131 Pal.
987 1097 1019 1132 3.
1040 1110 1074 1141 p.
1092 1097 1157 1132 105
1175 1101 1275 1141 plene

254 1148 396 1180 iudicari
406 1151 576 1188 poterunt.
591 1145 732 1180 -.—7.
747 1146 1032 1191 {lSubauditur
1049 1147 1230 1178 verbum.
1246 1145 1276 1179 εί

257 1193 295 1228 δὲ
305 1194 354 1240 μή
364 1192 479 1240 (θέμις
491 1193 586 1239 ἐστί),
600 1193 706 1239 πάρες
717 1192 1059 1241 Ρ11.661,πρόγειρον
1071 1192 1103 1227 εἴ
1111 1192 1142 1227 τί
1152 1204 1203 1227 σοι
1212 1192 1278 1226 πά-

258 1253 301 1288 ρα
314 1239 420 1300 ξίφος,
440 1240 588 1281 πάταξον
602 1239 682 1274 747.
704 1241 734 1275 εἰ
754 1240 790 1276 δέ
811 1252 861 1275 σοι
880 1235 1012 1287 μᾶλλον
1028 1239 1138 1287 φίλον,
1157 1239 1277 1275 οἴσου-

258 1287 289 1323 σί
304 1284 408 1323 σὀίδε
423 1287 503 1322 886.
520 1289 549 1323 εἰ
564 1287 687 1330 δίκαια,
700 1293 768 1322 τῶν
784 1293 899 1334 σοφῶν
913 1286 1060 1335 κρείσσω
1073 1287 1153 1322 τάδε
1171 1285 1272 1321 1246.

255 1335 286 1370 εἰ
300 1333 561 1382 πράξειςτίμιαι,
573 1334 605 1370 τί
616 1335 668 1370 δεῖ
677 1347 718 1382 με
727 1335 881 1384 χορεύειν
892 1338 949 1369 OR
958 1333 1026 1369 896
1036 1337 1087 1368 ch.
1108 1334 1273 1377 πειστέον,

256 1382 311 1418 κεί
329 1382 437 1429 μηδὲν
455 1381 521 1428 ἡδύ
542 1381 645 1416 1516.
686 1382 784 1418 αἰτοῦ
810 1382 847 1417 σύ
866 1381 893 1416 τ’
913 1382 1014 1420 αὐτὸς
1032 1381 1088 1416 κεῖ
1104 1395 1154 1420 τις
1172 1380 1277 1420 ἄλλος

257 1429 331 1465 ἀντὶ
349 1433 408 1465 σοῦ
427 1431 482 1464 OG
493 1429 573 1464 488.
603 1425 678 1465 ἀλλ’
696 1429 726 1464 εἰ
744 1428 909 1469 θέλοντάς
927 1425 956 1477 γ’
973 1428 1022 1476 [οἱ.
1045 1429 1084 1464 ού
1103 1428 1275 1464 θελόντων

255 1479 359 1512 Dind.
389 1489 416 1511 c.
445 1476 601 1523 Goebe1.]
635 1476 715 1512 οὐδὲ
750 1476 801 1512 σοὶ
830 1477 964 1525 φεύγειν
996 1476 1103 1511 καλόν
1133 1475 1201 1510 590
1227 1488 1272 1510 sc.

258 1524 363 1567 ἐστίν,
389 1524 463 1572 ὅρα.
486 1537 517 1558 v.
538 1527 654 1558 Herm.
675 1524 705 1558 εἰ
724 1521 751 1558 δ’
781 1521 896 1559 ἐνθάδ’
921 1524 987 1571 ἡδὺ
1013 1525 1062 1572 τῷ
1080 1523 1162 1570 ξένῳ
1190 1523 1276 1570 μίμ-

259 1584 339 1614 νειν,
363 1572 401 1607 σέ
415 1585 465 1607 νιν
483 1570 574 1612 τάξω
593 1571 777 1618 φυλάσσειν
797 1570 876 1606 638.
899 1574 941 1605 cf.
965 1570 1044 1605 639.
1090 1571 1222 1618 ψαύσω,
1245 1571 1276 1605 εἰ

255 1618 373 1666 θέμις,
401 1620 440 1654 τὸ
468 1619 526 1655 σὸν
551 1619 642 1666 κάρα
670 1617 771 1653 1131.
810 1619 879 1667 ἐγὼ
897 1619 935 1654 δὲ
953 1619 1029 1662 σός,
1060 1619 1113 1653 κεί
1133 1619 1180 1665 μὴ
1202 1617 1271 1661 σός,

254 1666 328 1714 ἄγω
344 1666 403 1702 τὸν
417 1661 568 1714 ’Άργους
588 1666 729 1713 στρατόν
750 1665 853 1700 1323.
894 1673 968 1705 πῶς
987 1665 1037 1709 ἄν,
1061 1665 1093 1700 εἴ
1110 1679 1158 1704 τις
1177 1665 1275 1701 ἔντο-

255 1725 332 1757 πος,
355 1713 455 1761 δεῦρο
474 1713 591 1762 Θησέα
607 1713 728 1760 πόροις
752 1712 855 1748 1457.
884 1713 915 1748 τί
933 1708 979 1756 δ’,
1002 1713 1032 1748 εἰ
1048 1711 1120 1747 τάδ’
1139 1713 1173 1747 ἐν
1191 1712 1275 1747 τού-

252 1773 342 1804 τοις,
372 1760 440 1810 ἐγὼ
466 1760 505 1798 ἂν
533 1760 747 1808 προσθείμην
766 1760 890 1804 πλέον,
921 1763 1003 1795 Ant.
1026 1759 1082 1794 39.
1112 1760 1142 1795 εἰ
1161 1755 1189 1794 δ’
1208 1759 1276 1807 ἐγὼ

254 1808 341 1851 νέος,
392 1809 426 1855 ρ’
453 1808 533 1844 728.
573 1808 681 1855 κέρδη
699 1812 895 1855 παραινεῖς,
918 1807 950 1842 εἴ
966 1821 998 1843 τι
1015 1807 1137 1854 κέρδος
1156 1807 1190 1842 ἐν
1208 1819 1275 1842 κα-

254 1859 331 1895 κοῖς
351 1821 452 1891 1626.
483 1856 512 1891 εἰ
531 1855 660 1891 δίκαιον
678 1855 758 1895 τοὺς
778 1855 982 1903 ἐλευθέρους
1013 1858 1157 1903 φρενοῦν
1183 1857 1276 1902 γνώ-

283 1915 350 1938 αισι
375 1903 531 1946 δούλαις,
562 1902 654 1950 κάμὲ
707 1903 749 1949 ρὴ
809 1902 907 1950 ράσαι
930 1903 1031 1938 τόσον
1059 1904 1114 1937 Tr.
1136 1901 1192 1935 52.
1223 1901 1275 1936 δί-

227 1973 230 1979 ·
255 1916 368 1994 θαξον,
388 1952 418 1987 εἰ
438 1951 580 1986 διδακτά
596 1962 654 1997 μοι
667 1915 724 1985 614.
755 1916 844 1993 «siga,
868 1949 991 1997 μύθοις
1009 1949 1042 1985 εἴ
1057 1962 1088 1984 τι
1106 1948 1273 1984 πιστεύειν

254 1999 368 2046 χρεών
395 1997 451 2032 67.
498 1996 649 2041 δίδαξον,
680 1998 710 2033 εἰ
737 1997 893 2032 διδακτόν
918 1996 996 2031 671.
1042 1997 1072 2032 εἰ
1098 1996 1198 2043 θέμις
1227 1996 1269 2039 δ’,

256 2045 450 2095 ἐπεύχομαι
466 2044 547 2079 809.
586 2039 601 2054 ‘
617 2046 816 2092 τομώτατος
835 2044 870 2090 (ὁ
890 2044 1053 2091 σφαγεύς)
1081 2042 1200 2091 γένοιτ’
1218 2042 1269 2086 ἄν,

256 2092 288 2128 εἴ
304 2105 352 2140 τῳ
370 2092 429 2129 καὶ
444 2059 640 2140 λογίζεσθαι
666 2091 777 2141 σχολή
803 2094 858 2126 Ai.
880 2090 960 2126 816.
1007 2087 1127 2134 ὄλοιτ’,
1158 2090 1190 2125 εἴ
1216 2104 1275 2138 μοι

256 2139 356 2187 θέμις
373 2139 446 2175 τάδ’
464 2140 570 2175 αὐδᾶν
584 2143 637 2174 El.
661 2106 727 2174 127
746 2142 796 2173 ch.
826 2134 906 2187 λέγ’,
929 2138 962 2173 εἴ
980 2151 1031 2174 σοι
1047 2139 1098 2185 τῷ
1114 2138 1206 2186 λόγω
1224 2151 1274 2178 τις

255 2187 368 2234 ἡδονή
393 2186 473 2222 891.
519 2186 552 2222 εἴ
577 2200 626 2226 τις
653 2185 804 2235 ὠφέλειά
819 2182 865 2234 γ’,
899 2186 963 2222 οὐκ
988 2186 1172 2233 ἀπώσομαι
1189 2172 1269 2219 944.

255 2235 319 2282 ἥδε
346 2234 518 2282 (φράσει),
557 2234 586 2269 εἰ
619 2235 677 2270 τὸν
704 2234 865 2283 ἄγχιστόν
892 2247 930 2282 γε
953 2234 1135 2281 κηρύσσειν
1159 2235 1272 2282 γρεών

258 2281 360 2316 1105.
389 2287 475 2325 πῶς,
496 2280 566 2318 τόδ’
582 2282 612 2317 εἰ
629 2282 736 2318 καλὸν
753 2280 813 2317 τού
837 2294 907 2329 γον,
930 2280 1053 2316 σκότου
1073 2281 1144 2323 δεῖς
1168 2275 1269 2315 1493.

255 2330 286 2364 εἰ
306 2335 406 2376 σῶμα
424 2328 558 2372 δοῦλον,
581 2327 653 2364 ἀλλ’
675 2329 693 2365 ὁ
710 2333 791 2368 νοῦς
827 2327 991 2375 λεύθερος
1009 2331 1051 2362 fr.
1068 2331 1134 2362 inc.
1156 2327 1269 2375 (677).

256 2379 319 2412 His
336 2379 416 2411 locis
435 2380 590 2411 omnibus
615 2376 703 2412 εἶναι
728 2378 946 2419 subauditu15
975 2387 1080 2419 eoque
1098 2378 1200 2410 etiam
1217 2376 1272 2409 OC

255 2423 336 2466 487,
362 2426 451 2467 quod
467 2435 574 2458 unum
592 2427 753 2466 refragari
778 2426 972 2466 exemplum
996 2425 1149 2466 videtur,
1177 2433 1272 2457 revo-

256 2474 322 2505 cari
345 2474 480 2514 poterit.
525 2473 579 2505 Ad
604 2474 792 2514 ellipticum
816 2482 917 2504 usum
941 2473 1092 2514 pertinet
1114 2473 1215 2504 etiam
1244 2469 1274 2504 εἰ

257 2530 334 2552 cum
350 2521 538 2561 participio,
566 2524 606 2552 ut
623 2530 713 2552 nunc
730 2531 774 2553 ex
791 2520 968 2552 verisimili
986 2519 1141 2552 Elmsleii
1159 2529 1275 2552 emen-

257 2568 390 2600 datione
414 2568 539 2607 legitur
555 2568 610 2601 Ai.
636 2565 712 2600 179.
749 2564 773 2612 ἢ
790 2563 1023 2614 χαλκοθώραξ
1041 2564 1073 2599 εἴ
1094 2560 1154 2600 τιν’
1170 2563 1273 2601 Ἐνυ-

258 2612 353 2652 άλιος
393 2613 534 2661 μομφὰν
574 2613 666 2662 ἔχων
704 2611 804 2653 Ευνοῦ
842 2612 942 2659 δορός
979 2611 1018 2658 [ἥ
1046 2611 1084 2659 (ἢ
1110 2612 1182 2658 pr.)
1214 2606 1274 2647 τιν’

255 2659 333 2707 (την
350 2659 422 2706 pr.)
440 2663 511 2694 LA.
535 2660 587 2696 σοί
609 2659 668 2695 τιν’
686 2663 800 2694 Reisk.
823 2655 929 2707 ἥντιν’
946 2661 1051 2695 Dind.
1076 2671 1103 2694 c.
1125 2658 1269 2706 Iobus}

258 2709 377 2742 Elmsl.
408 2710 544 2750 quidem
577 2710 811 2751 pleonasmum
843 2712 956 2741 vocat:
983 2710 1108 2740 rectius
1138 2709 1273 2749 ellipsin

258 2757 374 2788 Herm.
396 2757 558 2789 Matthiae
575 2766 624 2798 gr.
644 2766 692 2797 gr.
712 2767 746 2798 p.
763 2753 854 2789 1094
871 2759 905 2788 et
924 2755 1056 2788 Schaei'.
1069 2756 1158 2797 App.
1171 2757 1269 2788 Dem.

257 2800 291 2834 2.
311 2813 345 2844 p.
358 2800 445 2843 2683
466 2805 583 2844 possit,
605 2814 667 2836 nec
683 2805 797 2837 minus
814 2807 916 2842 recte.
937 2803 975 2834 ad
994 2804 1273 2843 interrogativum

258 2860 363 2890 genus
381 2851 509 2882 referri.
538 2852 631 2883 Idem
649 2854 702 2884 est
716 2849 765 2888 τίς
784 2847 824 2885 ἂν
841 2849 899 2884 τὸν
919 2850 946 2883 ὢ
976 2847 1120 2895 όθυμον,
1142 2848 1175 2884 εἴ
1191 2847 1274 2884 ποθι

257 2895 471 2942 πλαζόμενον
498 2895 668 2939 λεύσσων,
706 2896 810 2934 ἀπύοι
839 2899 894 2929 Ai.
916 2895 938 2930 8
963 2894 984 2930 6
1003 2898 1054 2929 ch.
1100 2894 1211 2942 ξίφος,
1241 2894 1274 2930 εἴ

258 2941 376 2984 ποθεν,
397 2941 421 2989 ἢ
438 2943 547 2991 γένυν,
569 2942 592 2989 ἢ
613 2943 739 2989 βελέων
757 2957 788 2978 τι
805 2943 1030 2990 προπέμψατε
1047 2944 1108 2976 Ph.
1124 2941 1215 2977 1204
1224 2954 1271 2976 m.

258 3008 364 3023 —.-
398 2989 431 3024 8.
476 2991 490 3033 ΙΙ
508 2993 681 3025 Praeterea
709 2993 792 3024 haec
825 2992 1022 3032 singulatim
1054 2992 1270 3024 advertenda.

258 3037 391 3078 Duplex
408 3039 584 3079 aliquando
599 3041 742 3079 protasis
758 3043 810 3071 est
821 3065 828 3079 ,
852 3039 1052 3080 interposita
1068 3039 1214 3079 apodosi.
1244 3036 1274 3072 εἰ

280 3082 322 3129 ἀρ
339 3087 524 3130 κτενοῦμεν
543 3083 649 3119 ἄλλον
667 3083 735 3119 ἀντ’
753 3084 872 3127 ἄλλου,
895 3084 933 3119 σύ
951 3096 1003 3120 τοι
1021 3085 1142 3131 πρώτη
1156 3083 1274 3123 θάνοις

260 3142 316 3171 αν,
346 3130 376 3164 εἰ
402 3130 498 3177 δίκης
523 3144 561 3178 γε
584 3131 767 3180 τυγγάνοις
783 3134 838 3165 El.
860 3130 940 3165 582.
986 3130 1016 3165 εἰ
1037 3126 1065 3165 δ’
1081 3130 1274 3178 ἀπεστερή-

261 3175 369 3222 μεθα,
403 3177 467 3211 οὐκ
493 3178 580 3212 ἔστιν
607 3174 695 3225 ἀνῆρ
713 3183 846 3221 κεῖνος,
876 3178 906 3212 εἰ
924 3175 1073 3226 Κάλχας
1092 3178 1198 3224 σοφός
1216 3180 1270 3211 Ai.

259 3222 339 3257 782.
369 3226 502 3257 Deinde
517 3228 660 3266 protasis
678 3230 707 3258 et
724 3227 875 3267 apodosis
894 3228 977 3258 inter
994 3227 1076 3258 duos
1089 3228 1275 3268 colloquen-

260 3275 309 3302 tes.
323 3272 577 3304 distribuuntur.
624 3273 747 3306 Creon:
781 3273 811 3307 εἰ
831 3273 868 3307 δὲ
886 3271 999 3319 ξυνίης
1018 3271 1147 3318 μηδένς
1176 3273 1277 3306 Oedi-

260 3327 324 3358 pus
338 3330 344 3349 :
365 3317 507 3363 ἀρκτέον
526 3315 554 3365 γ’
568 3318 663 3364 ὅμως
677 3321 734 3353 OR
746 3318 823 3353 628.
854 3322 951 3352 Porro
965 3330 1003 3353 ea:
1014 3321 1178 3362 prioribus
1194 3330 1275 3361 apo-

263 3364 348 3396 dosis
366 3367 563 3398 assumitur:
591 3367 730 3400 Ulixes:
760 3366 886 3413 πότερα
908 3366 946 3406 δὲ
970 3371 1149 3413 κερτομῶν
1167 3365 1276 3412 λέγεις

261 3409 361 3452 τάδε,
381 3413 636 3454 Neoptolemus:
659 3413 689 3448 εἰ
707 3412 911 3460 κερτόμησίς
932 3412 1000 3448 ἐστι
1012 3412 1154 3461 τάληθῆ
1165 3411 1275 3461 λέγειν

1309 436 1582 478 quandoquidem.
1628 437 1754 470 Creon:
1777 441 1851 475 πῶς
1870 431 1944 484 δῆτ’
1961 435 2081 493 ἐκείνιρ
2100 435 2288 484 δυσσεβεῖς

1309 482 1375 529 μᾷς
1393 482 1514 531 χάριν,
1544 485 1651 517 Ant.:
1684 482 1722 518 οὐ
1749 483 1958 530 μαρτυρήσει
1981 482 2069 519 ταῦθ
2104 481 2122 519 ὁ
2147 481 2288 519 κατθαϋι

1307 530 1418 568 νέκυς.
1451 531 1504 564 Cr.
1522 543 1528 562 :
1550 529 1582 565 εἴ
1597 529 1652 565 τοί
1669 541 1732 578 σφε
1748 529 1848 577 τιμᾷς
1866 529 1901 570 ἐξ
1914 529 1992 566 ἴσου
2009 530 2058 579 τῷ
2068 529 2226 576 δυσσεβεῖ
2241 532 2287 575 Ar

1309 574 1377 610 516
1396 588 1440 611 sc.
1462 577 1565 625 τιμᾷς
1583 577 1682 624 δῆτα.
1713 578 1839 611 Creon:
1861 576 1921 620 ὅδ’,
1943 578 1992 618 ὡς
2010 578 2113 621 ἔοικε,
2133 579 2178 627 τῇ
2193 588 2286 626 γυναι

1311 635 1428 670 συμμα
1455 628 1518 659 εῖν.
1563 627 1681 658 Haem.
1698 637 1705 657 :
1742 623 1839 671 ε’ίπερ
1873 624 1959 672 γυνὴ
1995 624 2033 660 σύ
2049 636 2056 643 ·
2093 628 2154 660 σοῦ
2178 623 2242 672 γὰρ
2266 636 2284 661 ο

1310 637 1531 718 προκήδομαι
1549 670 1628 706 741.
1672 673 1819 705 Menel.:
1850 671 1918 719 ἐγὼ
1943 671 1987 719 γά
2032 670 2072 707 ἂν
2090 670 2188 720 ψέξαι
2218 684 2228 707 ι
2253 670 2284 709 δι

1311 718 1424 765 μόνων
1441 719 1589 765 νόμους,
1612 721 1714 753 Teuc.
1732 732 1739 751 ι
1766 718 1796 753 εἰ
1813 718 1894 758 τοὺς
1912 684 2080 759 θανιῖντας
2102 719 2167 755 οὐκ
2205 720 2245 767 ᾇς
2260 714 2283 761 fl

1310 778 1402 800 πτειν
1421 767 1540 812 παρών
1558 768 1613 800 Ai.
1637 765 1738 800 1131.
1766 786 1872 799 —.—
1950 769 2062 811 ag*
2081 769 2127 801 11.
2165 765 2209 803 Εἰ
2226 768 2282 811 sig

1311 816 1388 847 ficat
1404 815 1565 856 siquidem
1582 818 1617 847 et
1634 814 1917 856 quandoquidem,
1939 816 2028 857 quod
2044 817 2103 848 ubi
2121 817 2160 848 fit
2172 841 2180 857 ,
2208 823 2276 852 non

1311 863 1520 894 ratiocinatio
1532 888 1539 902 ,
1569 863 1628 894 sed
1653 863 1799 894 refertur
1819 860 1849 895 εἰ
1867 862 1908 895 ad
1923 872 2032 895 unum
2049 863 2216 905 quoddam
2232 864 2288 905 vqu

1311 911 1429 941 bulum
1438 911 1576 942 alterius
1587 910 1767 951 enuntiati,
1781 910 1870 951 quod
1880 911 2175 943 circumlocutione
2188 908 2288 954 ampffl

1312 959 1494 998 exponitur
1528 967 1604 989 cum
1643 958 1819 989 dubitandi
1852 957 1995 998 quadam
2027 958 2288 999 adsignification

1312 1005 1354 1036 V.
1376 1005 1490 1036 Herm.
1511 1005 1553 1036 ad
1569 1005 1645 1044 Vig.
1673 1014 1707 1045 p.
1729 1001 1811 1036 833.
1847 1004 1968 1039 Matth.
1989 1005 2030 1037 ad
2046 1005 2136 1038 Med.
2156 1001 2214 1038 88.
2255 1000 2261 1043 ’,
2286 1003 2288 1005 ’

1311 1049 1371 1084 τὰν
1399 1049 1549 1096 Τρῳάδα
1573 1053 1636 1097 γᾶν
1662 1045 1697 1096 μ’
1713 1049 1862 1096 ἤλπισας
1880 1049 1968 1090 ἄξειν
1986 1052 2048 1085 Ph.
2072 1049 2163 1084 1174
2186 1062 2230 1084 m.
2254 1084 2258 1094 ,

1312 1096 1402 1145 λέγω
1419 1098 1548 1142 τοῦτο).
1594 1096 1627 1131 εἴ
1644 1110 1726 1132 ποτε
1742 1092 1882 1144 ἠνύσατ’
1901 1097 2060 1133 ἐκτοπίαν
2080 1097 2194 1146 φλόγα
2246 1116 2252 1132 ι
2286 1102 2287 1106 ’

1312 1157 1370 1183 τος
1382 1173 1389 1187 ,
1421 1143 1541 1179 ἔλθετε
1558 1144 1617 1179 καὶ
1640 1147 1698 1179 νῦν
1716 1146 1775 1184 OR
1795 1143 1860 1179 165
1879 1147 1931 1179 ch.
1975 1145 2005 1180 εἰ
2029 1144 2128 1180 πόλιν
2145 1141 2273 1192 τήνδ”’”

1314 1190 1404 1235 σωσ’,
1427 1191 1466 1227 ού
1486 1205 1544 1238 μοι
1563 1191 1658 1238 μέλει
1675 1190 1756 1225 443.
1786 1197 1861 1231 πῶς
1879 1187 1908 1226 δ’
1926 1191 2006 1252 oux}
2020 1191 2171 1240 (τρέμω)
2193 1188 2273 1243 itas}

1313 1239 1342 1274 εἰ
1359 1239 1467 1274 τῶνδε
1485 1245 1656 1286 γεννητῶν
1672 1238 1755 1320 ἔφυν
1769 1237 1870 1273 1015.
1909 1239 1953 1275 τά
1969 1255 1989 1287 γ
2016 1240 2100 1288 ἔργα
2117 1252 2184 1287 μου
2201 1253 2245 1276 πε
2281 1280 2284 1281 7

1314 1282 1386 1322 θότ’
1405 1286 1474 1346 {cx-tl
1491 1285 1634 1346 μᾶΙλλον,
1655 1285 1679 1333 ἢ
1720 1286 1908 1332 εδρακότα,
1925 1286 1966 1346 ηεξ
1984 1299 2036 1346 σοι
2060 1286 2103 1346 τὰ
2127 1299 2218 1335 μητρ
2238 1331 2240 1334 y
2267 1295 2269 1298 ’

1314 1332 1883 1424 icit?3-‘22223215‘2235622281
1910 1330 2270 1433 §xxxiiiiiiii

1314 1440 1379 1462 non
1397 1431 1588 1463 admittitur
1604 1431 1806 1462 contrarium
1823 1428 1854 1463 εἰ
1873 1428 1910 1464 δὲ
1920 1427 2009 1468 Ζεὺς
2028 1429 2152 1477 μηκέτι
2169 1427 2264 1467 Zet?

1313 1475 1434 1511 πίεται.
1466 1476 1605 1523 θαρσεῖν
1625 1475 1764 1518 ἐπαινῶ,
1787 1473 1918 1523 Φοῖβος
1935 1477 1966 1512 εἰ
1980 1475 2187 1535 προὺπεμψέ
2200 1488 2260 1512 σε-

1313 1522 1345 1558 εἴ
1361 1536 1392 1557 τι
1410 1523 1581 1571 θέσφατον
1599 1523 1702 1570 πατρὶ
1721 1523 1847 1558 ίκνεῖτο
1859 1551 1866 1565 ,
1899 1530 1974 1563 πῶς
1993 1536 2033 1560 αν
2049 1519 2140 1559 τοῦτ’
2157 1525 2213 1560 ὀνε
2234 1530 2260 1565 ‘ff

1315 1571 1410 1617 ἐμοίς
1441 1570 1521 1605 969.
1565 1570 1624 1606 ἵνα
1641 1571 1690 1618 μὴ
1709 1566 1965 1618 'immunitum-ov,
1992 1572 2023 1607 εἰ
2045 1570 2177 1618 τυφλοῦ
2229 1567 2259 1614 ³,

1311 1617 1423 1653 τοιώδ’
1443 1619 1565 1667 ἔφυτον
1594 1617 1695 1652 1378.
1748 1617 1865 1665 γρόνῳ
1892 1619 2058 1667 φανέντα,
2085 1618 2213 1668 χαρτὸν
2231 1623 2257 1661 ,Ἴ

1311 1665 1582 1734 καὶὶφέρειςΙΤῐ.
1603 1663 1685 1699 228.
1705 1687 1707 1691 ⁴
1739 1661 1867 1712 ἀθυμῶ
1893 1664 1921 1726 δ’
1944 1666 1976 1701 εἰ
2001 1668 2200 1749 φανήσομαι

1312 1726 1390 1794 gii.
1407 1711 1706 1807 ἐέιῖἕῖἓῗῗῖιῗῗθζ
1729 1711 2237 1809 ggffffigsssswggssg‘gffss
2255 1740 2257 1742 ’

1311 1807 1474 1854 ἁμαρτών
1494 1806 1585 1841 1259
1603 1818 1657 1841 an.
1696 1807 1842 1854 οἴκτειρε
1860 1808 1979 1851 παῖδα,
2000 1809 2031 1844 εἰ
2049 1808 2209 1845 διοίσεται

1310 1857 1366 1889 Ai.
1387 1854 1467 1889 510.
1504 1854 1563 1890 καὶ
1579 1854 1643 1902 γὰρ
1662 1854 1822 1904 αἰσχρόν,
1844 1855 1874 1890 εἰ
1895 1854 2040 1892 πύθοιτό
2064 1869 2114 1896 τις
2141 1854 2206 1890 115
2216 1853 2254 1902 ’,λ-,Γ

1310 1902 1348 1936 τὸ
1367 1901 1538 1937 πυθέσθαι
1561 1901 1646 1936 τινά.
1692 1904 1721 1939 εἰ
1746 1902 1810 1950 γὰρ
1837 1901 2023 1959 βλέποντος
2049 1904 2090 1950 μ’
2119 1898 2168 1938 ’δυ
2224 1898 2247 1915 ⁸

1310 1953 1460 1996 κρατεῖν,
1485 1949 1621 1988 πάντως
1640 1948 1805 1989 θανόντος
1822 1964 1842 1997 γ
1867 1949 1948 1997 ἅρξο
1978 1963 2013 1986 εν
2034 1949 2077 1985 10
2103 1950 2135 1985 7.
2165 1950 2255 1987 ‹zi-zu·

1311 2009 1371 2043 μαι
1389 1997 1462 2044 μέν,
1485 1997 1515 2031 εἰ
1527 1997 1620 2032 δοκῶ
1639 1996 1746 2046 δυσφο
1772 2001 1822 2032 εῖν
1840 1996 1921 2044 ὑμῖν
1939 2011 2024 2046 αγαν
2043 1995 2190 2032 Ε1.254.
2215 2003 2255 2046 ‘⁶'ss

1309 2043 1457 2100 ταλαίνγγ
1464 2043 1577 2091 μητρί,
1593 2044 1708 2092 μητέρ’
1729 2010 1768 2080 εἴ
1776 2045 1889 2094 χρεὼν
1900 2045 2027 2092 ταύτην
2037 2045 2251 2093 προσαυδᾶ

1756 2091 1764 2104 ἵ

1311 2092 1397 2126 ὥστε
1414 2105 1464 2139 τῳ
1479 2090 1662 2149 τεθνηκότι
1686 2105 1787 2138 τιμας
1804 2092 2030 2139 προσάπτειν,
2052 2092 2086 2128 εἴ
2101 2106 2151 2132 τις
2171 2092 2189 2128 ἔ
2261 2118 2265 2134 3

1309 2138 1410 2187 χάρις
1435 2137 1515 2174 356.
1562 2151 1655 2174 ουτοι
1679 2140 1791 2187 μάτην
1839 2152 1866 2174 ε.
1911 2138 1944 2174 εἴ
1970 2152 2028 2186 μοι
2053 2139 2253 2185 θανόντος]

1311 2188 1328 2222 ἕ
1345 2199 1402 2234 ,ων
1420 2186 1590 2233 τεκμήρια
1607 2186 1806 2235 προσῆλθες
1847 2186 1904 2220 74.
1949 2190 2015 2222 ποῦ
2039 2186 2179 2235 φαέθων
2190 2181 2232 2197 '¹
2260 2188 2262 2190 ’

1310 2248 1325 2269 ε
1373 2232 1465 2269 ταῦτ’
1500 2234 1691 2282 ἐφορῶντες
1725 2234 1931 2281 κρύπτουσιν
1955 2232 2024 2268 824
2046 2237 2098 2269 ch.
2153 2227 2249 2285 πῶᾲς

1311 2282 1393 2324 οὐκ,
1422 2282 1452 2316 εἰ
1478 2280 1571 2321 ξένος
1597 2280 1761 2317 κέκευθεν
1785 2280 1853 2315 865
1878 2293 1923 2316 m.
1961 2281 2003 2329 ἔφ
2028 2295 2112 2323 ασας
2141 2281 2187 2318 ὑπ

1309 2333 1370 2368 τᾶς
1388 2329 1498 2376 πάρος
1517 2328 1565 2363 ἔτι
1581 2327 1739 2376 χάριτος,
1769 2327 1802 2364 ε’(
1831 2341 1867 2363 σε
1893 2328 1974 2368 θεὸς
2015 2329 2152 2376 πόρισεν
2171 2327 2187 2363 1
2204 2326 2220 2356 ι’

1311 2376 1342 2411 εἴ
1369 2389 1427 2423 μοι
1452 2375 1551 2422 θέμις
1578 2375 1658 2414 Διὸς
1683 2380 1841 2423 τυραννεῖ
1864 2376 2069 2423 πλευμόνων
2095 2379 2135 2411 fr.
2155 2379 2257 2412 ino

1313 2423 1367 2458 14.
1397 2422 1465 2459 οὔτ’
1483 2422 1516 2457 εἴ
1532 2435 1563 2457 τι
1581 2427 1694 2471 μ’κος
1707 2429 1775 2458 τῶν
1789 2422 1901 2471 λόγων
1917 2422 1998 2459 ἔθου
2013 2423 2129 2467 πλέον,
2147 2423 2194 2460 θα
2221 2422 2241 2446 ”“·

1312 2471 1329 2506 ἔ
1356 2486 1400 2514 ω,
1431 2466 1501 2506 οὔτ’
1522 2470 1551 2505 εἰ
1570 2483 1635 2518 προ
1653 2471 1783 2517 τούμοῦ
1802 2469 1994 2517 προύλαβες
2010 2470 2053 2505 τὰ
2068 2469 2168 2507 τῶνδ’
2192 2475 2244 2500 2³*

1313 2484 1413 2554 12139.
1460 2513 1535 2552 ἀλλ’
1561 2517 1600 2554 οὔ
1625 2531 1657 2552 τι
1680 2522 1780 2553 τοῦτο
1807 2513 1913 2564 θαῦμ’
1939 2517 2046 2566 ἔμοιγ’
2068 2512 2144 2554 ἀλλ’
2159 2518 2191 2554 εἰ
2219 2527 2242 2560 ς

1311 2565 1400 2605 Α’ίας
1415 2564 1573 2613 ἠνείχετο
1592 2567 1652 2598 Ph.
1675 2563 1754 2599 408.
1793 2564 1908 2600 πολλά
1933 2577 1968 2601 σε
1992 2564 2087 2613 ζηλῶ
2105 2565 2244 2613 βίουὴι

1312 2626 1372 2649 στα
1391 2608 1418 2647 δ’
1436 2612 1466 2647 εἰ
1483 2618 1547 2661 γῆς
1566 2614 1614 2660 μὴ
1634 2611 1834 2659 πεπείρασαι
1852 2611 1950 2659 ξένης
1967 2614 2042 2646 Ter.
2064 2615 2106 2647 fr.
2127 2611 2232 2648 516,ἰ

1310 2660 1418 2707 ἄνδρα
1438 2659 1576 2707 θνητὸν,
1606 2660 1636 2694 εἰ
1661 2659 1864 2707 κατέφθιτο,
1897 2660 2022 2699 στένεις
2038 2662 2107 2694 ine.
2127 2658 2232 2705 725,³

1312 2708 1480 2755 φθίνουσα
1503 2707 1621 2756 τρύγει
1638 2706 1771 2755 ψυχὰν,
1819 2706 1877 2741 καὶ
1899 2698 1973 2741 τάδ’
2006 2707 2037 2741 εἰ
2072 2710 2234 2753 κακοΐς7’-μ

1311 2754 1480 2803 προσάψει
1502 2751 1707 2793 τοῖς“πάλαι
1731 2753 1773 2789 τὰ
1798 2754 1884 2800 πρὸς
1908 2759 2003 2800 σφῶν
2028 2756 2086 2788 OR
2104 2751 2173 2789 66ss

1310 2805 1374 2845 his,
1389 2813 1474 2845 quae
1492 2807 1659 2844 postrema
1675 2804 1944 2841 memoravimus,
1960 2803 2065 2835 dictis
2082 2803 2191 2849 anim&

1310 2852 1578 2891 significantibus
1612 2849 1648 2883 εἰ
1673 2850 1843 2882 commode
1862 2845 2222 2892 ίιιῐετρῐοωῐίε-ὅτι,

1310 2917 1352 2922 -
1364 2899 1454 2930 Hinc
1470 2901 1523 2930 est
1541 2899 1633 2939 quod
1650 2896 1679 2931 εἰ
1704 2907 1778 2929 cum
1802 2898 1947 2937 optativo
1964 2897 2142 2938 aliquando
2159 2906 2175 2928 s
2196 2894 2233 2932 ‚2⁵3

1311 2947 1433 2987 quoties
1451 2955 1477 2976 s.
1499 2945 1770 2985 quandocunque.
1800 2942 1832 2977 εἴ
1848 2955 1908 2977 του
1927 2941 2036 2989 φίλων
2059 2941 2164 2990 βλέψε

1309 2997 1377 3026 τῶν
1397 2990 1512 3037 δέμας,
1536 2990 1655 3025 ἔκλαεν
1675 2993 1728 3023 Tr.
1752 2988 1831 3024 908.
1862 2991 1914 3023 Of.
1935 2992 2054 3023 Elmsl.
2075 2991 2116 3024 ad
2131 2991 2223 3025 Itu-<⁵2

1313 3037 1414 3072 1185.
1449 3057 1552 3071 -.-
1653 3040 1764 3080 ag*
1792 3039 1856 3070 111.
1890 3038 2037 3078 optandi
2059 3037 2145 3078 form
2165 3060 2170 3068 .,
2208 3048 2222 3072 ‚e

1310 3090 1375 3118 ίαν.
1420 3084 1453 3119 ε’(
1480 3097 1538 3131 μοι
1563 3083 1675 3131 ξυνείη
1701 3085 1836 3131 φέροντι
1860 3087 1967 3130 μοῖρα
1982 3083 2043 3118 τὰν
2061 3081 2230 3131 ἁγνείαν(

1310 3129 1507 3166 OR863ch.
1539 3133 1657 3166 Cetera
1673 3133 1828 3174 exempla
1853 3131 1890 3164 εἰ
1916 3130 1994 3178 γάρ
2020 3135 2238 3184 monstrym

1309 3181 1399 3212 infra
1416 3181 1624 3212 tractabitur.
1653 3181 1772 3212 Inutili
1791 3189 1834 3211 ex
1852 3180 1912 3211 hoc
1923 3188 2048 3220 genere
2061 3179 2229 3211 ooniec

1311 3224 1380 3259 324
1404 3229 1550 3260 tentavit
1574 3228 1690 3259 Valck.
1712 3228 1752 3258 ad
1770 3227 1895 3258 Phoen.
1917 3223 1996 3258 761.
2044 3226 2109 3258 Sed
2148 3224 2234 3271 injj

1310 3275 1390 3306 huic
1415 3275 1653 3314 significationi
1678 3277 1748 3312 est,
1786 3284 1861 3305 cum
1893 3271 1930 3305 εἰ
1956 3272 2132 3304 dummodo
2155 3279 2231 3318 mx)

1311 3325 1440 3362 tamur,
1471 3322 1507 3353 in
1534 3331 1598 3362 qua
1623 3322 1785 3362 particula
1802 3330 1901 3361 saepe
1920 3321 2026 3360 inest,
2055 3320 2141 3352 vell-e
2167 3332 2227 3361 ⁷122

1312 3369 1482 3410 quiddam,
1503 3369 1591 3409 quod
1608 3377 1793 3407 vereamur,
1815 3377 1857 3398 ne
1876 3368 1919 3399 sit
1932 3367 2039 3399 aliter.
2067 3363 2165 3405 τέλος
2183 3360 2215 3404 {5³¹

1312 3411 1402 3454 Ζεὺς
1419 3413 1564 3462 ἀγώνιος
1582 3412 1709 3456 καλῶς,
1731 3413 1762 3448 εἰ
1781 3413 1822 3459 δὴ
1841 3412 1958 3452 καλῶς
1977 3414 2031 3446 Tr.
2054 3409 2110 3445 27.
2138 3410 2205 3453 d:
