2288 3600
208 111 263 160 1.]

89 268 258 310 offlam,
289 276 376 309 quae
404 276 496 300 nunc
523 268 558 300 in
585 267 767 300 antoniam
794 267 934 308 ingruit,

41 315 122 363 ’ζωι
141 331 157 343 «ι
196 315 365 358 aerumnis
395 317 476 346 ante
508 314 659 347 toleratis
682 315 835 355 componi
856 318 939 355 puto

108 386 116 396 .
152 362 279 396 Eadem
306 361 407 403 plane
434 363 476 393 ab
498 361 646 393 Hercule
670 361 743 402 ipso
758 362 938 394 'sententia

78 412 87 450 j
130 419 163 442 v.
200 406 307 448 1047:
356 404 478 442 κοῦπω
510 409 662 442 τοιοῦτον
697 405 773 441 οὐτ’
806 405 937 445 ἄκοιτις

24 445 61 475 'r‘
80 453 290 502 w't'stqzev,
320 449 399 489 οὗθ’
426 453 444 489 ὁ
471 454 612 501 στυγνὸς
635 451 834 501 Εὐρυσθεὺς
863 452 936 488 οἷον

13 503 15 510 ’
49 501 222 549 ψῆολιῑκτις
248 498 378 540 Οἰνέως
394 500 484 548 κόρη
512 513 559 535 κα
589 499 670 548 ’ψεν
692 501 810 547 ,ὤμοις
827 499 936 548 ἀμφί-

15 548 48 561 “³
70 569 74 577 ··
102 576 111 584 .
140 566 182 575 --
207 546 309 590 ἄταν,
337 546 378 582 ἂν
394 546 492 583 οὔπω
514 560 564 587 τις
602 547 728 595 θρεψεν
747 547 826 582 δίων
845 545 936 583 Αἰα-

68 611 101 630 m
116 593 256 630 644011.
290 593 390 630 οὔπω
416 595 493 634 δέος
572 598 777 638 καταπεσεῖν
802 597 843 628 fr.
865 597 931 628 inc.

73 651 75 653 ’
96 660 101 671 ·
117 653 165 676 -m
179 645 263 676 ratio
275 668 283 684 ,
312 644 341 675 si
356 644 544 675 accuratius
569 644 759 685 inspexeris
770 668 778 684 ,
808 647 860 675 est
876 644 931 675 Αἱ.

62 681 221 725 ἆσοῦπω
249 691 298 723 ibi
318 688 435 724 οὐκέτι
465 691 654 730 significare
678 694 799 732 putes:
829 687 864 730 ἐξ
894 687 935 723 οὗ

115 733 124 748 “
152 734 322 783 ἐδεξάμην
340 736 505 783 δώρημα,
534 734 631 771 οὐπω
647 748 679 771 τι
695 735 813 771 κεδνὸν
832 735 934 784 ἔσχον

110 782 216 830 πάρα.
259 784 394 817 Poterat
415 785 482 817 dici
508 782 640 825 οὐκέτι,
677 785 797 817 fortius
821 788 934 816 tamen

26 831 108 876 9112
123 831 208 864 hum
223 841 326 873 usque
343 832 428 864 diem
444 841 513 863 non
528 832 599 864 vidi
615 831 706 864 dum.
730 849 771 855 —
791 831 805 874 ΙΙ
822 831 934 863 Minus

6 868 42 925 Z*
55 876 267 919 nignifloetio
281 880 465 923 particulae
477 880 568 911 inest
584 880 620 911 in
637 879 695 911 ΟΒ
711 875 799 911 594:
830 875 933 912 -οὐπω

115 923 340 972 ἠπατημένος
371 930 486 971 κυρῶ,
538 919 621 960 ὥστ’
654 923 745 959 ἄλλα
777 918 930 973 χρῄζειν.

6 973 29 1009 '1
84 991 91 997 -
106 973 198 1007 ὖτον
210 975 302 1005 enim
315 974 556 1015 coniungenda,
577 983 642 1005 nec
656 975 816 1014 temporis
827 974 935 1014 signi-

11 1008 26 1017 q

6 1018 210 1075 moeotsed
234 1020 457 1053 verecundius
475 1021 638 1061 negandi:
675 1021 718 1052 cf.
740 1021 870 1062 Pflugkn.
893 1020 933 1052 ad

70 1068 155 1100 ub.
171 1064 271 1100 1278.
293 1070 330 1099 et
344 1067 500 1109 inprimis
515 1068 594 1100 Lob.
611 1067 653 1099 ad
664 1067 789 1106 Phryn.
800 1077 834 1108 p.
847 1063 927 1099 458.

9 1118 59 1147 ε’.-
81 1115 129 1147 oia
142 1115 421 1155 significationem
444 1115 564 1149 tribuit
580 1115 676 1146 Euat.
698 1124 732 1155 p.
753 1111 842 1149 418.
874 1111 927 1145 11.

12 1155 83 1201 ’““·-’
101 1166 142 1195 υ
166 1161 257 1198 mem
274 1163 429 1194 observat
451 1171 484 1203 p.
505 1158 593 1202 467,
617 1158 670 1193 12.
701 1178 742 1185 -
783 1161 931 1193 Divisim

76 1215 82 1238 ε
137 1209 205 1247 nisi
223 1210 316 1241 forte
333 1210 409 1250 quis
425 1218 533 1241 unum
559 1209 643 1241 illud
660 1204 815 1241 03594.
837 1208 930 1240 exci-

98 1273 122 1297 ,
143 1265 243 1288 causa
259 1256 354 1288 nulla
370 1259 517 1298 apparet.

58 1325 236 1370 Μήποτε
259 1335 442 1367 nunquam,
465 1326 505 1366 de
520 1326 697 1367 praeterita
718 1325 854 1367 quidem
871 1335 929 1359 re:

76 1373 118 1406 ad
132 1372 258 1414 Phryn.
277 1382 312 1414 p.
333 1369 403 1410 457
419 1383 469 1421 sq.
497 1366 554 1420 ὑφ’
571 1369 606 1406 ἕν
625 1373 838 1405 scribendum
855 1372 931 1406 πώ-

67 1440 87 1453 .
106 1419 218 1463 Apoll.
239 1420 280 1452 de
296 1429 392 1461 pron.
412 1430 447 1461 p.
466 1416 525 1461 45,
546 1431 575 1452 a.
596 1417 654 1461 48,
674 1421 721 1461 b.‚
744 1429 806 1452 nec
822 1421 932 1460 signi-

92 1468 319 1508 „avellendum
335 1477 410 1500 esse
427 1468 549 1508 arguit.
579 1464 673 1512 ὕβρις
691 1464 728 1500 δέ
743 1478 796 1500 τοι
814 1465 932 1500 οὐπώ-

118 1512 168 1556 εἰς
182 1513 222 1548 τὸ
240 1518 376 1561 σῶφρον
393 1511 489 1547 ἵκετο
505 1516 548 1547 fr.
567 1515 634 1547 inc.
651 1511 729 1555 705,
741 1511 776 1547 2.
797 1511 931 1558 [οὐπώ-

71 1605 74 1607 Β
123 1559 311 1607 συμβαλεῖν
330 1558 513 1607 ἐπίσταμαι
527 1563 593 1594 inc.
614 1557 693 1603 969,
716 1559 765 1606 a.]

78 1628 242 1670 denuda.
287 1626 384 1664 ἔσαιν’
417 1625 472 1665 ἐπ’
503 1628 607 1676 οὐρὰν
631 1630 708 1665 ὦτα
733 1629 927 1665 κυλλαίνων

71 1701 83 1712 ..
102 1678 255 1711 tPhaedr.
283 1675 385 1719 619.‚
419 1689 472 1720 ap.
500 1679 647 1718 Hesych.
674 1690 706 1710 v.
734 1676 927 1712 κυλλαίνων

80 1740 86 1748 ·
103 1740 125 1754 ⁵·-
140 1739 149 1753 ι
169 1727 314 1767 scriptus
332 1736 468 1767 versus,
498 1730 538 1758 ut
550 1729 661 1758 tamen
679 1719 729 1759 ἐπ’
750 1723 853 1771 οὐράν
870 1736 925 1758 ac-

74 1776 216 1806 oscatur.
251 1790 293 1796 -
335 1771 469 1819 οὐρὰν
512 1771 644 1806 αἰδοῖον
677 1774 850 1814 explicans
883 1783 926 1805 ex

71 1827 96 1853 ω
119 1821 193 1853 lnor
209 1820 323 1852 fabula
347 1819 451 1861 Soph.
472 1821 570 1852 affert
586 1820 682 1852 Phot.
701 1829 736 1861 p.
756 1818 823 1853 361
836 1846 844 1861 ,
868 1817 923 1852 16.

84 1896 87 1902 .
132 1863 182 1912 5).
203 1884 250 1892 —
265 1867 318 1900 De
334 1870 413 1899 tono
429 1877 462 1899 v.
483 1867 603 1900 Arcad.
630 1877 665 1908 p.
686 1863 751 1908 97,
776 1865 806 1899 1.

77 1923 130 1960 ἀῖ
136 1936 180 1960 ον
197 1925 304 1959 cauda
315 1926 426 1966 piscia.
454 1924 561 1973 χορὸς
575 1922 610 1959 δ’
623 1923 780 1959 ἀναύδων
796 1922 927 1971 ἰχθύων

89 1982 117 2014 ι,
149 1970 320 2010 σαίνοντες
349 1970 513 2019 οὐραίοισι
544 1971 607 2019 τὴν
636 1970 853 2018 κεκτημένην
883 1973 924 2005 fr.

71 2022 79 2047 ὓ
120 2016 156 2052 2.
184 2021 227 2052 cf.
246 2021 274 2052 i.
291 2030 323 2050 v.
353 2018 468 2058 σαίνω.
500 2037 540 2043 --
566 2021 643 2052 Iure
675 2020 929 2062 peninflectitur

76 2063 258 2102 'Tadieotivi
282 2064 420 2111 οὐραῖος
446 2070 556 2099 ortum
589 2076 654 2099 non
684 2067 849 2099 incertius
873 2067 927 2098 in-

76 2118 207 2155 iquam
220 2115 384 2160 τροπαῖος
401 2117 436 2146 et
452 2112 615 2161 ἀρχαῖοςι
641 2114 851 2154 eandemque
869 2123 930 2147 an-

87 2158 229 2197 τόνωοιν
247 2161 348 2193 etiam
372 2162 659 2194 substantivorum
681 2170 724 2192 ex
754 2161 929 2193 adiectivis

106 2208 318 2246 ubnatorum
335 2209 442 2244 fuisse
452 2234 460 2249 ,
485 2209 621 2240 Atticus
637 2209 694 2240 ille
711 2209 747 2239 in
763 2219 783 2240 τ
806 2210 928 2241 οπαῖον

214 2256 221 2263 ’
631 2253 681 2298 (ΙΙ
699 2265 734 2295 p.
800 2251 834 2295 9,
855 2251 931 2298 14.)

66 2329 73 2339 ‘
118 2345 122 2350 ,
185 2314 324 2352 matula.
352 2310 415 2359 τὴν
432 2310 609 2358 κάκοσμον
627 2310 775 2358 οὐράνην
790 2310 928 2360 ,ἔρριψεν

179 2385 187 2401 ,
209 2358 240 2392 1.
268 2360 398 2400 Eadem
411 2361 485 2400 ,fere
503 2361 604 2392 verba
622 2360 724 2392 etiam
741 2360 928 2399 Aeschylus

12 2523 453 2617 vr·*-⁰‘3;.‘253.5“3}.⁸.‘².0301.¹¹
478 2523 636 2616 3332&
655 2521 929 2615 maffia*

14 2623 65 2643 Ἀ
95 2618 130 2659 ,Α
156 2629 175 2650 a
195 2628 240 2650 m.
267 2627 335 2650 rec.
357 2619 624 2660 superscriptum
641 2615 799 2663 οὐρανίας
817 2610 928 2650 δι”αἰ-

15 2661 232 2710 -,»,οὐράνιον
289 2669 332 2702 ’ς
355 2665 437 2697 Ant.
466 2661 535 2696 944
551 2665 603 2698 ch.
645 2662 803 2710 οὐρανίας
827 2661 928 2711 ἕδρας

46 2721 72 2737 12¹
107 2711 174 2745 Ph.
196 2709 259 2748 141
304 2721 359 2745 an.
387 2712 478 2743 Hinc
500 2712 541 2743 de
558 2712 647 2744 caelo
664 2711 806 2743 demissa
822 2712 928 2751 signi-

12 2765 32 2779 zf
86 2755 194 2796 ςοίας
212 2753 274 2792 ὑπ’
292 2756 472 2805 ἅ-χναςιΟΟ
490 2755 556 2791 681
577 2759 629 2790 ch.
657 2767 728 2789 rore
745 2761 779 2791 et
793 2759 922 2799 pluvia.

55 2803 214 2851 [thyara
229 2806 351 2848 Naupl.
371 2807 413 2838 fr.
434 2801 515 2846 379,
531 2802 569 2836 3.
586 2830 594 2846 ,
623 2803 802 2850 διοσημίαν
821 2805 927 2846 signi·-

24 2857 46 2882 =.‘
74 2859 77 2860 ’
100 2852 196 2884 ndi
208 2852 278 2885 *duo
302 2853 367 2889 loci
383 2852 593 2884 dubitatione
617 2852 708 2884 varia
725 2861 790 2884 non
805 2861 927 2894 exper-

29 2895 168 2948 ,assuta
198 2897 261 2946 γὰρ
286 2896 443 2945 ἀστραπὴ
478 2895 594 2944 φλέγει
625 2896 726 2939 πάλιν
754 2895 843 2931 1466
869 2899 922 2931 oh.

76 2953 79 2956 ·
104 2961 109 2972 ·
143 2959 148 2973 ι
167 2960 183 2973 ιι
209 2947 360 2979 omnium
377 2947 577 2988 scripturam
594 2947 630 2978 in
647 2946 708 2978 LA
725 2945 926 2988 explicatam

69 2990 155 3026 ντὶ
168 2994 231 3027 τοῦ
255 2995 426 3040 ταχεῖα.
462 2993 551 3034 quod
575 2993 665 3025 idem
681 2995 734 3024 est
749 3002 803 3033 ap.
827 2991 937 3029 Suid..

89 3046 158 3084 snp-
191 3041 422 3083 Anapaestum
446 3040 483 3071 in
507 3040 638 3072 senario
662 3039 804 3075 choricis
821 3039 937 3079 inter-}

68 3096 82 3111 ’-
101 3085 231 3122 ndum
251 3087 498 3128 putabat-Lob.
520 3087 561 3118 ad
584 3087 639 3120 Αἱ.
658 3096 692 3127 p.
715 3082 794 3118 327.
816 3086 870 3118 ed.
891 3084 937 3128 ¹1·!

71 3131 184 3176 ’duae
211 3138 400 3175 postremae
431 3133 574 3173 syllabae
597 3133 635 3167 in
657 3142 759 3165 unam
776 3133 926 3164 contrahi

69 3176 97 3205 ἰ
134 3204 142 3221 ,
169 3189 271 3221 quam
294 3182 382 3213 viam
406 3180 522 3213 Herm.
543 3181 744 3222 praeiverat.
773 3179 872 3211 EDM
889 3189 921 3220 p.

12 2710 41 2844 *πᾶν

700 101 953 153 Οὐκ-πώποτε
980 130 1042 146 —-
1054 100 1215 170 ιῦὐραν
1221 105 1270 157 ός

253 220 377 261 Κεῖοι.
403 229 445 252 m
464 236 506 243 —-
523 220 654 263 quidem
676 220 935 261 interpretatur;
973 215 1388 265 oopdvzagadverbiascens
1406 220 1579 261 reposuit,
1605 229 1682 258 cum
1698 220 1830 262 pridem
1846 220 1896 252 ita
1912 229 1986 257 cor—

974 267 1036 307 rigi
1053 267 1212 299 iussisset
1229 266 1270 298 ad
1294 266 1378 298 Hec.
1406 276 1439 308 p.
1464 263 1542 302 167.
1569 266 1674 304 Probo
1692 267 1978 307 emendationem

975 313 1036 346 sed
1051 314 1192 354 minime
1209 313 1306 354 illud,
1329 314 1416 355 quod
1434 315 1647 355 interpretari
1665 315 1800 354 videtur
1817 314 1985 352 vehemen—

974 362 1147 392 tissimum.
1191 359 1277 392 Nam
1300 369 1343 393 ne
1368 361 1455 392 illud
1478 361 1615 402 quidem
1640 371 1711 393 rem
1736 362 1864 402 tangit,
1896 362 1983 403 quod

973 406 1031 439 Gr.
1053 407 1159 439 Bekk.
1179 407 1244 439 An.
1265 418 1299 449 p.
1320 404 1354 447 4,
1374 403 1431 440 20.
1469 408 1608 440 advocat
1631 405 1877 454 ἀνεβόησεν
1903 406 1984 441 “οὐ-

972 452 1122 500 ράνιον
1150 451 1267 487 ὅσονε
1297 452 1455 500 σημαίνει
1471 453 1510 488 τὸ
1536 451 1598 487 ὐπε
1615 451 1771 533 ξεβηκὸς
1795 453 1855 488 καὶ
1880 453 1983 503 μέχρι

970 503 1031 536 τοῦ
1049 498 1194 547 οὐρανοῦ
1218 498 1327 546 ἧκον;
1356 503 1399 533 cf.
1426 511 1460 544 p.
1481 498 1567 542 400,
1590 465 1619 534 6)
1641 527 1647 534 .
1683 501 1815 544 Quippe
1841 501 1886 533 ad
1908 511 1984 533 cae-

971 549 1040 580 lum
1056 558 1158 590 usque
1169 573 1177 588 ,
1207 551 1246 579 ut
1262 548 1404 589 clamor,
1434 549 1547 588 fulgur
1564 558 1630 580 non
1648 549 1797 590 tollitur,
1826 553 1861 581 et
1877 546 1983 594 οὐρά-

969 605 1039 628 νιον
1066 593 1144 629 ὅσον
1170 595 1370 627 comicorum
1394 596 1517 627 comice
1533 596 1742 638 loquentium
1761 600 1831 636 est,
1853 598 1980 635 insane,

971 645 1122 674 nostrum
1138 641 1343 682 αηρεὴαιεφ,
1371 643 1544 683 verteufelt
1568 643 1773 683 significans.
1815 643 1923 683 Igitur
1940 643 1982 674 de

970 690 1061 721 caelo
1086 689 1263 721 demissum
1287 690 1401 730 fulgur
1427 690 1703 731 interpretamur.
1742 690 1829 721 Huic
1846 689 1981 721 similli-

970 745 1064 769 mum
1082 740 1135 768 est
1151 733 1292 780 οὐράνια
1309 738 1460 769 πεσοῦσα
1475 738 1520 781 γᾶ
1540 737 1620 768 Eur.
1643 737 1760 768 Troad.
1786 733 1894 777 1298,
1924 737 1980 768 ubi

969 784 1060 815 idem
1092 786 1250 815 accentus
1281 784 1318 814 in
1343 784 1437 815 libris
1463 784 1603 824 vitium,
1640 793 1830 825 quanquam
1856 792 1921 815 non
1939 784 1981 814 de

970 831 1059 862 caelo
1075 831 1231 872 proprie,
1251 830 1311 862 sed
1328 831 1446 862 tralate
1464 831 1505 862 de
1524 831 1670 862 culmine
1687 834 1721 862 et
1736 831 1873 870 fastigio
1891 831 1981 862 deci-

970 877 1058 909 disse
1077 878 1219 917 dicitur,
1249 878 1309 909 sed
1332 878 1537 910 vehementer
1560 878 1777 918 interpretari
1795 886 1862 909 non
1879 878 1976 918 licet3

970 934 1032 956 nec
1055 925 1140 956 male
1165 925 1406 965 comparaveris
1434 922 1598 957 ἀντίτυπα
1622 926 1737 958 πεσεῖν
1764 924 1866 965 Soph.
1895 925 1975 956 Ant.

971 967 1037 1003 134
1055 972 1107 1003 ch.
1143 974 1177 1003 et
1236 982 1251 1003 ε
1278 973 1358 1004 σαῖα
1390 969 1609 1004 τινάσσεσθαι
1641 972 1665 1004 i.
1695 981 1726 1012 q.
1765 969 1822 1004 ἐπὶ
1852 969 1979 1017 χέρσου

969 1019 1060 1051 Arat.
1083 1019 1176 1050 Dios.
1198 980 1279 1051 5313.
1321 1018 1472 1050 Graviter
1496 1019 1631 1059 quidem
1656 1019 1823 1058 significat
1847 1021 1981 1059 praeter

968 1066 1032 1097 alia
1048 1065 1154 1097 multa
1170 1062 1309 1111 οὐρανία
1327 1062 1465 1110 βρέμων
1490 1066 1572 1097 Eur.
1595 1065 1715 1097 Troad.
1737 1062 1816 1097 521.
1833 1077 1840 1106 3
1868 1065 1928 1097 sed
1945 1065 1981 1096 id

968 1113 1009 1145 de
1027 1113 1161 1153 fulgure
1184 1122 1345 1154 perquam
1370 1112 1517 1145 debilem
1541 1113 1745 1146 sententiam
1763 1112 1868 1144 daret.
1913 1112 1980 1144 No-

967 1169 1047 1191 vum
1078 1160 1207 1201 aliquid
1239 1164 1275 1192 et
1306 1159 1432 1192 Atticis
1471 1160 1663 1192 inauditum
1695 1160 1822 1201 reperit
1853 1159 1975 1199 Dind.,

966 1204 983 1239 ὀ
994 1217 1011 1251 ρ
1022 1204 1120 1240 ανία
1137 1210 1176 1239 ut
1193 1208 1414 1248 scriberetur,
1435 1217 1501 1248 qua
1517 1207 1645 1249 quippe
1663 1206 1832 1240 scribendi
1849 1207 1978 1243 ratione

967 1252 1067 1294 Soph.
1095 1264 1178 1287 usus
1196 1257 1298 1286 esset.
1327 1254 1371 1286 cf.
1391 1255 1465 1286 eius
1481 1258 1596 1286 annot.
1619 1254 1727 1287 Oxon.
1754 1254 1793 1287 ,Si
1810 1257 1862 1285 est
1879 1263 1974 1294 usus,

966 1301 1054 1342 quod
1084 1301 1310 1333 dubitandum
1337 1310 1538 1342 magnopere
1561 1299 1609 1344 (v.
1643 1298 1854 1344 ἀναλίσκω),
1886 1304 1978 1333 certe

966 1349 1273 1389 pronuntiaverunt
1305 1351 1340 1380 et
1372 1349 1430 1380 ille
1462 1352 1498 1380 et
1521 1349 1679 1389 aequales
1713 1345 1908 1394 οὐρανία.
1947 1348 1977 1379 Α

966 1396 1136 1436 paucitate
1169 1396 1306 1436 quidem
1330 1395 1570 1436 ¹exemplorum
1602 1404 1714 1436 neque
1747 1392 1869 1440 ὀρανός
1899 1404 1974 1435 nec,

967 1452 1053 1483 quae
1077 1446 1245 1484 comparat
1273 1443 1426 1483 quamvis
1451 1443 1602 1483 diversa,
1635 1441 1700 1479 πός
1726 1446 1762 1474 et
1778 1439 1896 1487 τρίπος
1913 1442 1978 1473 im-

964 1498 1116 1530 pugnare
1132 1490 1212 1521 licet
1223 1514 1231 1529 ,
1252 1489 1313 1521 sed
1327 1490 1409 1521 licet
1424 1490 1471 1521 ita
1482 1514 1490 1530 ,
1516 1490 1621 1522 donec
1637 1489 1804 1530 quidquid
1820 1489 1925 1530 epicis
1943 1497 1977 1520 et

963 1537 1112 1568 Aeolicis
1129 1537 1238 1578 poetis
1255 1536 1366 1569 dicere
1389 1537 1591 1578 permissum
1608 1537 1694 1577 suit,
1723 1537 1827 1568 etiam
1852 1536 1977 1568 Atticis

963 1584 1157 1616 hominibus
1183 1593 1378 1615 concessum
1408 1584 1516 1616 fuisse
1541 1583 1759 1623 ostendatur,
1797 1583 1838 1614 de
1865 1584 1976 1615 conie-

964 1635 1057 1662 ctura
1089 1631 1169 1663 talia
1201 1631 1360 1662 invehere
1394 1631 1682 1662 inconsideratum
1712 1634 1776 1662 est.
1821 1631 1975 1662 Alterum

963 1678 1159 1719 exemplum
1182 1678 1335 1719 quamvis
1361 1679 1401 1709 ab
1418 1678 1534 1709 Herm.
1556 1682 1783 1718 comparatum
1809 1677 1860 1708 illi
1876 1678 1977 1709 dissi-

962 1725 1142 1758 millimum
1173 1728 1245 1766 est,
1278 1726 1360 1758 Ant.
1390 1721 1477 1757 418:
1519 1724 1635 1770 τυφὼς
1665 1721 1780 1770 ἀείρας
1810 1722 1973 1770 σκηπτόν,

963 1769 1119 1818 οὐράνιον
1136 1768 1223 1818 ἄχος
1235 1798 1243 1813 ,
1269 1768 1444 1817 πίμπλησι
1461 1769 1587 1809 πεδίον.
1625 1768 1711 1818 ἄχος
1729 1772 1975 1804 nominativum

963 1828 1036 1851 esse
1065 1822 1101 1851 et
1125 1820 1166 1851 ad
1182 1818 1299 1864 τυφώς
1323 1820 1441 1850 referri
1466 1822 1750 1859 consentaneum,
1784 1828 1975 1860 quanquam

962 1867 1041 1898 libri
1058 1875 1125 1898 non
1144 1866 1362 1907 distinguunt
1378 1869 1455 1906 post
1474 1862 1645 1911 σκηπτόν,
1667 1870 1701 1898 et
1715 1865 1812 1905 Eust.
1833 1875 1866 1909 p.
1890 1861 1970 1905 345,

962 1910 1020 1944 41.
1041 1916 1077 1944 et
1095 1909 1197 1953 1196,
1219 1909 1275 1946 50.
1297 1922 1412 1945 secum
1430 1913 1503 1954 ipse
1520 1916 1660 1954 pugnat.
1699 1911 1858 1955 Ceterum
1875 1912 1972 1946 Phot.

963 1965 998 1992 et
1021 1960 1167 1999 Hesych.
1202 1957 1358 2005 οὐράνιον
1383 1957 1469 2006 ἄχος
1499 1958 1573 1993 τὸν
1598 1957 1835 2005 κονιορτόν
1862 1960 1974 2001 expli-

964 2011 1060 2048 cant,
1091 2008 1206 2049 ingens
1238 2008 1366 2039 maLum
1399 2007 1473 2039 Erf.
1507 2007 1707 2048 comparatis
1737 2007 1975 2039 dissimillimis

963 2054 1017 2086 Ai.
1042 2050 1119 2086 196.
1140 2054 1263 2086 Aesch.
1279 2054 1371 2086 Pers.
1388 2050 1490 2093 571,
1521 2063 1666 2095 eumque
1684 2055 1838 2096 sequitur
1854 2053 1970 2086 Herm.

965 2102 1153 2144 quaesitam
1177 2102 1292 2134 dicens
1318 2102 1452 2133 tertiam
1479 2101 1673 2142 explicandi
1699 2099 1788 2133 viam
1814 2111 1833 2132 a
1857 2101 1974 2179 δεξιοὶ,

964 2148 1064 2180 Eust.
1101 2149 1125 2179 l.
1154 2157 1181 2180 c.
1219 2152 1253 2179 ct
1278 2157 1314 2190 p.
1345 2144 1430 2188 151,
1469 2144 1548 2188 19.,
1584 2148 1733 2180 Eudocia
1763 2158 1796 2189 p.
1833 2144 1880 2180 40
1908 2173 1915 2180 .
1944 2152 1980 2179 et

963 2195 1103 2227 Phavor.
1132 2205 1164 2226 v,
1196 2190 1347 2240 Τυφωέα
1371 2195 1513 2234 initam,
1542 2195 1582 2226 de
1607 2195 1698 2226 caelo
1724 2195 1916 2227 contristato
1940 2199 1979 2226 ut

964 2242 1196 2283 intelligatur,
1229 2251 1296 2283 qua
1326 2242 1455 2273 ratione
1487 2241 1574 2274 nihil
1599 2243 1713 2273 verius
1739 2250 1801 2273 nec
1829 2242 1871 2273 ad
1896 2251 1978 2283 poe-

965 2293 1076 2321 tarum
1100 2298 1199 2320 usum
1224 2289 1503 2321 accommodatius
1537 2289 1671 2329 cogitari
1696 2292 1818 2329 potest.
1858 2283 1978 2330 [cala-

963 2338 1062 2367 micas
1094 2335 1254 2367 divinitus
1287 2334 1367 2367 orta’
1394 2336 1484 2376 expl.
1522 2336 1643 2368 Blomf.
1679 2335 1815 2376 glossar.
1852 2336 1975 2367 Aesoh.

965 2383 1056 2425 Pers.
1078 2379 1173 2423 579.]
1202 2400 1247 2406 -
1287 2382 1302 2425 ΙΙ
1325 2383 1496 2416 caelicola.
1531 2380 1591 2426 τάν
1617 2379 1777 2427 οὐρανίαν
1795 2378 1900 2427 Θέμιν
1919 2381 1973 2413 El.

966 2426 1057 2462 1064
1074 2429 1126 2461 ch.
1148 2447 1191 2454 —
1224 2428 1240 2471 ΙΙ
1257 2429 1388 2461 Tralate
1405 2429 1724 2469 vehementissimus,
1745 2431 1871 2473 moena.
1893 2426 1976 2462 ἄταν

964 2473 1122 2523 οὐρανίαν
1141 2474 1276 2534 φλέγων
1297 2476 1355 2508 Ai.
1379 2473 1444 2508 196
1462 2476 1514 2508 ch.
1544 2474 1593 2513 εἰς
1612 2474 1767 2522 οὐράνιον
1785 2472 1872 2521 ὕψος
1890 2473 1977 2509 ἀνοί-

963 2533 1057 2557 πτων
1073 2521 1136 2568 τὴν
1154 2520 1288 2568 βλαβην
1307 2523 1408 2555 schol.
1430 2532 1496 2554 rec.
1525 2517 1637 2554 Aliam
1654 2523 1743 2555 viam
1766 2523 1845 2554 iniit
1871 2522 1973 2555 schol.

962 2574 1028 2602 vet.
1095 2580 1113 2603 ν
1140 2567 1180 2603 ἐκ
1202 2572 1262 2604 τοῦ
1281 2567 1426 2616 οὐρανοῦ
1445 2566 1662 2615 πεμφθεῖσαν
1688 2570 1854 2610 scribenS,
1887 2570 1976 2610 quod

963 2618 992 2648 si
1009 2627 1078 2662 παρ
1125 2618 1186 2650 τοῦ
1217 2614 1380 2661 δαίμονος
1409 2614 1629 2663 πεμφθεῖσαν
1659 2617 1843 2649 substituto
1868 2617 1976 2648 inter-

962 2665 1126 2705 preteris,
1158 2673 1268 2705 paene
1293 2664 1412 2696 dubito
1438 2665 1597 2696 veriusne
1621 2665 1679 2695 sit.
1720 2664 1843 2705 Inepte
1862 2666 1975 2695 autem

962 2712 1047 2743 alius
1072 2711 1176 2743 schol.
1206 2714 1274 2743 vet.
1304 2711 1347 2742 ad
1372 2711 1512 2742 alteram
1536 2711 1782 2752 interpretandi
1813 2711 1975 2742 rationem

962 2758 1052 2790 redit
1067 2758 1193 2790 addens
1219 2755 1325 2803 ἤγουν
1353 2755 1525 2802 μετέωρον
1552 2756 1611 2791 καὶ
1638 2754 1809 2802 μεγάλην,
1839 2766 1926 2798 quae
1943 2761 1977 2788 et

961 2805 1052 2836 inter
1072 2814 1107 2836 se
1132 2805 1319 2845 dissident,
1349 2814 1412 2836 nec
1436 2814 1479 2836 ex
1496 2805 1552 2836 illo
1579 2803 1619 2838 ἐκ
1643 2806 1704 2837 τοῦ
1721 2802 1866 2849 οὐρανοῦ
1884 2814 1975 2849 πεμ-

962 2849 1106 2898 φθεῖσαν
1132 2852 1200 2883 ullo
1226 2852 1321 2883 modo
1346 2852 1423 2883 elici
1454 2855 1608 2893 possunt.
1653 2850 1705 2883 Cf.
1734 2852 1907 2890 Wyttenb.
1935 2851 1975 2882 ad

961 2899 1051 2930 Plut.
1072 2899 1114 2930 de
1133 2897 1313 2939 Superstit.
1333 2908 1366 2939 p.
1391 2895 1475 2939 168,
1498 2909 1527 2930 a.

1032 2940 1152 2990 Οὐρᾶ
1159 2956 1177 2977 ν
1189 2943 1239 2982 ός
1258 2946 1397 2977 eaelum.
1427 2945 1565 2986 Proprie
1583 2945 1708 2977 dicitur
1724 2946 1884 2975 maxime.
1906 2941 1976 2977 ἔστι

964 2989 1070 3038 μέγας
1089 2989 1125 3024 ἐν
1143 2989 1278 3038 οὐρανῷ
1295 2988 1386 3028 Ζεύς
1404 2991 1459 3023 El.
1481 2989 1550 3023 174
1565 2992 1616 3023 ch.
1655 2991 1710 3024 Sic
1726 2992 1826 3031 libri,
1848 2991 1974 3022 redun-

962 3040 1062 3071 dante
1080 3039 1224 3079 syllaba;
1261 3038 1377 3071 Herm.
1407 3037 1477 3071 ἔστι
1503 3038 1614 3070 deleto
1640 3038 1776 3079 scripsit
1798 3036 1904 3083 μέγας
1929 3032 1971 3070 ἔτ’

964 3083 998 3118 ἐν
1017 3083 1168 3131 οὐρανῷ,
1198 3083 1366 3117 Heathius
1385 3082 1433 3118 ἔτι
1453 3097 1489 3129 μ.
1511 3095 1562 3125 o.‚
1597 3085 1632 3116 id
1655 3085 1742 3126 quod
1768 3085 1827 3115 LA
1846 3084 1973 3123 'firmari

963 3133 1117 3172 videtur,
1146 3132 1182 3163 in
1208 3141 1275 3172 quo
1291 3129 1360 3173 ἔτι,
1390 3132 1449 3164 sed
1467 3133 1634 3166 retinetur
1659 3129 1706 3163 ἐν.
1751 3130 1779 3164 ὦ
1796 3130 1853 3164 τὸν
1871 3128 1974 3163 αἰπὺν

964 3177 1105 3226 οὐρανὸν
1124 3175 1344 3225 διφρηλατῶν
1361 3171 1467 3212 <Ἠλιε
1486 3179 1539 3211 Ai.
1561 3175 1642 3211 845.
1679 3175 1826 3222 οὐρανοῦ
1844 3174 1879 3210 δ’
1903 3174 1973 3210 ἄπο

77 3215 289 3267 Ω2.»Ε1ω31.
311 3225 409 3272 οὐρία
433 3227 577 3259 coniecit
601 3227 798 3268 adQHeracl.
825 3223 920 3267 822„
960 3223 1116 3271 ,ἤστραψε
1144 3226 1184 3257 fr.
1215 3226 1336 3258 Teucr.
1369 3222 1456 3266 507,
1480 3223 1510 3257 1.
1541 3223 1687 3271 οὐρανοῦ
1716 3218 1745 3256 τ’
1774 3221 1974 3269 ἀναπτυχάς

80 3271 256 3315 nni-Oedipi
271 3275 409 3315 quidem
424 3277 573 3309 mentem
587 3273 819 3305 faustumsibi
837 3274 926 3305 vitae
961 3273 1028 3304 inc.
1044 3269 1131 3311 655,
1146 3269 1185 3304 Υ2.
1204 3283 1235 3303 v.
1256 3268 1450 3317 ἀναπτυχή.
1470 3289 1517 3295 —
1534 3272 1751 3306 Transfertur
1766 3269 1851 3315 πρὸς
1869 3268 1973 3316 οὐραν

67 3319 227 3360 §ortandi
243 3321 464 3361 significantis
479 3322 647 3361 convenit,
674 3321 735 3352 sed
747 3320 837 3352 chori
853 3329 925 3352 ser·
959 3318 1020 3352 νὸν
1037 3317 1142 3364 βιβῶν
1160 3318 1215 3351 OC
1233 3316 1312 3350 381.
1339 3320 1382 3351 de
1397 3319 1497 3350 laude
1523 3319 1623 3350 alicui
1644 3317 1804 3358 parienda
1820 3318 1967 3348 dictum:

70 3374 96 3390 vv
131 3379 145 3392 v·
166 3373 247 3398 -non
273 3372 338 3403 est.
365 3365 515 3412 [recepit
529 3366 651 3408 Dindz]
679 3367 797 3399 Herm.
834 3375 926 3398 nunc
962 3377 992 3397 v.
1015 3363 1155 3410 βιβάζω.
1178 3383 1222 3388 -
1248 3366 1480 3398 Adverbiascit
1502 3363 1635 3411 οὐρανῷ
1647 3362 1758 3408 σκέλη
1778 3361 1972 3410 προφαίνων

1651 3419 1695 3454 37

1885 105 1983 156 577
2043 117 2045 120 ·
