2288 3600
182 133 280 181 486

178 246 237 293 [cf.
259 245 412 294 πάσχω]
442 245 532 281 οὕτω
549 249 610 284 τᾶς
629 245 751 292 μανίας
777 244 885 280 δεινὸν
903 244 1084 286 ἀποστάξει
1108 247 1190 279 Ant.

182 292 250 327 959
262 295 313 327 ch.
336 295 554 327 choriambico
572 295 714 327 dimetro
730 294 997 336 hypercatalecto
1015 303 1088 326 cum
1106 294 1191 326 basi.

179 340 236 376 τὸν
248 339 364 382 αὐλόν,
383 341 410 375 ὦ
427 340 569 386 τύραννε
584 343 644 379 τᾶς
663 339 749 386 ἐμᾶς
768 340 888 387 φρενός
908 342 961 373 Tr.
975 338 1044 373 217
1063 342 1194 373 senario

180 390 319 421 chorico.
347 390 408 426 τᾶς
433 387 650 435 παλαιφάτου
669 386 830 433 προνοίας
854 385 922 421 823
941 389 992 420 ch.
1013 389 1191 421 trochaico.

177 433 200 480 ἢ
229 439 290 474 τᾶς
314 434 447 469 ἀσώτου
475 432 659 482 Σισυφιδᾶν
684 436 801 482 γενεᾶς
831 437 885 467 Ai.
909 432 974 467 190
993 436 1044 467 ch.
1065 436 1192 467 iambe—

177 485 265 524 lego.
295 484 356 520 σᾶς
375 482 483 528 πάρος
501 481 550 516 ἔτι
566 481 708 530 γάριτος
730 483 781 514 El.
807 479 895 516 1266
913 493 957 515 m.
979 483 1142 515 dochmio.

248 530 312 575 τᾷ.
343 528 414 564 οὐδ’
438 529 472 564 ἐν
496 530 541 574 τᾷ
562 525 694 575 μἐγάλᾳ
712 526 839 574 Δωρίδι
862 528 956 574 νάσῳ
975 529 1029 562 OC
1050 526 1116 561 695
1136 529 1187 562 ch.

178 586 277 610 versu
291 578 459 610 choriamb
476 587 523 610 co.
544 576 586 623 τᾷ
602 575 836 623 πολυαρμάτῳ
855 575 1075 623 ἀντιχαρεῖσα
1093 572 1192 622 Θήβᾳ

176 626 262 659 Ant.
283 621 350 657 150
368 625 418 657 ch.
442 625 612 664 dactylico.
874 622 922 667 (11
942 635 975 666 p.
997 621 1065 656 205
1083 623 1192 668 med.)

246 670 335 705 τάν.
365 666 566 717 πορεύσαιμ’
588 669 627 705 ἂν
647 669 681 709 ἐς
699 669 826 716 δόμους
843 669 904 704 τὰν
922 670 962 704 ἐκ
980 669 1070 705 θεῶν
1087 669 1192 716 νέμε-

178 728 228 753 σιν
254 716 413 765 ἐκφυγών
439 719 500 752 Ph.
523 717 590 752 517
608 720 660 751 ch.
688 728 787 761 quem
806 729 938 750 versum
961 728 1026 751 non
1045 720 1190 751 multum

175 768 292 799 absum
318 768 401 807 quin
428 765 468 800 ἐκ
494 768 603 800 deleto
621 776 695 798 cum
715 767 864 799 Seidlero
889 766 930 798 de
949 775 1035 798 vers.
1057 766 1186 798 dochm.

175 823 210 855 p.
231 810 277 846 20
303 814 531 846 dochmiacum
558 815 739 845 dimetrum
765 823 840 845 esse
866 822 1030 845 censeam.
1069 812 1105 850 ὃς
1129 812 1189 846 τὰν

175 858 389 907 θερμοτάταν
408 857 476 893 696
494 862 545 893 ch.
567 861 784 893 choriambico
802 870 913 892 versu.
941 860 1002 894 τὰν
1021 858 1107 904 ἐμὰν
1127 871 1190 905 με-

174 905 256 942 λέου
283 906 412 954 τροφάν
441 905 530 940 1126
556 918 600 940 m.
630 909 791 948 glyconio.
829 907 859 941 εἰ
884 906 923 940 σὺ
946 906 1005 941 τάν
1034 905 1123 939 1174
1141 918 1185 939 m.

172 956 313 988 iambico
331 956 486 988 dimetro.
515 953 573 989 ἐπὶ
596 953 656 988 τάν
683 953 851 1000 ἐπίδαμον
878 953 976 1000 φάτιν
1001 952 1067 1000 εἶμ’
1092 951 1190 990 Οἰδι-

174 1000 264 1035 πόδα
289 1002 346 1035 OR
363 998 431 1034 495
446 1003 497 1035 ch.
527 1003 744 1034 choriambico
780 1012 854 1034 cum
879 1004 1043 1034 anacrusi.
1083 1004 1189 1046 μοῖρα

172 1047 232 1083 τὰν
259 1047 422 1083 εὔσεπτον
449 1047 582 1095 ἁγνείαν
607 1047 719 1095 λόγων
744 1046 814 1081 864
831 1049 882 1081 ch.
911 1050 1070 1090 epitritis.
1108 1046 1188 1082 οὐδὲ

171 1094 232 1130 τὰν
258 1091 449 1140 Ὀλυμπίαν
462 1094 530 1129 900
547 1097 722 1129 trochaico.
752 1095 790 1130 σὲ
805 1094 865 1130 τάν
882 1107 918 1129 τε
938 1094 998 1129 σὰν
1016 1094 1187 1130 ἀθάνατον

172 1142 246 1177 αἰὲν
271 1141 381 1191 ἀργάν
399 1140 468 1176 905
494 1145 633 1176 iambico
657 1145 788 1176 senario
814 1145 1014 1175 catalectico.
1042 1142 1102 1176 τάν
1127 1141 1188 1178 αὔ-

174 1201 245 1237 ριον
264 1183 372 1225 οὐκέτ’
400 1188 468 1224 ἔσει
485 1189 698 1237 πανσέληνον
720 1188 809 1223 1090
827 1191 878 1222 ch.
900 1192 1111 1223 choriambici
1130 1200 1188 1231 ge-

172 1240 275 1279 neris,
306 1239 333 1270 si
350 1246 439 1271 rec'e
458 1239 625 1279 disposuit
643 1239 758 1270 Herm.
786 1235 846 1271 τάν
865 1236 1081 1284 γαμψώνυχα
1098 1249 1187 1283 παρ-

171 1282 271 1320 θένον
291 1282 381 1317 1199
399 1286 450 1318 ch.
471 1287 633 1326 glyconio.
653 1284 714 1319 τὰν
733 1284 902 1330 ἀδόκητον
927 1285 1027 1331 χάριν
1046 1286 1100 1318 Oc
1118 1283 1186 1318 249

170 1343 215 1365 111.
237 1334 458 1365 choriambico
475 1334 511 1364 in
531 1334 692 1365 creticum
711 1338 872 1365 exeunte.
901 1333 960 1366 καὶ
981 1331 1041 1365 τὰν
1060 1331 1185 1377 ἄβατον

172 1377 256 1414 θεοῦ
275 1377 343 1413 675
361 1381 413 1412 ch.
434 1381 596 1420 glyconio.
624 1378 784 1425 ἅμβασις,
813 1378 846 1413 οἳ
861 1377 921 1412 τὰν
945 1375 1076 1414 Ἱππίαν
1097 1378 1185 1413 1070

174 1428 226 1459 ch.
247 1427 398 1467 glyconio
415 1428 717 1468 polyschematisto.
745 1426 806 1461 τάν
834 1424 925 1460 δεινὰ
947 1426 1076 1461 τλᾶσαν
1096 1425 1185 1460 1078

169 1474 221 1507 ch.
238 1475 379 1506 iambico
397 1471 474 1555 grav
493 1473 523 1508 δ.
542 1472 669 1518 τλασᾶν
688 1476 792 1507 Dind.
809 1484 852 1506 ex
866 1473 998 1520 schol.].
1020 1473 1080 1508 τὰν
1093 1473 1186 1520 ἀφα-

168 1523 212 1566 νῆ
230 1517 308 1555 θεόν
328 1518 394 1554 155
436 1522 487 1553 ch.
517 1522 706 1555 dochmiaco
731 1523 883 1554 dimetro.
918 1522 978 1556 τὰν
1004 1520 1184 1568 παγκευθῆ

169 1568 265 1602 κάτω
286 1565 376 1601 1563
402 1570 461 1609 qui
483 1569 657 1601 dochmius
682 1571 756 1610 ipse
781 1579 913 1610 quoque
931 1571 1065 1602 videtur
1088 1571 1185 1611 longa

170 1617 293 1655 syllaba
318 1617 478 1657 praefixa.
514 1614 575 1649 τὰν
607 1614 748 1664 γθόνιον
775 1614 887 1650 ἑστίαν
916 1615 1000 1650 ἰδεῖν
1029 1615 1117 1650 1726
1136 1627 1180 1649 m.

167 1665 320 1703 iambico,
342 1668 381 1694 ut
397 1660 487 1697 θεῶν
504 1675 541 1697 τε
564 1659 631 1697 τάν
648 1662 838 1711 ὑπερτάταν
856 1665 936 1696 Ant.
959 1661 1026 1696 339
1045 1665 1096 1696 ch.
1118 1675 1184 1698 πο-

168 1708 261 1744 λῖται
276 1709 337 1744 τάν
354 1708 475 1744 νεάταν
501 1708 580 1744 ὑδόν
598 1709 667 1744 806
686 1722 727 1743 111.
750 1712 909 1751 glyconio.
938 1709 998 1745 τὰν
1026 1708 1184 1759 Ἀχέρον-

1185 121 1244 175 ‘0

1921 136 1970 184 [11
1982 148 2017 182 p.
2027 135 2244 186 205-2oe.]

1231 245 1418 278 doctoribus
1442 246 1582 278 minime
1608 247 1760 278 accurate
1784 245 1949 286 distingui
1972 248 2089 278 notum
2105 248 2170 279 est.
2197 246 2238 278 V.

1230 294 1340 333 Apoll.
1359 293 1401 325 de
1419 296 1508 332 synt.
1528 289 1563 333 4,
1586 288 1639 325 10.
1659 289 1695 334 2,
1718 289 1772 325 19.
1800 293 1942 325 loannes
1960 293 2016 325 Gr.
2037 302 2091 334 ap.
2106 292 2184 326 Ald.
2203 302 2237 336 p.

1230 336 1310 372 304.
1340 338 1448 373 Schol.
1469 340 1570 372 Dion.
1598 339 1677 372 Thr.
1704 349 1738 381 p.
1760 336 1839 372 698.
1874 340 1979 372 Bekk.
2006 340 2175 382 Moschop.
2202 350 2238 383 p.

1230 383 1286 419 30.
1307 387 1359 419 ed.
1390 387 1477 419 Titz.
1499 387 1595 419 Eust.
1623 396 1656 428 p.
1680 383 1780 426 1462,
1803 383 1859 419 29.
1887 387 1986 428 Greg.
2008 386 2081 420 Cor.
2103 383 2160 421 64.
2196 388 2242 421 Et

1231 435 1287 465 alii
1305 435 1440 475 quidem
1455 434 1676 475 synaloephae
1694 435 1828 466 nomine
1846 435 1995 475 generali
2011 435 2241 476 complectun-

1230 485 1286 513 tur
1299 482 1593 522 episynaloephen,
1608 481 1787 522 ecthlipsin
1802 482 1997 523 apostrophe
2011 483 2144 522 factam,
2160 491 2241 522 syn-

1230 537 1347 570 copen,
1368 530 1495 560 crasin:
1525 539 1557 560 v.
1578 529 1734 570 Apollon.
1755 530 1777 560 l.
1800 539 1827 560 c.
1858 529 1938 561 Lob.
1967 529 2008 561 de
2033 538 2096 562 usu
2113 533 2237 570 apostr.

1229 573 1293 619 51.
1314 577 1383 608 Alii
1402 577 1594 615 synaeresin
1614 576 1743 616 dicunt,
1764 585 1849 617 quae
1867 576 2088 617 praecedente
2101 577 2166 609 alia
2181 586 2240 610 vo-

1229 623 1302 663 cali,
1331 624 1533 664 insequente
1559 634 1568 655 ι
1594 624 1647 654 vel
1664 634 1683 656 υ
1701 624 1770 664 fiat,
1792 625 1901 656 crasin
1919 624 1960 656 ad
1975 631 2092 656 omnes
2108 624 2241 665 quales-

1229 679 1362 711 cunque
1386 671 1516 702 vocales
1542 671 1670 702 valere:
1710 681 1741 702 v.
1771 670 1872 703 schol.
1902 671 2003 703 Dion.
2033 671 2112 703 Thr.
2140 671 2163 703 l.
2184 681 2236 711 c.;

1228 723 1322 749 erant
1341 719 1442 750 etiam
1460 718 1518 759 qui
1536 719 1681 750 vocalem
1707 722 1861 750 neutram
1878 718 1979 750 altera
1997 719 2165 751 absorberi
2180 728 2242 760 per

1228 766 1334 796 crasin
1349 766 1509 804 dicerent,
1531 766 1586 796 sed
1603 766 1654 797 vel
1669 766 1778 804 aliam,
1797 766 1850 797 vel
1869 765 2111 807 diphthongum
2126 767 2237 799 nasci:

1229 812 1285 843 Gr.
1315 813 1355 844 ad
1373 813 1495 844 calcem
1513 812 1611 852 Greg.
1643 812 1715 844 Cor.
1737 821 1770 853 p.
1793 809 1873 845 678.
1912 813 2014 845 Nobis
2038 822 2241 853 synaereseoa

1228 868 1348 891 nomen
1377 864 1454 901 apte
1481 863 1514 891 et
1530 860 1571 891 ad
1588 861 1843 891 contractionem
1855 884 1863 899 ,
1890 868 1975 901 quae
1992 861 2029 891 in
2046 860 2163 892 eodem
2179 870 2239 892 vo-

1227 907 1342 938 cabulo
1360 907 1410 946 fit,
1430 911 1463 938 et
1481 907 1521 938 ad
1538 908 1658 946 crasin,
1679 916 1763 948 quae
1781 907 1846 939 duo
1864 907 1943 939 facit
1960 908 2144 939 coalescere
2156 933 2164 947 ‚
2184 909 2237 939 vi-

1226 954 1324 985 detur
1341 950 1595 986 accommodari.
1639 954 1748 987 Crasis
1770 958 1883 986 autem
1917 953 1931 996 ΙΙ
1963 965 1992 986 a.
2022 954 2105 986 duas
2131 954 2241 987 breves

1226 1001 1387 1032 contrahit
1401 1003 1437 1033 in
1449 1011 1565 1033 unum.
1588 1001 1784 1034 Coronidem
1802 1002 1930 1043 imponi
1948 1004 2119 1042 veterum,
2130 1011 2239 1043 quan-

1226 1057 1324 1089 quam
1343 1057 1409 1080 non
1428 1050 1590 1089 omnium,
1611 1058 1700 1080 more
1718 1050 1848 1080 solitam
1868 1050 1995 1090 sprevit
2011 1049 2130 1081 Elmsl.
2151 1058 2237 1082 nova

1225 1105 1379 1136 quaeque
1397 1097 1545 1128 studiose
1564 1100 1699 1137 captans
1718 1096 1757 1127 ad
1775 1097 1862 1128 Med.
1883 1093 1965 1128 464.

1295 1154 1317 1175 α
1342 1152 1385 1175 ex
1411 1144 1541 1176 duobus
1566 1155 1588 1176 α
1612 1145 1768 1175 coalitum
1802 1144 1992 1175 necessario
2024 1144 2232 1185 producitur.

1223 1187 1388 1234 τάκίνητα
1413 1190 1468 1223 OC
1487 1188 1566 1223 624.
1596 1191 1677 1222 Ant.
1701 1187 1802 1222 1060.
1835 1187 1973 1236 τάληθῆ
1991 1191 2047 1223 Ai.
2070 1187 2160 1223 1328
2175 1187 2232 1270 gr.

1223 1239 1290 1268 inc.
1311 1235 1389 1275 678,
1416 1234 1485 1282 14].
1513 1235 1624 1271 τᾶλλα
1641 1239 1695 1269 Ai.
1720 1235 1798 1269 112.
1822 1233 1923 1269 1398.
1944 1237 2004 1270 Ph.
2026 1234 2106 1270 364.
2131 1234 2173 1270 13
2202 1235 2231 1270 1.

1223 1285 1304 1315 Ant.
1334 1281 1434 1316 1170.
1466 1281 1567 1317 1179.
1604 1285 1658 1317 OC
1686 1281 1775 1316 1266
1808 1281 2013 1328 [corruptum
2044 1286 2080 1317 in
2107 1285 2167 1318 LA
2192 1294 2236 1317 ex

1222 1329 1342 1376 τάμά]
1365 1332 1419 1363 Tr.
1441 1329 1521 1364 488.
1545 1329 1645 1364 1211.
1683 1333 1755 1363 Non
1774 1333 1986 1364 scribendum
2011 1342 2087 1365 esse
2110 1329 2232 1374 τᾶλλα,

1223 1380 1310 1420 quod
1330 1380 1533 1411 Buttmanno
1551 1381 1628 1412 olim
1647 1384 1680 1411 et
1698 1389 1806 1420 nuper
1828 1381 1955 1420 ineptis
1973 1389 2034 1412 uso
2050 1380 2236 1412 rationibus

1223 1426 1430 1467 Goettlingio
1448 1427 1489 1458 ad
1508 1427 1669 1459 Theodos.
1689 1437 1723 1468 p.
1745 1423 1814 1458 222
1831 1428 1970 1468 placuit,
1991 1430 2036 1468 et,
2065 1427 2152 1468 quod
2170 1428 2235 1459 mi-

1222 1483 1307 1510 rere,
1336 1474 1496 1506 Elmsleio
1520 1475 1560 1506 ad
1586 1475 1666 1506 Eur.
1696 1475 1783 1506 Med.
1805 1471 1890 1515 888,
1921 1475 2001 1506 satis
2018 1476 2120 1506 evicit
2131 1474 2231 1507 Wolf.

1223 1522 1308 1552 anal.
1333 1518 1363 1552 1.
1392 1531 1425 1562 p.
1447 1518 1534 1561 431,
1566 1523 1618 1553 cui
1646 1522 1765 1554 merito
1791 1523 1975 1554 assentitur
2002 1521 2133 1554 Schaef.
2155 1530 2231 1563 app.

1224 1568 1396 1600 Demosth.
1426 1572 1450 1600 t.
1475 1566 1506 1600 1.
1527 1579 1560 1609 p.
1585 1565 1734 1613 197scf.
1756 1578 1853 1609 supra
1870 1578 1903 1610 p.
1926 1566 1971 1601 34
1987 1566 2035 1614 b].
2071 1569 2160 1601 Male
2176 1578 2236 1601 au-

1222 1620 1291 1647 tem
1305 1616 1404 1647 Wolf.
1425 1613 1567 1661 τοῦργον
1586 1618 1797 1648 scribendum
1811 1617 2053 1657 pronuntiavit,
2075 1625 2140 1658 quo
2154 1625 2233 1648 cou—

1223 1672 1314 1694 cesso
1332 1673 1374 1695 ne
1391 1661 1501 1696 τόίλλα
1519 1664 1652 1704 quidem
1671 1668 1705 1695 et
1721 1661 1830 1709 τᾶργα
1849 1673 1909 1695 suo
1926 1665 2000 1695 iure
2017 1665 2229 1696 constabunt.

1222 1710 1360 1743 Codices
1385 1716 1560 1751 utramque
1586 1709 1726 1743 τόνωσιν
1752 1712 1934 1743 exhibent:
1963 1721 1996 1742 v.
2017 1710 2135 1743 Elmsl.
2157 1711 2180 1742 l.
2202 1720 2231 1743 c.

169 1815 214 1837 m.
235 1805 397 1845 glyconio.
425 1802 486 1838 τὰν
511 1802 698 1850 ἀμφινει-κῆ
726 1802 930 1851 Δηιάνειραν
957 1804 1008 1840 ἀεί
1037 1807 1092 1838 Tr.
1118 1804 1183 1838 104
1220 1815 1293 1837 πων
1313 1805 1368 1837 Tr.
1389 1799 1469 1837 439.
1506 1802 1746 1850 τάπειλήματα
1764 1805 1818 1837 OC
1837 1802 1916 1838 660.
1943 1803 2033 1838 τάπό
2050 1806 2104 1838 Ai.
2128 1802 2230 1839 1376.

167 1766 226 1796 τος
243 1754 309 1790 811
329 1767 374 1789 m.
403 1758 533 1790 adonio.
564 1755 704 1792 ὀλέσθαι
725 1757 786 1792 τάν
816 1755 967 1805 Φρυγίαν
994 1757 1089 1797 ξέναν
1115 1757 1184 1791 824
1201 1659 1262 1885 1-
1278 1755 1466 1804 τάμήγανα
1483 1759 1565 1790 Ant.
1587 1755 1642 1789 92.
1663 1756 1880 1803 τάνθρώπεια
1896 1758 1951 1790 Ai.
1976 1755 2053 1790 132.
2074 1755 2232 1803 τάνθρώ-

170 1852 221 1884 ch.
251 1849 374 1885 ἐλπίδα
395 1850 456 1886 τὰν
482 1850 615 1898 ἀγαθάν
643 1851 709 1886 125
727 1853 778 1885 ch.
817 1854 989 1893 dactylico.
1018 1851 1039 1886 ἃ
1064 1852 1122 1887 ’καὶ
1146 1852 1183 1887 σὲ
1219 1851 1274 1884 OC
1292 1849 1372 1884 293.
1405 1848 1504 1884 1628.
1541 1850 1678 1898 τάφανῆ
1712 1852 1769 1884 OR
1796 1849 1872 1884 131.
1919 1852 2002 1885 Cum
2029 1863 2051 1886 α
2074 1853 2233 1894 producto

169 1897 230 1933 τὰν
247 1896 397 1932 ἄνασσαν
415 1897 545 1932 ἐλπίσιν
571 1897 661 1946 λέγω
681 1898 748 1932 137
766 1902 894 1932 senario
912 1901 1050 1933 chorico.
1080 1898 1182 1944 βοᾶτε
1220 1900 1402 1932 coalescere
1417 1911 1437 1932 α
1449 1901 1582 1931 articuli
1595 1901 1669 1931 iure
1682 1901 1816 1940 negavit
1829 1900 1919 1931 Pors.
1933 1898 1974 1931 ad
1987 1900 2113 1932 Phoen.
2128 1896 2230 1932 1277.

169 1943 231 1979 τάν
257 1944 450 1992 ὁμόσπορον
476 1943 545 1979 212
563 1948 613 1979 ch.
642 1949 782 1980 iambico
799 1948 950 1980 dimetro.
979 1946 1040 1981 τάν
1067 1946 1182 1982 ἄπαυ-

171 2004 248 2026 στον
274 1991 346 2026 αἰὲν
372 1991 450 2038 ἐμοί
473 1994 528 2026 Ai.
558 1991 648 2026 1187
673 1996 724 2027 ch.
754 1996 916 2035 glyconio.
959 1994 1020 2028 τὰν
1044 1993 1185 2039 [delevit

171 2038 297 2085 Dind.]
329 2038 464 2086 εὐρώδη
498 2037 623 2086 Τροίαν
659 2039 748 2074 1190
773 2042 824 2073 ch.
861 2043 919 2083 qui
953 2044 1184 2084 anapaesticus

173 2087 374 2129 spondiacus
393 2088 536 2120 videtur.
586 2085 663 2122 οὔτε
688 2088 751 2135 γὰρ
777 2088 794 2123 ὁ
820 2087 881 2122 τάν
907 2087 1014 2123 ἀκτάν
1040 2090 1094 2122 ΕΙ.
1119 2087 1184 2122 180

173 2134 214 2167 ch
256 2136 376 2167 cretico
392 2136 512 2167 ultima
529 2136 638 2167 soluta
655 2139 689 2168 et
713 2137 854 2168 molosso
872 2138 1078 2178 compositis
1108 2131 1184 2170 ἀλλ’

1292 1958 1310 1980 o
1328 1958 1345 1980 ο
1371 1948 1455 1979 crasi
1473 1957 1544 1978 raro
1557 1948 1723 1987 coalescit,
1745 1952 1779 1979 et
1795 1946 1931 1988 quidem
1949 1947 2135 1979 secundum
2154 1956 2233 1979 con—

1221 1995 1391 2026 tractionis
1417 1995 1525 2034 legem
1543 1996 1578 2026 in
1598 2005 1648 2027 ου.
1671 2012 1713 2017 —-
1733 1990 1858 2039 τοῦναρ
1875 1994 1929 2026 ΕΙ.
1950 1991 2031 2026 425.
2059 1991 2233 2031 τοῦνειδος

1220 2040 1281 2072 Ρ11.
1304 2038 1382 2073 523.
1413 2041 1470 2072 OR
1488 2039 1566 2073 523.
1597 2038 1677 2073 784.
1705 2041 1760 2073 OC
1779 2039 1857 2073 753.
1888 2041 1943 2073 Tr.
1965 2038 2046 2073 254.
2081 2038 2234 2087 τοῦνομα

1220 2087 1274 2120 OC
1294 2085 1350 2120 60.
1381 2087 1445 2120 Sed
1464 2089 1516 2120 Tr.
1538 2085 1606 2119 275
1624 2090 1748 2120 iniuria
1765 2086 1956 2133 οὑλύμπιος
1974 2088 2118 2121 Brunck.

1298 2135 1428 2166 Vocales
1446 2136 1554 2167 breves
1571 2137 1657 2167 inter
1672 2145 1703 2167 se
1721 2135 1865 2167 diversae
1891 2139 1950 2167 aut
1966 2136 2001 2167 in
2019 2136 2155 2168 alteram
2172 2145 2230 2168 ea-

173 2179 213 2215 οὐ
238 2180 298 2215 τάν
325 2177 404 2219 Διὸς
429 2179 604 2228 ἀστραπὰν
630 2181 689 2216 καὶ
705 2181 766 2216 τὰν
793 2181 951 2229 οὐρανίαν
969 2180 1074 2228 Θέμιν
1094 2181 1182 2216 1063
1218 2192 1303 2223 rum,
1326 2187 1384 2214 aut
1401 2183 1436 2213 in
1455 2182 1692 2223 diphthowyum
1710 2187 1841 2214 coeunt.
1870 2182 1965 2221 Quod
1982 2184 2010 2214 si
2027 2183 2111 2215 illud
2128 2183 2178 2224 fit,
2209 2194 2231 2216 α

170 2238 220 2271 sq.
234 2229 285 2261 ch.
307 2229 456 2268 glyconio
474 2233 627 2271 utroque.
641 2227 715 2263 ἀλλ’
733 2228 771 2264 οὐ
789 2229 849 2264 τὰν
861 2223 1014 2276 Ἄρτεμιν
1031 2229 1092 2264 τὰν
1111 2230 1183 2264 αἰὲν
1218 2231 1266 2260 ita
1282 2234 1410 2269 regnat,
1428 2234 1466 2261 ut
1483 2231 1673 2270 praevaleat
1684 2231 1779 2262 alteri
1797 2230 1913 2271 vocali,
1930 2231 2002 2262 sive
2015 2231 2147 2262 articuli
2164 2234 2227 2271 est,

171 2274 329 2320 ἀδμήταν
350 2273 439 2308 1238
456 2286 505 2318 sq.
532 2277 611 2309 mel.
632 2287 713 2318 quos
738 2279 895 2310 iambicos
911 2279 1182 2318 ischiorrhogicos

169 2323 286 2355 Herm.
316 2324 407 2355 dicit.
435 2322 496 2357 τὰν
520 2321 657 2370 νέορτον
683 2322 723 2361 ἇς
751 2322 795 2358 ἔτ’
818 2322 964 2362 ἄστολος
996 2325 1102 2372 γιτών
1135 2327 1178 2357 fr.

169 2370 247 2402 Hel.
269 2366 348 2411 791,
372 2367 389 2402 1
418 2371 566 2412 senario,
595 2375 635 2403 ut
651 2372 804 2413 videtur,
826 2373 966 2405 chorico.
993 2367 1054 2406 τᾶν
1074 2370 1102 2405 δ’
1121 2371 1183 2406 ἀν-

169 2414 311 2463 θρώπου
338 2415 427 2457 ζωάν
455 2418 530 2450 Ter.
548 2415 629 2458 519,
653 2415 669 2450 1
696 2420 755 2460 qui
778 2419 831 2451 vel
856 2419 1057 2461 dactylicus,
1094 2421 1181 2461 quod

170 2465 285 2507 potius
301 2465 447 2505 videtur,
476 2465 530 2497 vel
547 2467 778 2506 anapaesticus
793 2476 911 2498 versus
928 2470 991 2499 est.

239 2513 325 2545 τᾶν.
354 2509 412 2545 τὸν
437 2511 466 2545 ὦ
489 2514 550 2545 τᾶν
575 2511 760 2559 πυρφόρων
783 2513 841 2546 OR
865 2510 934 2545 200
959 2514 1011 2545 ch.
1042 2515 1181 2546 iambico

133 2563 136 2566 '
168 2559 440 2599 ischiorrhogico,
469 2563 508 2591 ut
525 2560 606 2591 dicit
622 2560 737 2592 Herm.
759 2557 835 2605 [τᾶν
861 2558 953 2594 δεινὰ
975 2559 1102 2594 τλασᾶν
1126 2560 1180 2593 OC

170 2603 259 2639 1077
277 2606 328 2638 ch.
351 2615 394 2638 ex
412 2607 514 2638 schol.
536 2606 631 2638 dedit
647 2607 751 2639 Dind.
772 2617 830 2648 pro
847 2605 908 2640 τάν
926 2605 955 2641 δ.
976 2605 1130 2652 τλᾶσαν].

237 2653 429 2685 Admodum
455 2654 577 2693 exigua
600 2655 636 2685 in
662 2655 830 2695 prioribus
856 2657 907 2686 est
925 2656 1108 2697 scripturae
1126 2655 1179 2687 di-

167 2701 365 2741 screpantia.
395 2700 477 2733 Ant.
499 2697 578 2732 615.
603 2702 708 2742 Aug.
736 2703 758 2734 b
788 2699 824 2746 ἡ.
854 2712 885 2733 v.
906 2698 970 2734 951
998 2699 1090 2735 ἀλλά
1120 2712 1179 2743 pro

166 2741 242 2781 ἀλλ’
259 2744 293 2781 ά.
331 2748 388 2781 Tr.
409 2743 478 2779 497
510 2747 634 2780 scholia
666 2749 846 2780 articulum
879 2757 945 2781 non
978 2753 1174 2790 agnoscunt,

165 2792 335 2840 ἀμέτρως.
378 2805 411 2826 V.
431 2791 501 2826 894
533 2795 625 2827 codd.
670 2792 830 2841 ἀνέορτος
871 2805 930 2837 pro
971 2794 993 2829 ἁ
1024 2793 1174 2841 νέορτος.

165 2842 247 2874 Ant.
261 2837 329 2874 959
347 2842 445 2882 pauci
462 2840 554 2874 codd.
575 2846 610 2874 et
627 2842 728 2874 Tricl.
747 2845 808 2880 τᾶς
826 2843 1000 2875 omittunt.
1023 2844 1077 2875 Tr.
1093 2840 1174 2876 217.

164 2889 241 2921 Ald.
272 2888 374 2921 Brub.
399 2886 460 2926 τάς
487 2898 546 2930 pro
570 2891 648 2930 τᾶς;
685 2890 777 2922 idem
811 2890 946 2921 eaedem
979 2891 1034 2922 Ai.
1059 2887 1126 2922 190
1143 2894 1177 2922 et

164 2935 257 2968 codd.
274 2936 408 2977 quidam
421 2933 566 2968 00513.
584 2936 640 2968 Tr.
655 2933 733 2968 126.
752 2936 847 2969 Suid.
861 2947 892 2970 v.
914 2934 1153 2982 ἀποτρύειν
1166 2963 1175 2979 ,

163 2981 228 3028 τήν
252 2992 312 3024 pro
334 2980 416 3022 τάν;
452 2983 578 3024 quippe
603 2987 767 3025 perpetuo
792 2994 844 3024 ap.
874 2993 952 3015 eum
980 2985 1176 3017 obliteratur

163 3030 350 3064 Dorismus.
378 3029 561 3062 Metrorum
578 3034 695 3071 regnat
713 3031 903 3070 glyconium
930 3034 964 3063 et
977 3031 1175 3063 choriambi—

164 3086 258 3118 cum,
284 3077 343 3109 sed
367 3077 460 3108 nulla
485 3080 536 3109 est
556 3087 615 3119 pro
641 3086 763 3117 genere
781 3087 940 3110 versuum
965 3079 1019 3110 vel
1045 3078 1174 3110 ratione

164 3124 354 3156 sententiae
379 3124 546 3156 scribendi
571 3124 759 3156 diversitas.
795 3124 928 3166 Quippe
945 3134 1070 3167 paucae
1093 3129 1175 3157 sunt

161 3171 309 3212 graviore
327 3171 448 3203 affectu
461 3171 678 3211 conspicuae:
698 3172 779 3203 Ant.
796 3168 877 3204 806.
894 3168 974 3204 811.
991 3169 1071 3205 824.
1089 3169 1169 3204 866.

161 3218 216 3250 El.
236 3214 317 3250 865.
349 3214 449 3249 1239.
473 3214 574 3250 1240.
605 3214 704 3250 1266.
729 3215 829 3250 1285.
858 3218 919 3250 Ph.
944 3216 1044 3251 1088.
1069 3215 1169 3251 1126.

164 3260 268 3343 1133.
295 3263 352 3297 OR
378 3260 479 3297 1199.
517 3263 572 3297 OC
597 3261 678 3297 249.
710 3261 811 3298 1556.
842 3262 943 3298 1563.
980 3266 1037 3299 Ai.
1068 3263 1168 3299 1187.

232 3353 265 3390 2.
307 3357 417 3390 Crasse
441 3359 572 3390 articuli
593 3361 819 3400 praepositivi.
849 3377 894 3383 —
929 3357 1168 3401 synaloephae,

1219 2277 1289 2308 sive
1306 2277 1459 2308 vocabuli
1477 2287 1552 2308 cum
1571 2286 1608 2309 eo
1626 2278 1808 2309 coniuncti.

1218 2368 1241 2404 θ
1289 2335 1353 2403 ogre.
1370 2323 1528 2404 6τῧοίᾁγγενΖῙ
1548 2324 1605 2382 PR
1622 2321 2083 2404 ρ14633,ΒΞρΞι-Ι.ἔίνοι.ι,ΕΙᾈ924.
2109 2322 2228 2379 τάκεῖ-

1217 2381 1414 2456 νῗέκίῑςος.
1442 2382 1714 2463 ὲέζῗῗὲῗῆοο.
1743 2418 1800 2450 OR
1817 2376 2230 2452 253339P‘32ifn11'1‘33?

1220 2462 1322 2497 1414.
1344 2465 1399 2498 OC
1417 2462 1498 2498 266.
1519 2463 1598 2497 344.
1621 2462 1699 2497 606.
1723 2462 1823 2497 1613.
1845 2463 2037 2509 (τάμαυτοῦ
2055 2465 2110 2498 ΟΟ
2122 2463 2222 2499 1254.

1217 2513 1298 2544 Ant.
1320 2509 1399 2545 238.
1421 2510 1521 2556 501.)
1547 2513 1607 2544 Ph.
1630 2510 1709 2545 370.
1739 2509 1819 2544 376.
1847 2510 1927 2545 870.
1956 2508 2036 2545 973.
2065 2513 2117 2544 El.
2143 2510 2223 2546 343.

1217 2556 1297 2591 538.
1320 2556 1398 2591 622.
1421 2556 1500 2592 623.
1523 2557 1624 2592 1050.
1648 2557 1749 2592 1057.
1774 2556 1873 2591 1462.
1892 2557 1962 2604 τάμ
1991 2562 2056 2604 ανῆ
2074 2559 2130 2592 OG
2143 2557 2224 2592 755.

1215 2603 1276 2638 τάν
1302 2606 1357 2639 OC
1374 2603 1454 2638 791.
1491 2608 1571 2638 Ant.
1593 2603 1672 2638 780.
1705 2604 1806 2638 1345.
1840 2570 2001 2639 τάναντΐα
2032 2607 2114 2638 Ant.
2142 2603 2222 2639 667.

1215 2651 1339 2686 τάνδεᾶ
1363 2654 1417 2686 OC
1438 2651 1538 2685 1430.
1567 2651 1690 2687 τᾶνδον
1710 2654 1765 2685 Tr.
1787 2650 1867 2685 334.
1894 2650 2042 2687 τάνθάδε
2067 2654 2121 2685 Tr.
2142 2650 2221 2686 943.
2283 2653 2288 2685 ”.

1215 2701 1267 2732 ΕΙ.
1292 2698 1393 2734 1436.
1430 2698 1591 2734 τάνθένδε
1615 2701 1668 2732 ΕΙ.
1693 2697 1793 2732 1307.
1823 2700 1880 2732 OR
1907 2697 2008 2732 1267.
2043 2697 2226 2734 τάντεῦθεν

1215 2748 1268 2779 ΕΙ.
1292 2744 1393 2779 1339.
1429 2744 1684 2792 τάνθυμήματα
1707 2747 1762 2780 OC
1781 2744 1895 2791 [299]
1922 2743 2023 2779 1199.
2058 2744 2150 2785 τᾶξω
2169 2747 2223 2781 OG
2279 2759 2288 2778 κ

1215 2791 1294 2826 341.
1321 2792 1564 2841 τάξευρήματα
1590 2795 1647 2827 ΟΒ
1665 2791 1743 2826 378.
1771 2792 1864 2839 τᾶπη
1891 2794 1943 2826 ΕΙ.
1965 2791 2044 2826 401.
2064 2795 2120 2826 Ai.
2141 2792 2220 2827 505.

1214 2838 1293 2873 745.
1321 2839 1402 2875 τάπί
1427 2843 1478 2874 El.
1502 2838 1602 2873 1456.
1639 2841 1699 2874 Ph.
1730 2838 1809 2873 353.
1838 2838 1917 2874 611.
1945 2838 2025 2873 806.
2064 2841 2119 2873 Tr.
2141 2838 2221 2874 356.

1212 2886 1399 2922 τάπίλοιπα
1423 2890 1483 2921 Ph.
1504 2885 1562 2921 24.
1589 2886 1760 2922 τάπινίκια
1785 2889 1838 2920 ΕΙ.
1860 2884 1937 2920 692.
1965 2886 2144 2932 τάπιτίμια
2167 2888 2220 2920 ΕΙ.

1213 2931 1280 2967 915
1309 2933 1459 2980 τάπιτύμ
1486 2947 1519 2969 ια
1533 2933 1668 2979 Dind.].
1688 2932 1788 2968 1382.
1809 2933 1852 2968 τᾶ
1873 2946 1916 2981 γα
1930 2936 1984 2967 Ai.
1998 2930 2055 2966 39.
2072 2935 2125 2967 El.
2140 2931 2219 2968 623.

1211 2982 1271 3014 Ph.
1323 2979 1356 3014 9.
1384 2983 1439 3015 OC
1481 2980 1536 3015 66.
1567 2980 1668 3015 1582.
1696 2983 1776 3014 Ant.
1798 2979 1842 3013 72
1871 3008 1877 3013 .
1907 2980 2034 3026 θάτερα
2057 2981 2117 3014 Ph.
2139 2978 2218 3015 503.

1211 3029 1331 3071 Naupl.
1354 3031 1394 3061 fr.
1417 3026 1484 3062 377
1509 3027 1584 3074 [sed
1601 3040 1633 3062 v.
1655 3027 1784 3075 ἕτερος]
1809 3030 1861 3062 ΕΙ.
1883 3027 1962 3062 345.
1993 3026 2140 3076 θάτέρου
2157 3029 2217 3063 Ph.

1211 3072 1292 3108 597.
1313 3074 1441 3122 θάτέρᾳ
1465 3077 1522 3108 Tr.
1541 3073 1621 3108 272.

1281 3134 1299 3157 ο
1318 3136 1339 3158 α
1363 3125 1401 3155 fit
1426 3135 1458 3157 α.
1488 3122 1587 3168 ἁνήρ,
1616 3121 1809 3169 ἅνθρωπος,
1839 3133 1905 3155 11011
1923 3122 2017 3170 ὡνήρ
2036 3125 2220 3159 secundum
2276 3164 2278 3166 .

1211 3170 1397 3203 Atticorum
1412 3180 1537 3203 morem
1551 3171 1615 3208 dici
1629 3173 1759 3212 primus
1772 3172 1962 3203 observarat
1975 3172 2105 3204 Dawes.
2122 3174 2216 3206 misc.

1211 3226 1254 3250 cr.
1283 3227 1317 3259 p.
1341 3214 1424 3250 196:
1453 3227 1515 3249 nec
1539 3220 1816 3259 obtemperarunt
1840 3222 1953 3250 tamen
1978 3219 2218 3253 Valckenarius
2267 3217 2277 3250 ζ’

1211 3268 1245 3296 et
1261 3265 1363 3306 hunc,
1393 3267 1432 3296 ut
1450 3265 1544 3306 solet,
1572 3274 1659 3307 pone
1677 3273 1820 3306 sequens
1837 3265 2000 3306 Brunck.,
2027 3275 2219 3307 quanquam

1210 3314 1246 3343 et
1269 3313 1342 3352 ipse
1367 3310 1547 3357 τάπορεῖν,
1580 3308 1729 3358 τάγαθὸν
1755 3321 1819 3344 non
1844 3312 2029 3357 τώπορεῖν,
2063 3310 2218 3357 τώγαθόν

1209 3358 1395 3391 defendens
1418 3359 1504 3391 Add.
1537 3359 1578 3391 ad
1601 3359 1660 3391 Ar.
1689 3359 1776 3391 Nub.
1806 3354 1886 3391 995.
1913 3368 1947 3400 p.
1979 3355 2064 3398 134;
2101 3360 2216 3394 Xeno-
2264 3363 2269 3386 -“

163 3412 301 3447 arascos,
324 3413 536 3446 synaereseos
554 3414 580 3438 s.
599 3407 833 3439 contractionis
851 3406 986 3439 nomina
1003 3407 1173 3440 veteribus
1206 3405 1327 3448 phonti
1342 3406 1472 3447 primus
1491 3405 1620 3439 Schaes.
1650 3403 1737 3451 ἁνήρ
1755 3405 1912 3447 reddidit,
1931 3415 1963 3437 v.
1985 3406 2108 3447 Reisig.
2129 3409 2214 3440 coni.
