<?xml version="1.0" encoding="UTF-8"?>
<!DOCTYPE html PUBLIC "-//W3C//DTD XHTML 1.0 Transitional//EN"
    "http://www.w3.org/TR/xhtml1/DTD/xhtml1-transitional.dtd">
<html xmlns="http://www.w3.org/1999/xhtml" xml:lang="en" lang="en">
 <head>
  <title>
</title>
<meta http-equiv="Content-Type" content="text/html;charset=utf-8" />
  <meta name='ocr-system' content='tesseract 3.04.00' />
  <meta name='ocr-capabilities' content='ocr_page ocr_carea ocr_par ocr_line ocrx_word'/>
</head>
<body>
  <div class='ocr_page' id='page_1' title='image "./lexiconsophocleu00elleuoft_0970.png"; bbox 0 0 2288 3600; ppageno 0'>
   <div class='ocr_carea' id='block_1_1' title="bbox 299 166 399 214">
    <p class='ocr_par' dir='ltr' id='par_1_1' title="bbox 299 166 399 214">
     <span class='ocr_line' id='line_1_1' title="bbox 299 166 399 214; baseline 0 -1"><span class='ocrx_word' id='word_1_1' title='bbox 299 166 399 214; x_wconf 88' lang='grc'><strong>466</strong></span> 
     </span>
    </p>
   </div>
   <div class='ocr_carea' id='block_1_2' title="bbox 292 277 1316 1462">
    <p class='ocr_par' dir='ltr' id='par_1_2' title="bbox 292 277 1316 1462">
     <span class='ocr_line' id='line_1_2' title="bbox 293 277 1311 325; baseline -0.003 -11"><span class='ocrx_word' id='word_1_2' title='bbox 293 277 554 325; x_wconf 77' lang='grc' dir='ltr'>νεμόμεσθα</span> <span class='ocrx_word' id='word_1_3' title='bbox 578 281 639 312; x_wconf 88' lang='lat' dir='ltr'><strong>Ph.</strong></span> <span class='ocrx_word' id='word_1_4' title='bbox 661 277 728 312; x_wconf 83' lang='grc'><strong>709</strong></span> <span class='ocrx_word' id='word_1_5' title='bbox 747 281 799 312; x_wconf 76' lang='lat' dir='ltr'><strong>ch.</strong></span> <span class='ocrx_word' id='word_1_6' title='bbox 829 299 874 304; x_wconf 87' lang='lat'>—</span> <span class='ocrx_word' id='word_1_7' title='bbox 899 282 943 313; x_wconf 92' lang='lat'><strong>11.</strong></span> <span class='ocrx_word' id='word_1_8' title='bbox 977 280 1072 313; x_wconf 73' lang='lat' dir='ltr'><strong>Usus.</strong></span> <span class='ocrx_word' id='word_1_9' title='bbox 1101 281 1116 322; x_wconf 77' lang='grc'><strong>11</strong></span> <span class='ocrx_word' id='word_1_10' title='bbox 1136 280 1311 321; x_wconf 77' lang='lat' dir='ltr'><strong>partiendo</strong></span> 
     </span>
     <span class='ocr_line' id='line_1_3' title="bbox 296 325 1312 373; baseline 0.001 -13"><span class='ocrx_word' id='word_1_11' title='bbox 296 327 459 360; x_wconf 73' lang='lat' dir='ltr'><strong>tribuendi</strong></span> <span class='ocrx_word' id='word_1_12' title='bbox 485 329 723 369; x_wconf 86' lang='lat' dir='ltr'><strong>antiquissima</strong></span> <span class='ocrx_word' id='word_1_13' title='bbox 749 329 961 368; x_wconf 86' lang='lat' dir='ltr'><strong>significatio.</strong></span> <span class='ocrx_word' id='word_1_14' title='bbox 997 325 1163 373; x_wconf 88' lang='grc' dir='ltr'>πρεσβεῖα</span> <span class='ocrx_word' id='word_1_15' title='bbox 1194 325 1312 373; x_wconf 88' lang='grc' dir='ltr'>νείμας</span> 
     </span>
     <span class='ocr_line' id='line_1_4' title="bbox 293 371 1313 421; baseline 0 -13"><span class='ocrx_word' id='word_1_16' title='bbox 293 373 398 420; x_wconf 83' lang='grc' dir='ltr'>τῆσδε</span> <span class='ocrx_word' id='word_1_17' title='bbox 416 378 480 421; x_wconf 80' lang='grc' dir='ltr'><strong>γῆς</strong></span> <span class='ocrx_word' id='word_1_18' title='bbox 498 376 582 416; x_wconf 88' lang='lat' dir='ltr'>Aeg.</span> <span class='ocrx_word' id='word_1_19' title='bbox 605 376 646 408; x_wconf 83' lang='lat' dir='ltr'><strong>fr.</strong></span> <span class='ocrx_word' id='word_1_20' title='bbox 671 371 726 415; x_wconf 92' lang='lat'><strong>19,</strong></span> <span class='ocrx_word' id='word_1_21' title='bbox 743 371 775 406; x_wconf 85' lang='lat'><strong>3.</strong></span> <span class='ocrx_word' id='word_1_22' title='bbox 805 371 911 416; x_wconf 81' lang='grc' dir='ltr'>Λύκῳ</span> <span class='ocrx_word' id='word_1_23' title='bbox 928 374 986 408; x_wconf 89' lang='grc' dir='ltr'><strong>τὸν</strong></span> <span class='ocrx_word' id='word_1_24' title='bbox 1005 372 1227 421; x_wconf 82' lang='grc' dir='ltr'>ἀντίπλευρον</span> <span class='ocrx_word' id='word_1_25' title='bbox 1244 378 1313 419; x_wconf 85' lang='grc' dir='ltr'><strong>κῆ-</strong></span> 
     </span>
     <span class='ocr_line' id='line_1_5' title="bbox 295 418 1312 468; baseline -0.001 -13"><span class='ocrx_word' id='word_1_26' title='bbox 295 433 359 455; x_wconf 87' lang='grc' dir='ltr'><strong>πον</strong></span> <span class='ocrx_word' id='word_1_27' title='bbox 377 418 530 467; x_wconf 75' lang='grc' dir='ltr'>Εὐβοίας</span> <span class='ocrx_word' id='word_1_28' title='bbox 547 421 663 466; x_wconf 91' lang='grc' dir='ltr'>νέμων</span> <span class='ocrx_word' id='word_1_29' title='bbox 682 423 725 453; x_wconf 90' lang='lat' dir='ltr'><strong>ib.</strong></span> <span class='ocrx_word' id='word_1_30' title='bbox 743 419 776 454; x_wconf 82' lang='grc'><strong>4.</strong></span> <span class='ocrx_word' id='word_1_31' title='bbox 814 420 888 455; x_wconf 87' lang='grc' dir='ltr'>εἷπε</span> <span class='ocrx_word' id='word_1_32' title='bbox 906 419 933 455; x_wconf 80' lang='grc' dir='ltr'><strong>δ’</strong></span> <span class='ocrx_word' id='word_1_33' title='bbox 965 419 1003 455; x_wconf 83' lang='grc' dir='ltr'><strong>“ν</strong></span> <span class='ocrx_word' id='word_1_34' title='bbox 1028 421 1161 460; x_wconf 88' lang='grc' dir='ltr'>τέκνοις</span> <span class='ocrx_word' id='word_1_35' title='bbox 1189 424 1312 468; x_wconf 86' lang='grc' dir='ltr'>μοῖραν</span> 
     </span>
     <span class='ocr_line' id='line_1_6' title="bbox 294 461 1311 516; baseline -0.001 -14"><span class='ocrx_word' id='word_1_36' title='bbox 294 461 452 516; x_wconf 79' lang='grc' dir='ltr'>πατρῴας</span> <span class='ocrx_word' id='word_1_37' title='bbox 489 472 531 514; x_wconf 88' lang='grc' dir='ltr'><strong>ῆς</strong></span> <span class='ocrx_word' id='word_1_38' title='bbox 551 467 716 514; x_wconf 84' lang='grc' dir='ltr'>διαίρετον</span> <span class='ocrx_word' id='word_1_39' title='bbox 733 468 831 514; x_wconf 92' lang='grc' dir='ltr'>νέμοι</span> <span class='ocrx_word' id='word_1_40' title='bbox 850 470 904 501; x_wconf 90' lang='lat' dir='ltr'><strong>Tr.</strong></span> <span class='ocrx_word' id='word_1_41' title='bbox 929 466 971 501; x_wconf 92' lang='grc'><strong>16</strong></span> <span class='ocrx_word' id='word_1_42' title='bbox 1014 471 1180 511; x_wconf 87' lang='lat' dir='ltr'><strong>scriptura</strong></span> <span class='ocrx_word' id='word_1_43' title='bbox 1197 467 1311 513; x_wconf 87' lang='grc' dir='ltr'>νέμειν</span> 
     </span>
     <span class='ocr_line' id='line_1_7' title="bbox 294 481 1313 559; baseline -0.001 -10"><span class='ocrx_word' id='word_1_44' title='bbox 294 481 532 554; x_wconf 64' lang='grc' dir='ltr'>ἀνακόλουθος</span> <span class='ocrx_word' id='word_1_45' title='bbox 551 519 654 549; x_wconf 89' lang='lat' dir='ltr'><strong>oratio</strong></span> <span class='ocrx_word' id='word_1_46' title='bbox 672 518 720 548; x_wconf 86' lang='lat' dir='ltr'><strong>fit.</strong></span> <span class='ocrx_word' id='word_1_47' title='bbox 746 535 787 540; x_wconf 93' lang='lat'><strong>—</strong></span> <span class='ocrx_word' id='word_1_48' title='bbox 815 517 829 559; x_wconf 79' lang='grc' dir='ltr'><strong>ΙΙ</strong></span> <span class='ocrx_word' id='word_1_49' title='bbox 853 517 970 558; x_wconf 75' lang='lat' dir='ltr'><strong>tribuo,</strong></span> <span class='ocrx_word' id='word_1_50' title='bbox 1000 516 1042 548; x_wconf 85' lang='lat' dir='ltr'><strong>do</strong></span> <span class='ocrx_word' id='word_1_51' title='bbox 1059 519 1230 557; x_wconf 83' lang='lat' dir='ltr'><strong>universe,</strong></span> <span class='ocrx_word' id='word_1_52' title='bbox 1259 518 1313 548; x_wconf 90' lang='lat' dir='ltr'><strong>in-</strong></span> 
     </span>
     <span class='ocr_line' id='line_1_8' title="bbox 295 561 1314 608; baseline -0.001 -12"><span class='ocrx_word' id='word_1_53' title='bbox 295 566 412 606; x_wconf 85' lang='lat' dir='ltr'><strong>primis</strong></span> <span class='ocrx_word' id='word_1_54' title='bbox 429 566 533 596; x_wconf 89' lang='lat' dir='ltr'><strong>etiam</strong></span> <span class='ocrx_word' id='word_1_55' title='bbox 550 564 590 595; x_wconf 89' lang='lat' dir='ltr'><strong>de</strong></span> <span class='ocrx_word' id='word_1_56' title='bbox 610 567 696 595; x_wconf 86' lang='lat' dir='ltr'>sorte</span> <span class='ocrx_word' id='word_1_57' title='bbox 714 568 748 595; x_wconf 89' lang='lat' dir='ltr'><strong>et</strong></span> <span class='ocrx_word' id='word_1_58' title='bbox 765 568 898 596; x_wconf 87' lang='lat' dir='ltr'><strong>natura.</strong></span> <span class='ocrx_word' id='word_1_59' title='bbox 929 562 1027 598; x_wconf 78' lang='grc' dir='ltr'>οὐδὲν</span> <span class='ocrx_word' id='word_1_60' title='bbox 1052 561 1129 598; x_wconf 83' lang='grc' dir='ltr'>θεοὶ</span> <span class='ocrx_word' id='word_1_61' title='bbox 1153 561 1314 608; x_wconf 77' lang='grc' dir='ltr'>νέμουσιν</span> 
     </span>
     <span class='ocr_line' id='line_1_9' title="bbox 294 604 1315 658; baseline -0.001 -14"><span class='ocrx_word' id='word_1_62' title='bbox 294 609 361 657; x_wconf 78' lang='grc' dir='ltr'><strong>ἡδύ</strong></span> <span class='ocrx_word' id='word_1_63' title='bbox 381 623 439 656; x_wconf 90' lang='grc' dir='ltr'><strong>μοι</strong></span> <span class='ocrx_word' id='word_1_64' title='bbox 465 612 527 643; x_wconf 89' lang='lat' dir='ltr'><strong>Ph.</strong></span> <span class='ocrx_word' id='word_1_65' title='bbox 551 607 651 643; x_wconf 85' lang='lat'><strong>1020.</strong></span> <span class='ocrx_word' id='word_1_66' title='bbox 680 604 758 658; x_wconf 75' lang='grc' dir='ltr'>τάχ’</span> <span class='ocrx_word' id='word_1_67' title='bbox 783 608 823 644; x_wconf 83' lang='grc' dir='ltr'><strong>ἂν</strong></span> <span class='ocrx_word' id='word_1_68' title='bbox 847 610 887 644; x_wconf 89' lang='grc' dir='ltr'><strong>τὸ</strong></span> <span class='ocrx_word' id='word_1_69' title='bbox 913 610 970 644; x_wconf 86' lang='grc' dir='ltr'><strong>σὸν</strong></span> <span class='ocrx_word' id='word_1_70' title='bbox 988 609 1088 658; x_wconf 74' lang='grc' dir='ltr'>γέρας</span> <span class='ocrx_word' id='word_1_71' title='bbox 1114 609 1217 656; x_wconf 84' lang='grc' dir='ltr'>τιμὴν</span> <span class='ocrx_word' id='word_1_72' title='bbox 1236 609 1315 656; x_wconf 83' lang='grc' dir='ltr'>ἐμοὶ</span> 
     </span>
     <span class='ocr_line' id='line_1_10' title="bbox 292 655 1316 705; baseline -0.003 -14"><span class='ocrx_word' id='word_1_73' title='bbox 292 656 436 703; x_wconf 88' lang='grc' dir='ltr'>νείμειεν</span> <span class='ocrx_word' id='word_1_74' title='bbox 457 655 547 690; x_wconf 87' lang='grc'><strong>1062</strong></span> <span class='ocrx_word' id='word_1_75' title='bbox 566 659 679 698; x_wconf 79' lang='lat' dir='ltr'><strong>facias,</strong></span> <span class='ocrx_word' id='word_1_76' title='bbox 700 665 738 690; x_wconf 89' lang='lat' dir='ltr'><strong>ut</strong></span> <span class='ocrx_word' id='word_1_77' title='bbox 751 668 924 700; x_wconf 85' lang='lat' dir='ltr'><strong>assequar.</strong></span> <span class='ocrx_word' id='word_1_78' title='bbox 945 657 1108 705; x_wconf 80' lang='grc' dir='ltr'>χέρνιβας</span> <span class='ocrx_word' id='word_1_79' title='bbox 1125 657 1240 703; x_wconf 88' lang='grc' dir='ltr'>νέμειν</span> <span class='ocrx_word' id='word_1_80' title='bbox 1259 659 1316 690; x_wconf 84' lang='lat' dir='ltr'><strong>OR</strong></span> 
     </span>
     <span class='ocr_line' id='line_1_11' title="bbox 294 702 1314 750; baseline 0 -12"><span class='ocrx_word' id='word_1_81' title='bbox 294 703 375 739; x_wconf 89' lang='grc'><strong>240.</strong></span> <span class='ocrx_word' id='word_1_82' title='bbox 405 702 571 742; x_wconf 76' lang='grc' dir='ltr'>Οἰδίπους</span> <span class='ocrx_word' id='word_1_83' title='bbox 594 703 721 738; x_wconf 79' lang='grc' dir='ltr'>τοιαῦτ’</span> <span class='ocrx_word' id='word_1_84' title='bbox 748 703 861 750; x_wconf 79' lang='grc' dir='ltr'>ἔνειμε</span> <span class='ocrx_word' id='word_1_85' title='bbox 888 704 983 739; x_wconf 83' lang='grc' dir='ltr'>παισὶ</span> <span class='ocrx_word' id='word_1_86' title='bbox 1008 708 1083 743; x_wconf 86' lang='grc' dir='ltr'>τοῖς</span> <span class='ocrx_word' id='word_1_87' title='bbox 1108 702 1212 739; x_wconf 71' lang='grc' dir='ltr'>αὑτοῦ</span> <span class='ocrx_word' id='word_1_88' title='bbox 1231 702 1314 750; x_wconf 77' lang='grc' dir='ltr'>γέρα</span> 
     </span>
     <span class='ocr_line' id='line_1_12' title="bbox 293 749 1314 798; baseline 0 -13"><span class='ocrx_word' id='word_1_89' title='bbox 293 753 349 785; x_wconf 85' lang='lat' dir='ltr'><strong>OC</strong></span> <span class='ocrx_word' id='word_1_90' title='bbox 370 750 471 785; x_wconf 92' lang='grc'><strong>1396.</strong></span> <span class='ocrx_word' id='word_1_91' title='bbox 506 755 648 786; x_wconf 77' lang='grc' dir='ltr'>τοιαῦτα</span> <span class='ocrx_word' id='word_1_92' title='bbox 670 751 766 798; x_wconf 83' lang='grc' dir='ltr'>νέμει</span> <span class='ocrx_word' id='word_1_93' title='bbox 791 750 883 791; x_wconf 85' lang='grc' dir='ltr'>Ζεύς</span> <span class='ocrx_word' id='word_1_94' title='bbox 909 754 965 785; x_wconf 89' lang='lat' dir='ltr'><strong>Tr.</strong></span> <span class='ocrx_word' id='word_1_95' title='bbox 991 749 1080 785; x_wconf 85' lang='lat'>1022</span> <span class='ocrx_word' id='word_1_96' title='bbox 1098 763 1143 784; x_wconf 94' lang='lat' dir='ltr'><strong>m.</strong></span> <span class='ocrx_word' id='word_1_97' title='bbox 1179 750 1314 785; x_wconf 89' lang='grc' dir='ltr'>δίδωσιν</span> 
     </span>
     <span class='ocr_line' id='line_1_13' title="bbox 295 797 1315 846; baseline 0.001 -15"><span class='ocrx_word' id='word_1_98' title='bbox 295 801 396 832; x_wconf 87' lang='lat' dir='ltr'><strong>schol.</strong></span> <span class='ocrx_word' id='word_1_99' title='bbox 449 799 557 834; x_wconf 85' lang='grc' dir='ltr'>κακὸν</span> <span class='ocrx_word' id='word_1_100' title='bbox 575 797 677 845; x_wconf 82' lang='grc' dir='ltr'>κείνῳ</span> <span class='ocrx_word' id='word_1_101' title='bbox 701 811 737 833; x_wconf 89' lang='grc' dir='ltr'><strong>τε</strong></span> <span class='ocrx_word' id='word_1_102' title='bbox 754 798 862 845; x_wconf 82' lang='grc' dir='ltr'>κάμοὶ</span> <span class='ocrx_word' id='word_1_103' title='bbox 881 797 987 839; x_wconf 73' lang='grc' dir='ltr'>τοῦθ’,</span> <span class='ocrx_word' id='word_1_104' title='bbox 1016 797 1097 834; x_wconf 80' lang='grc' dir='ltr'>ὅταν</span> <span class='ocrx_word' id='word_1_105' title='bbox 1115 798 1236 846; x_wconf 79' lang='grc' dir='ltr'>θάνῃς,</span> <span class='ocrx_word' id='word_1_106' title='bbox 1257 810 1315 833; x_wconf 92' lang='grc' dir='ltr'><strong>νε-</strong></span> 
     </span>
     <span class='ocr_line' id='line_1_14' title="bbox 295 843 1315 892; baseline -0.001 -11"><span class='ocrx_word' id='word_1_107' title='bbox 295 850 371 892; x_wconf 85' lang='grc' dir='ltr'>μεῖς</span> <span class='ocrx_word' id='word_1_108' title='bbox 390 849 444 879; x_wconf 91' lang='lat' dir='ltr'><strong>Ai.</strong></span> <span class='ocrx_word' id='word_1_109' title='bbox 466 845 546 879; x_wconf 82' lang='lat'><strong>513.</strong></span> <span class='ocrx_word' id='word_1_110' title='bbox 576 843 654 880; x_wconf 68' lang='grc' dir='ltr'>οὔτε</span> <span class='ocrx_word' id='word_1_111' title='bbox 673 845 813 892; x_wconf 85' lang='grc' dir='ltr'>βαθειᾶν</span> <span class='ocrx_word' id='word_1_112' title='bbox 832 845 982 881; x_wconf 88' lang='grc' dir='ltr'>κυλίκων</span> <span class='ocrx_word' id='word_1_113' title='bbox 1004 850 1122 892; x_wconf 89' lang='grc' dir='ltr'>νεῖμεν</span> <span class='ocrx_word' id='word_1_114' title='bbox 1141 845 1220 892; x_wconf 84' lang='grc' dir='ltr'>ἐμοὶ</span> <span class='ocrx_word' id='word_1_115' title='bbox 1236 845 1315 892; x_wconf 88' lang='grc' dir='ltr'>τέρ-</span> 
     </span>
     <span class='ocr_line' id='line_1_15' title="bbox 296 892 1313 941; baseline -0.001 -13"><span class='ocrx_word' id='word_1_116' title='bbox 296 893 352 941; x_wconf 81' lang='grc' dir='ltr'><strong>ψιν</strong></span> <span class='ocrx_word' id='word_1_117' title='bbox 374 892 460 927; x_wconf 89' lang='grc'><strong>1201</strong></span> <span class='ocrx_word' id='word_1_118' title='bbox 483 896 534 926; x_wconf 80' lang='lat' dir='ltr'><strong>ch.</strong></span> <span class='ocrx_word' id='word_1_119' title='bbox 561 897 634 932; x_wconf 89' lang='grc' dir='ltr'>τοῖς</span> <span class='ocrx_word' id='word_1_120' title='bbox 652 892 764 941; x_wconf 77' lang='grc' dir='ltr'>φίλοις</span> <span class='ocrx_word' id='word_1_121' title='bbox 790 892 893 938; x_wconf 82' lang='grc' dir='ltr'>τιμὰς</span> <span class='ocrx_word' id='word_1_122' title='bbox 910 893 947 928; x_wconf 90' lang='grc' dir='ltr'><strong>νέ</strong></span> <span class='ocrx_word' id='word_1_123' title='bbox 978 906 1024 928; x_wconf 91' lang='grc' dir='ltr'><strong>ειν</strong></span> <span class='ocrx_word' id='word_1_124' title='bbox 1046 892 1148 926; x_wconf 90' lang='grc'><strong>1351.</strong></span> <span class='ocrx_word' id='word_1_125' title='bbox 1179 892 1231 928; x_wconf 89' lang='grc' dir='ltr'><strong>σοὶ</strong></span> <span class='ocrx_word' id='word_1_126' title='bbox 1251 893 1313 939; x_wconf 83' lang='grc' dir='ltr'><strong>μὲν</strong></span> 
     </span>
     <span class='ocr_line' id='line_1_16' title="bbox 294 936 1315 988; baseline -0.001 -13"><span class='ocrx_word' id='word_1_127' title='bbox 294 936 427 987; x_wconf 76' lang='grc' dir='ltr'>νέμοιμ’</span> <span class='ocrx_word' id='word_1_128' title='bbox 447 938 487 974; x_wconf 79' lang='grc' dir='ltr'><strong>ἂν</strong></span> <span class='ocrx_word' id='word_1_129' title='bbox 504 940 607 987; x_wconf 84' lang='grc' dir='ltr'>τῆσδε</span> <span class='ocrx_word' id='word_1_130' title='bbox 625 941 683 975; x_wconf 86' lang='grc' dir='ltr'><strong>καὶ</strong></span> <span class='ocrx_word' id='word_1_131' title='bbox 702 939 806 987; x_wconf 79' lang='grc' dir='ltr'>μείζω</span> <span class='ocrx_word' id='word_1_132' title='bbox 823 939 923 988; x_wconf 83' lang='grc' dir='ltr'>χάριν</span> <span class='ocrx_word' id='word_1_133' title='bbox 965 939 1046 974; x_wconf 84' lang='grc'><strong>371.</strong></span> <span class='ocrx_word' id='word_1_134' title='bbox 1068 939 1121 980; x_wconf 82' lang='grc' dir='ltr'><strong>οἷς</strong></span> <span class='ocrx_word' id='word_1_135' title='bbox 1141 939 1219 975; x_wconf 73' lang='grc' dir='ltr'>οὔτε</span> <span class='ocrx_word' id='word_1_136' title='bbox 1237 939 1315 975; x_wconf 88' lang='grc' dir='ltr'>δαί-</span> 
     </span>
     <span class='ocr_line' id='line_1_17' title="bbox 298 983 1313 1034; baseline 0 -12"><span class='ocrx_word' id='word_1_137' title='bbox 298 1002 371 1034; x_wconf 86' lang='grc' dir='ltr'>μων</span> <span class='ocrx_word' id='word_1_138' title='bbox 399 986 476 1023; x_wconf 78' lang='grc' dir='ltr'>οὔτε</span> <span class='ocrx_word' id='word_1_139' title='bbox 501 1001 550 1027; x_wconf 84' lang='grc' dir='ltr'><strong>τις</strong></span> <span class='ocrx_word' id='word_1_140' title='bbox 575 987 665 1023; x_wconf 83' lang='grc' dir='ltr'>θεῶν</span> <span class='ocrx_word' id='word_1_141' title='bbox 691 987 807 1034; x_wconf 90' lang='grc' dir='ltr'>νέμων</span> <span class='ocrx_word' id='word_1_142' title='bbox 833 987 984 1022; x_wconf 71' lang='grc' dir='ltr'>πλούτου</span> <span class='ocrx_word' id='word_1_143' title='bbox 1003 983 1073 1022; x_wconf 75' lang='grc' dir='ltr'><strong>ποτΊ</strong></span> <span class='ocrx_word' id='word_1_144' title='bbox 1102 986 1142 1022; x_wconf 82' lang='grc' dir='ltr'><strong>ἂν</strong></span> <span class='ocrx_word' id='word_1_145' title='bbox 1167 987 1313 1034; x_wconf 87' lang='grc' dir='ltr'>νείμειεν</span> 
     </span>
     <span class='ocr_line' id='line_1_18' title="bbox 296 1033 1313 1084; baseline -0.002 -15"><span class='ocrx_word' id='word_1_146' title='bbox 296 1035 389 1076; x_wconf 83' lang='grc' dir='ltr'>ἀξίαν</span> <span class='ocrx_word' id='word_1_147' title='bbox 407 1036 507 1084; x_wconf 77' lang='grc' dir='ltr'>χάριν</span> <span class='ocrx_word' id='word_1_148' title='bbox 534 1037 623 1076; x_wconf 84' lang='lat' dir='ltr'><strong>Scyr.</strong></span> <span class='ocrx_word' id='word_1_149' title='bbox 648 1038 687 1069; x_wconf 83' lang='lat' dir='ltr'><strong>fr.</strong></span> <span class='ocrx_word' id='word_1_150' title='bbox 709 1033 791 1076; x_wconf 86' lang='grc'><strong>499,</strong></span> <span class='ocrx_word' id='word_1_151' title='bbox 811 1034 846 1070; x_wconf 89' lang='grc'><strong>3.</strong></span> <span class='ocrx_word' id='word_1_152' title='bbox 869 1054 909 1059; x_wconf 90' lang='grc'>-</span> <span class='ocrx_word' id='word_1_153' title='bbox 937 1038 1069 1068; x_wconf 82' lang='lat' dir='ltr'><strong>Affines</strong></span> <span class='ocrx_word' id='word_1_154' title='bbox 1093 1040 1174 1068; x_wconf 87' lang='lat' dir='ltr'><strong>sunt</strong></span> <span class='ocrx_word' id='word_1_155' title='bbox 1199 1046 1313 1068; x_wconf 81' lang='lat' dir='ltr'><strong>conce-</strong></span> 
     </span>
     <span class='ocr_line' id='line_1_19' title="bbox 296 1078 1314 1129; baseline 0 -14"><span class='ocrx_word' id='word_1_156' title='bbox 296 1083 395 1115; x_wconf 65' lang='lat' dir='ltr'><strong>dende·</strong></span> <span class='ocrx_word' id='word_1_157' title='bbox 421 1089 454 1115; x_wconf 86' lang='lat' dir='ltr'><strong>et</strong></span> <span class='ocrx_word' id='word_1_158' title='bbox 480 1084 686 1115; x_wconf 77' lang='lat' dir='ltr'><strong>adscribendi</strong></span> <span class='ocrx_word' id='word_1_159' title='bbox 705 1085 979 1123; x_wconf 82' lang='lat' dir='ltr'><strong>significationes.</strong></span> <span class='ocrx_word' id='word_1_160' title='bbox 1009 1083 1140 1129; x_wconf 89' lang='grc' dir='ltr'>πότερα</span> <span class='ocrx_word' id='word_1_161' title='bbox 1157 1078 1185 1116; x_wconf 82' lang='grc' dir='ltr'><strong>δ’</strong></span> <span class='ocrx_word' id='word_1_162' title='bbox 1203 1081 1255 1123; x_wconf 79' lang='grc' dir='ltr'><strong>ἄν,</strong></span> <span class='ocrx_word' id='word_1_163' title='bbox 1285 1082 1314 1116; x_wconf 82' lang='grc' dir='ltr'><strong>εἰ</strong></span> 
     </span>
     <span class='ocr_line' id='line_1_20' title="bbox 295 1125 1313 1176; baseline 0.001 -13"><span class='ocrx_word' id='word_1_164' title='bbox 295 1130 392 1176; x_wconf 85' lang='grc' dir='ltr'>νέμοι</span> <span class='ocrx_word' id='word_1_165' title='bbox 409 1143 459 1168; x_wconf 89' lang='grc' dir='ltr'><strong>τις</strong></span> <span class='ocrx_word' id='word_1_166' title='bbox 478 1129 628 1176; x_wconf 81' lang='grc' dir='ltr'>αἵρεσιν,</span> <span class='ocrx_word' id='word_1_167' title='bbox 657 1129 778 1175; x_wconf 82' lang='grc' dir='ltr'>λάβοις</span> <span class='ocrx_word' id='word_1_168' title='bbox 803 1132 859 1163; x_wconf 89' lang='lat' dir='ltr'><strong>Ai.</strong></span> <span class='ocrx_word' id='word_1_169' title='bbox 878 1128 959 1163; x_wconf 79' lang='lat'><strong>265.</strong></span> <span class='ocrx_word' id='word_1_170' title='bbox 988 1125 1082 1176; x_wconf 81' lang='grc' dir='ltr'>τήνδ’</span> <span class='ocrx_word' id='word_1_171' title='bbox 1107 1129 1166 1164; x_wconf 82' lang='grc' dir='ltr'><strong>οὖν</strong></span> <span class='ocrx_word' id='word_1_172' title='bbox 1194 1129 1313 1176; x_wconf 82' lang='grc' dir='ltr'>ἐκείνῳ</span> 
     </span>
     <span class='ocr_line' id='line_1_21' title="bbox 296 1175 1314 1224; baseline -0.002 -13"><span class='ocrx_word' id='word_1_173' title='bbox 296 1180 362 1215; x_wconf 86' lang='grc' dir='ltr'><strong>πᾶς</strong></span> <span class='ocrx_word' id='word_1_174' title='bbox 379 1189 429 1216; x_wconf 88' lang='grc' dir='ltr'><strong>τις</strong></span> <span class='ocrx_word' id='word_1_175' title='bbox 447 1176 556 1212; x_wconf 80' lang='grc' dir='ltr'>αἰτίαν</span> <span class='ocrx_word' id='word_1_176' title='bbox 574 1177 669 1223; x_wconf 88' lang='grc' dir='ltr'>νέμει</span> <span class='ocrx_word' id='word_1_177' title='bbox 686 1179 741 1210; x_wconf 90' lang='lat' dir='ltr'><strong>Ai.</strong></span> <span class='ocrx_word' id='word_1_178' title='bbox 758 1175 804 1210; x_wconf 89' lang='grc'><strong>28</strong></span> <span class='ocrx_word' id='word_1_179' title='bbox 818 1179 862 1218; x_wconf 87' lang='lat' dir='ltr'><strong>gl.</strong></span> <span class='ocrx_word' id='word_1_180' title='bbox 883 1177 931 1216; x_wconf 81' lang='grc' dir='ltr'><strong>εἰς</strong></span> <span class='ocrx_word' id='word_1_181' title='bbox 949 1176 1050 1212; x_wconf 83' lang='grc' dir='ltr'>αὐτὸν</span> <span class='ocrx_word' id='word_1_182' title='bbox 1068 1177 1196 1224; x_wconf 79' lang='grc' dir='ltr'>τρέπει,</span> <span class='ocrx_word' id='word_1_183' title='bbox 1217 1180 1314 1210; x_wconf 79' lang='lat' dir='ltr'><strong>cuius</strong></span> 
     </span>
     <span class='ocr_line' id='line_1_22' title="bbox 296 1226 1315 1268; baseline 0 -11"><span class='ocrx_word' id='word_1_184' title='bbox 296 1236 372 1267; x_wconf 90' lang='lat' dir='ltr'><strong>pars</strong></span> <span class='ocrx_word' id='word_1_185' title='bbox 398 1227 433 1257; x_wconf 89' lang='lat' dir='ltr'><strong>in</strong></span> <span class='ocrx_word' id='word_1_186' title='bbox 458 1226 559 1258; x_wconf 85' lang='lat' dir='ltr'><strong>libros</strong></span> <span class='ocrx_word' id='word_1_187' title='bbox 584 1227 764 1258; x_wconf 88' lang='lat' dir='ltr'><strong>nonnullos</strong></span> <span class='ocrx_word' id='word_1_188' title='bbox 782 1226 900 1258; x_wconf 83' lang='lat' dir='ltr'><strong>furtim</strong></span> <span class='ocrx_word' id='word_1_189' title='bbox 917 1227 1108 1268; x_wconf 79' lang='lat' dir='ltr'><strong>subrepsit,</strong></span> <span class='ocrx_word' id='word_1_190' title='bbox 1128 1230 1167 1258; x_wconf 88' lang='lat' dir='ltr'><strong>ut</strong></span> <span class='ocrx_word' id='word_1_191' title='bbox 1186 1227 1236 1257; x_wconf 90' lang='lat' dir='ltr'><strong>vel</strong></span> <span class='ocrx_word' id='word_1_192' title='bbox 1258 1226 1315 1257; x_wconf 85' lang='lat' dir='ltr'><strong>LA</strong></span> 
     </span>
     <span class='ocr_line' id='line_1_23' title="bbox 296 1270 1315 1319; baseline 0 -13"><span class='ocrx_word' id='word_1_193' title='bbox 296 1271 414 1319; x_wconf 78' lang='grc' dir='ltr'>τρέπει</span> <span class='ocrx_word' id='word_1_194' title='bbox 430 1274 562 1305; x_wconf 85' lang='lat' dir='ltr'><strong>habeat.</strong></span> <span class='ocrx_word' id='word_1_195' title='bbox 592 1271 774 1318; x_wconf 81' lang='grc' dir='ltr'>ἀπονέμειν</span> <span class='ocrx_word' id='word_1_196' title='bbox 793 1274 999 1315; x_wconf 79' lang='lat' dir='ltr'><strong>explicueris</strong></span> <span class='ocrx_word' id='word_1_197' title='bbox 1018 1274 1075 1306; x_wconf 87' lang='lat' dir='ltr'><strong>Tr.</strong></span> <span class='ocrx_word' id='word_1_198' title='bbox 1097 1270 1185 1306; x_wconf 79' lang='lat'>398:</span> <span class='ocrx_word' id='word_1_199' title='bbox 1214 1271 1237 1318; x_wconf 77' lang='grc' dir='ltr'>ἠ</span> <span class='ocrx_word' id='word_1_200' title='bbox 1256 1271 1315 1306; x_wconf 89' lang='grc' dir='ltr'><strong>καὶ</strong></span> 
     </span>
     <span class='ocr_line' id='line_1_24' title="bbox 295 1317 1315 1366; baseline -0.002 -12"><span class='ocrx_word' id='word_1_201' title='bbox 295 1320 334 1354; x_wconf 86' lang='grc' dir='ltr'><strong>τὸ</strong></span> <span class='ocrx_word' id='word_1_202' title='bbox 353 1319 469 1354; x_wconf 85' lang='grc' dir='ltr'>πιστὸν</span> <span class='ocrx_word' id='word_1_203' title='bbox 487 1323 550 1366; x_wconf 85' lang='grc' dir='ltr'><strong>τῆς</strong></span> <span class='ocrx_word' id='word_1_204' title='bbox 568 1317 733 1366; x_wconf 80' lang='grc' dir='ltr'>ἀληθείας</span> <span class='ocrx_word' id='word_1_205' title='bbox 749 1318 882 1365; x_wconf 65' lang='grc' dir='ltr'>νέμεις,</span> <span class='ocrx_word' id='word_1_206' title='bbox 913 1330 1033 1352; x_wconf 77' lang='lat' dir='ltr'><strong>verane</strong></span> <span class='ocrx_word' id='word_1_207' title='bbox 1046 1320 1151 1352; x_wconf 74' lang='lat' dir='ltr'><strong>dicis?</strong></span> <span class='ocrx_word' id='word_1_208' title='bbox 1176 1322 1264 1352; x_wconf 77' lang='lat' dir='ltr'><strong>Hinc</strong></span> <span class='ocrx_word' id='word_1_209' title='bbox 1282 1324 1315 1352; x_wconf 86' lang='lat' dir='ltr'><strong>et</strong></span> 
     </span>
     <span class='ocr_line' id='line_1_25' title="bbox 296 1365 1315 1414; baseline 0 -15"><span class='ocrx_word' id='word_1_210' title='bbox 296 1369 482 1400; x_wconf 86' lang='lat' dir='ltr'><strong>locutiones</strong></span> <span class='ocrx_word' id='word_1_211' title='bbox 497 1372 587 1400; x_wconf 87' lang='lat' dir='ltr'><strong>ortae</strong></span> <span class='ocrx_word' id='word_1_212' title='bbox 602 1367 704 1414; x_wconf 88' lang='grc' dir='ltr'>ὤραν,</span> <span class='ocrx_word' id='word_1_213' title='bbox 720 1369 844 1413; x_wconf 89' lang='grc' dir='ltr'>μοῖραν</span> <span class='ocrx_word' id='word_1_214' title='bbox 857 1366 971 1412; x_wconf 89' lang='grc' dir='ltr'>νέμειν</span> <span class='ocrx_word' id='word_1_215' title='bbox 982 1365 1057 1408; x_wconf 86' lang='grc' dir='ltr'>τινί,</span> <span class='ocrx_word' id='word_1_216' title='bbox 1071 1378 1196 1408; x_wconf 79' lang='lat' dir='ltr'><strong>curare,</strong></span> <span class='ocrx_word' id='word_1_217' title='bbox 1212 1369 1315 1408; x_wconf 78' lang='lat' dir='ltr'><strong>respi-</strong></span> 
     </span>
     <span class='ocr_line' id='line_1_26' title="bbox 298 1409 1314 1462; baseline 0.002 -16"><span class='ocrx_word' id='word_1_218' title='bbox 298 1425 368 1447; x_wconf 76' lang='lat' dir='ltr'><strong>cere</strong></span> <span class='ocrx_word' id='word_1_219' title='bbox 380 1416 621 1455; x_wconf 86' lang='lat' dir='ltr'><strong>significantes.</strong></span> <span class='ocrx_word' id='word_1_220' title='bbox 651 1414 680 1448; x_wconf 86' lang='grc' dir='ltr'><strong>εἰ</strong></span> <span class='ocrx_word' id='word_1_221' title='bbox 694 1414 820 1462; x_wconf 86' lang='grc' dir='ltr'>πατρὸς</span> <span class='ocrx_word' id='word_1_222' title='bbox 831 1414 930 1459; x_wconf 88' lang='grc' dir='ltr'>νέμοι</span> <span class='ocrx_word' id='word_1_223' title='bbox 941 1409 998 1448; x_wconf 75' lang='grc' dir='ltr'>τιν’</span> <span class='ocrx_word' id='word_1_224' title='bbox 1015 1415 1106 1460; x_wconf 81' lang='grc' dir='ltr'>ὤραν</span> <span class='ocrx_word' id='word_1_225' title='bbox 1121 1417 1182 1448; x_wconf 79' lang='grc' dir='ltr'><strong>τοῦ</strong></span> <span class='ocrx_word' id='word_1_226' title='bbox 1196 1413 1314 1452; x_wconf 85' lang='grc' dir='ltr'>καλῶς</span> 
     </span>
    </p>
   </div>
   <div class='ocr_carea' id='block_1_3' title="bbox 298 1460 1335 1508">
    <p class='ocr_par' dir='ltr' id='par_1_3' title="bbox 298 1460 1335 1508">
     <span class='ocr_line' id='line_1_27' title="bbox 298 1460 1335 1508; baseline -0.002 -12"><span class='ocrx_word' id='word_1_227' title='bbox 298 1461 460 1508; x_wconf 84' lang='grc' dir='ltr'>πράσσειν</span> <span class='ocrx_word' id='word_1_228' title='bbox 493 1461 609 1496; x_wconf 85' lang='grc' dir='ltr'>δοκεῖν</span> <span class='ocrx_word' id='word_1_229' title='bbox 637 1464 691 1494; x_wconf 87' lang='lat' dir='ltr'><strong>Tr.</strong></span> <span class='ocrx_word' id='word_1_230' title='bbox 713 1460 771 1495; x_wconf 91' lang='grc'><strong>57.</strong></span> <span class='ocrx_word' id='word_1_231' title='bbox 817 1461 906 1508; x_wconf 33' lang='grc' dir='ltr'>ἁνχρ</span> <span class='ocrx_word' id='word_1_232' title='bbox 934 1460 982 1496; x_wconf 81' lang='grc' dir='ltr'><strong>ὅδ’</strong></span> <span class='ocrx_word' id='word_1_233' title='bbox 1000 1462 1048 1499; x_wconf 81' lang='grc' dir='ltr'><strong>ὡς</strong></span> <span class='ocrx_word' id='word_1_234' title='bbox 1073 1461 1183 1496; x_wconf 86' lang='grc' dir='ltr'>ἔοικεν</span> <span class='ocrx_word' id='word_1_235' title='bbox 1202 1460 1241 1496; x_wconf 84' lang='grc' dir='ltr'><strong>οὐ</strong></span> <span class='ocrx_word' id='word_1_236' title='bbox 1258 1460 1335 1495; x_wconf 71' lang='grc' dir='ltr'>νέ-,</span> 
     </span>
    </p>
   </div>
   <div class='ocr_carea' id='block_1_4' title="bbox 298 1507 1321 3478">
    <p class='ocr_par' dir='ltr' id='par_1_4' title="bbox 298 1507 1321 3478">
     <span class='ocr_line' id='line_1_28' title="bbox 299 1507 1312 1557; baseline -0.002 -14"><span class='ocrx_word' id='word_1_237' title='bbox 299 1521 373 1555; x_wconf 88' lang='grc' dir='ltr'>μειν</span> <span class='ocrx_word' id='word_1_238' title='bbox 391 1508 471 1555; x_wconf 82' lang='grc' dir='ltr'>ἐμοὶ</span> <span class='ocrx_word' id='word_1_239' title='bbox 489 1507 645 1557; x_wconf 82' lang='grc' dir='ltr'>φθίνοντι</span> <span class='ocrx_word' id='word_1_240' title='bbox 662 1512 786 1556; x_wconf 86' lang='grc' dir='ltr'>μοῖραν</span> <span class='ocrx_word' id='word_1_241' title='bbox 805 1507 870 1542; x_wconf 87' lang='grc'><strong>123</strong></span> <span class='ocrx_word' id='word_1_242' title='bbox 909 1507 957 1554; x_wconf 86' lang='grc' dir='ltr'><strong>[ν.</strong></span> <span class='ocrx_word' id='word_1_243' title='bbox 977 1521 1002 1542; x_wconf 89' lang='lat' dir='ltr'><strong>s.</strong></span> <span class='ocrx_word' id='word_1_244' title='bbox 1022 1508 1120 1544; x_wconf 82' lang='grc' dir='ltr'>ἔοικα</span> <span class='ocrx_word' id='word_1_245' title='bbox 1138 1521 1170 1551; x_wconf 90' lang='lat' dir='ltr'><strong>p.</strong></span> <span class='ocrx_word' id='word_1_246' title='bbox 1185 1507 1253 1542; x_wconf 89' lang='grc'><strong>253</strong></span> <span class='ocrx_word' id='word_1_247' title='bbox 1269 1508 1312 1554; x_wconf 86' lang='lat' dir='ltr'><strong>a].</strong></span> 
     </span>
     <span class='ocr_line' id='line_1_29' title="bbox 300 1557 1318 1598; baseline 0 -9"><span class='ocrx_word' id='word_1_248' title='bbox 300 1560 350 1589; x_wconf 92' lang='lat' dir='ltr'><strong>De</strong></span> <span class='ocrx_word' id='word_1_249' title='bbox 376 1557 428 1589; x_wconf 90' lang='lat' dir='ltr'><strong>his</strong></span> <span class='ocrx_word' id='word_1_250' title='bbox 453 1562 488 1589; x_wconf 88' lang='lat' dir='ltr'><strong>et</strong></span> <span class='ocrx_word' id='word_1_251' title='bbox 512 1558 680 1589; x_wconf 83' lang='lat' dir='ltr'><strong>similibus</strong></span> <span class='ocrx_word' id='word_1_252' title='bbox 706 1558 869 1598; x_wconf 89' lang='lat' dir='ltr'><strong>loquendi</strong></span> <span class='ocrx_word' id='word_1_253' title='bbox 891 1558 1046 1590; x_wconf 85' lang='lat' dir='ltr'><strong>formulis</strong></span> <span class='ocrx_word' id='word_1_254' title='bbox 1072 1569 1102 1589; x_wconf 92' lang='lat' dir='ltr'><strong>v.</strong></span> <span class='ocrx_word' id='word_1_255' title='bbox 1133 1558 1249 1589; x_wconf 84' lang='lat' dir='ltr'><strong>Valck.</strong></span> <span class='ocrx_word' id='word_1_256' title='bbox 1277 1558 1318 1589; x_wconf 80' lang='lat' dir='ltr'><strong>ad</strong></span> 
     </span>
     <span class='ocr_line' id='line_1_30' title="bbox 300 1601 1314 1646; baseline -0.001 -9"><span class='ocrx_word' id='word_1_257' title='bbox 300 1605 403 1646; x_wconf 86' lang='lat' dir='ltr'><strong>Hipp.</strong></span> <span class='ocrx_word' id='word_1_258' title='bbox 435 1601 537 1636; x_wconf 84' lang='lat'><strong>1321.</strong></span> <span class='ocrx_word' id='word_1_259' title='bbox 559 1605 601 1636; x_wconf 89' lang='lat' dir='ltr'><strong>ad</strong></span> <span class='ocrx_word' id='word_1_260' title='bbox 627 1605 753 1637; x_wconf 86' lang='lat' dir='ltr'><strong>Phoen.</strong></span> <span class='ocrx_word' id='word_1_261' title='bbox 775 1603 855 1637; x_wconf 84' lang='grc'><strong>551.</strong></span> <span class='ocrx_word' id='word_1_262' title='bbox 884 1605 1047 1636; x_wconf 85' lang='lat' dir='ltr'><strong>Abresch.</strong></span> <span class='ocrx_word' id='word_1_263' title='bbox 1076 1605 1133 1636; x_wconf 93' lang='lat' dir='ltr'><strong>dil.</strong></span> <span class='ocrx_word' id='word_1_264' title='bbox 1163 1605 1314 1644; x_wconf 84' lang='lat' dir='ltr'><strong>Thucyd.</strong></span> 
     </span>
     <span class='ocr_line' id='line_1_31' title="bbox 298 1648 1317 1694; baseline 0 -11"><span class='ocrx_word' id='word_1_265' title='bbox 298 1662 331 1694; x_wconf 90' lang='lat' dir='ltr'><strong>p.</strong></span> <span class='ocrx_word' id='word_1_266' title='bbox 357 1648 435 1684; x_wconf 84' lang='lat'><strong>195.</strong></span> <span class='ocrx_word' id='word_1_267' title='bbox 467 1652 585 1684; x_wconf 83' lang='lat' dir='ltr'><strong>Blomf.</strong></span> <span class='ocrx_word' id='word_1_268' title='bbox 616 1653 659 1691; x_wconf 86' lang='lat' dir='ltr'><strong>gl.</strong></span> <span class='ocrx_word' id='word_1_269' title='bbox 692 1653 753 1684; x_wconf 89' lang='lat' dir='ltr'><strong>Ae.</strong></span> <span class='ocrx_word' id='word_1_270' title='bbox 774 1652 884 1684; x_wconf 89' lang='lat' dir='ltr'><strong>Prom.</strong></span> <span class='ocrx_word' id='word_1_271' title='bbox 906 1648 986 1683; x_wconf 87' lang='lat'><strong>299.</strong></span> <span class='ocrx_word' id='word_1_272' title='bbox 1010 1670 1050 1675; x_wconf 90' lang='lat'>-</span> <span class='ocrx_word' id='word_1_273' title='bbox 1071 1652 1084 1694; x_wconf 83' lang='grc' dir='ltr'><strong>ΙΙ</strong></span> <span class='ocrx_word' id='word_1_274' title='bbox 1103 1652 1176 1691; x_wconf 87' lang='lat' dir='ltr'><strong>Qua</strong></span> <span class='ocrx_word' id='word_1_275' title='bbox 1193 1654 1228 1683; x_wconf 86' lang='lat' dir='ltr'><strong>vi</strong></span> <span class='ocrx_word' id='word_1_276' title='bbox 1246 1662 1317 1683; x_wconf 90' lang='lat' dir='ltr'><strong>me-</strong></span> 
     </span>
     <span class='ocr_line' id='line_1_32' title="bbox 300 1699 1317 1741; baseline 0 -10"><span class='ocrx_word' id='word_1_277' title='bbox 300 1701 389 1731; x_wconf 82' lang='lat' dir='ltr'><strong>diam</strong></span> <span class='ocrx_word' id='word_1_278' title='bbox 401 1700 514 1740; x_wconf 81' lang='lat' dir='ltr'><strong>potius</strong></span> <span class='ocrx_word' id='word_1_279' title='bbox 526 1700 666 1731; x_wconf 86' lang='lat' dir='ltr'><strong>formam</strong></span> <span class='ocrx_word' id='word_1_280' title='bbox 680 1700 759 1741; x_wconf 92' lang='lat' dir='ltr'><strong>poni</strong></span> <span class='ocrx_word' id='word_1_281' title='bbox 775 1700 1034 1740; x_wconf 80' lang='lat' dir='ltr'><strong>exspectaveris,</strong></span> <span class='ocrx_word' id='word_1_282' title='bbox 1054 1699 1222 1740; x_wconf 79' lang='lat' dir='ltr'><strong>potiundi,</strong></span> <span class='ocrx_word' id='word_1_283' title='bbox 1239 1709 1317 1740; x_wconf 70' lang='lat' dir='ltr'><strong>pos-</strong></span> 
     </span>
     <span class='ocr_line' id='line_1_33' title="bbox 299 1743 1319 1788; baseline 0.001 -10"><span class='ocrx_word' id='word_1_284' title='bbox 299 1746 439 1785; x_wconf 78' lang='lat' dir='ltr'><strong>sidendi,</strong></span> <span class='ocrx_word' id='word_1_285' title='bbox 468 1756 507 1778; x_wconf 91' lang='lat' dir='ltr'><strong>ea</strong></span> <span class='ocrx_word' id='word_1_286' title='bbox 523 1747 626 1778; x_wconf 88' lang='lat' dir='ltr'><strong>etiam</strong></span> <span class='ocrx_word' id='word_1_287' title='bbox 643 1747 791 1778; x_wconf 86' lang='lat' dir='ltr'><strong>activum</strong></span> <span class='ocrx_word' id='word_1_288' title='bbox 807 1747 997 1788; x_wconf 86' lang='lat' dir='ltr'><strong>praeditum</strong></span> <span class='ocrx_word' id='word_1_289' title='bbox 1015 1751 1078 1778; x_wconf 87' lang='lat' dir='ltr'><strong>est.</strong></span> <span class='ocrx_word' id='word_1_290' title='bbox 1107 1743 1208 1787; x_wconf 87' lang='grc' dir='ltr'><strong>Γᾶ</strong></span> <span class='ocrx_word' id='word_1_291' title='bbox 1223 1744 1245 1779; x_wconf 80' lang='grc' dir='ltr'><strong>ἃ</strong></span> <span class='ocrx_word' id='word_1_292' title='bbox 1261 1745 1319 1779; x_wconf 89' lang='grc' dir='ltr'><strong>τὸν</strong></span> 
     </span>
     <span class='ocr_line' id='line_1_34' title="bbox 301 1790 1318 1840; baseline -0.002 -13"><span class='ocrx_word' id='word_1_293' title='bbox 301 1791 407 1840; x_wconf 79' lang='grc' dir='ltr'>μέγαν</span> <span class='ocrx_word' id='word_1_294' title='bbox 426 1790 614 1827; x_wconf 85' lang='grc' dir='ltr'>Πακτωλὸν</span> <span class='ocrx_word' id='word_1_295' title='bbox 633 1790 798 1840; x_wconf 74' lang='grc' dir='ltr'>εὔχρυσον</span> <span class='ocrx_word' id='word_1_296' title='bbox 822 1791 938 1838; x_wconf 83' lang='grc' dir='ltr'>νέμεις</span> <span class='ocrx_word' id='word_1_297' title='bbox 955 1794 1016 1825; x_wconf 87' lang='lat' dir='ltr'><strong>Ph.</strong></span> <span class='ocrx_word' id='word_1_298' title='bbox 1040 1790 1107 1825; x_wconf 85' lang='lat'><strong>393</strong></span> <span class='ocrx_word' id='word_1_299' title='bbox 1125 1795 1177 1825; x_wconf 88' lang='lat' dir='ltr'><strong>ch.</strong></span> <span class='ocrx_word' id='word_1_300' title='bbox 1199 1795 1259 1826; x_wconf 90' lang='lat' dir='ltr'><strong>ubi</strong></span> <span class='ocrx_word' id='word_1_301' title='bbox 1278 1795 1318 1825; x_wconf 92' lang='lat' dir='ltr'><strong>de</strong></span> 
     </span>
     <span class='ocr_line' id='line_1_35' title="bbox 299 1841 1319 1882; baseline 0 -10"><span class='ocrx_word' id='word_1_302' title='bbox 299 1842 392 1882; x_wconf 83' lang='lat' dir='ltr'><strong>locis,</strong></span> <span class='ocrx_word' id='word_1_303' title='bbox 412 1844 452 1873; x_wconf 85' lang='lat' dir='ltr'><strong>ut</strong></span> <span class='ocrx_word' id='word_1_304' title='bbox 470 1842 564 1882; x_wconf 85' lang='lat' dir='ltr'><strong>solet,</strong></span> <span class='ocrx_word' id='word_1_305' title='bbox 595 1842 729 1872; x_wconf 89' lang='lat' dir='ltr'><strong>numini</strong></span> <span class='ocrx_word' id='word_1_306' title='bbox 747 1841 879 1872; x_wconf 85' lang='lat' dir='ltr'><strong>dilectis</strong></span> <span class='ocrx_word' id='word_1_307' title='bbox 897 1842 1012 1872; x_wconf 87' lang='lat' dir='ltr'><strong>statim</strong></span> <span class='ocrx_word' id='word_1_308' title='bbox 1029 1842 1174 1882; x_wconf 85' lang='lat' dir='ltr'><strong>quisque</strong></span> <span class='ocrx_word' id='word_1_309' title='bbox 1191 1843 1319 1881; x_wconf 86' lang='lat' dir='ltr'><strong>cogita-</strong></span> 
     </span>
     <span class='ocr_line' id='line_1_36' title="bbox 301 1888 1318 1928; baseline 0 -8"><span class='ocrx_word' id='word_1_310' title='bbox 301 1889 404 1928; x_wconf 83' lang='lat' dir='ltr'><strong>verit3</strong></span> <span class='ocrx_word' id='word_1_311' title='bbox 427 1889 467 1920; x_wconf 91' lang='lat' dir='ltr'><strong>ob</strong></span> <span class='ocrx_word' id='word_1_312' title='bbox 485 1889 647 1920; x_wconf 89' lang='lat' dir='ltr'><strong>omissum</strong></span> <span class='ocrx_word' id='word_1_313' title='bbox 660 1889 803 1920; x_wconf 87' lang='lat' dir='ltr'><strong>alterum</strong></span> <span class='ocrx_word' id='word_1_314' title='bbox 822 1888 1003 1919; x_wconf 87' lang='lat' dir='ltr'><strong>articulum</strong></span> <span class='ocrx_word' id='word_1_315' title='bbox 1020 1892 1132 1919; x_wconf 87' lang='lat' dir='ltr'><strong>tamen</strong></span> <span class='ocrx_word' id='word_1_316' title='bbox 1146 1889 1318 1920; x_wconf 82' lang='lat' dir='ltr'><strong>blanditur</strong></span> 
     </span>
     <span class='ocr_line' id='line_1_37' title="bbox 302 1935 1318 1976; baseline 0 -9"><span class='ocrx_word' id='word_1_317' title='bbox 302 1935 487 1967; x_wconf 76' lang='lat' dir='ltr'><strong>Hei-manni</strong></span> <span class='ocrx_word' id='word_1_318' title='bbox 511 1936 613 1976; x_wconf 84' lang='lat' dir='ltr'><strong>ratio,</strong></span> <span class='ocrx_word' id='word_1_319' title='bbox 651 1935 692 1966; x_wconf 89' lang='lat' dir='ltr'><strong>ad</strong></span> <span class='ocrx_word' id='word_1_320' title='bbox 717 1935 881 1967; x_wconf 75' lang='lat' dir='ltr'><strong>tribuendi</strong></span> <span class='ocrx_word' id='word_1_321' title='bbox 911 1937 980 1966; x_wconf 90' lang='lat' dir='ltr'><strong>vim</strong></span> <span class='ocrx_word' id='word_1_322' title='bbox 1003 1936 1198 1967; x_wconf 83' lang='lat' dir='ltr'><strong>referenda:</strong></span> <span class='ocrx_word' id='word_1_323' title='bbox 1237 1945 1318 1976; x_wconf 82' lang='lat' dir='ltr'><strong>quae</strong></span> 
     </span>
     <span class='ocr_line' id='line_1_38' title="bbox 303 1978 1314 2028; baseline 0.001 -15"><span class='ocrx_word' id='word_1_324' title='bbox 303 1982 476 2014; x_wconf 79' lang='lat' dir='ltr'><strong>Pactolum</strong></span> <span class='ocrx_word' id='word_1_325' title='bbox 501 1992 581 2014; x_wconf 78' lang='lat' dir='ltr'><strong>auro</strong></span> <span class='ocrx_word' id='word_1_326' title='bbox 598 1982 778 2023; x_wconf 76' lang='lat' dir='ltr'><strong>fecundas,</strong></span> <span class='ocrx_word' id='word_1_327' title='bbox 813 1980 929 2026; x_wconf 87' lang='grc' dir='ltr'>νέμεις</span> <span class='ocrx_word' id='word_1_328' title='bbox 953 1978 1120 2028; x_wconf 75' lang='grc' dir='ltr'>εὔχρυσον</span> <span class='ocrx_word' id='word_1_329' title='bbox 1144 1980 1314 2028; x_wconf 82' lang='grc' dir='ltr'>γενέσθαι.</span> 
     </span>
     <span class='ocr_line' id='line_1_39' title="bbox 302 2026 1318 2075; baseline 0.002 -14"><span class='ocrx_word' id='word_1_330' title='bbox 302 2030 451 2062; x_wconf 84' lang='lat' dir='ltr'><strong>Certiora</strong></span> <span class='ocrx_word' id='word_1_331' title='bbox 474 2030 556 2061; x_wconf 86' lang='lat' dir='ltr'><strong>haec</strong></span> <span class='ocrx_word' id='word_1_332' title='bbox 579 2034 679 2061; x_wconf 91' lang='lat' dir='ltr'><strong>sunt:</strong></span> <span class='ocrx_word' id='word_1_333' title='bbox 717 2027 892 2075; x_wconf 82' lang='grc' dir='ltr'>ἀστραπᾶν</span> <span class='ocrx_word' id='word_1_334' title='bbox 916 2027 1026 2075; x_wconf 85' lang='grc' dir='ltr'>κράτη</span> <span class='ocrx_word' id='word_1_335' title='bbox 1052 2027 1166 2074; x_wconf 88' lang='grc' dir='ltr'>νέμων</span> <span class='ocrx_word' id='word_1_336' title='bbox 1192 2030 1220 2063; x_wconf 80' lang='grc' dir='ltr'>ὦ</span> <span class='ocrx_word' id='word_1_337' title='bbox 1247 2026 1318 2063; x_wconf 80' lang='grc' dir='ltr'>Ζεῦ</span> 
     </span>
     <span class='ocr_line' id='line_1_40' title="bbox 301 2071 1318 2122; baseline -0.001 -12"><span class='ocrx_word' id='word_1_338' title='bbox 301 2075 407 2122; x_wconf 89' lang='grc' dir='ltr'>πάτερ</span> <span class='ocrx_word' id='word_1_339' title='bbox 431 2077 489 2108; x_wconf 90' lang='lat' dir='ltr'><strong>OR</strong></span> <span class='ocrx_word' id='word_1_340' title='bbox 506 2073 573 2108; x_wconf 89' lang='grc'><strong>201</strong></span> <span class='ocrx_word' id='word_1_341' title='bbox 592 2077 644 2110; x_wconf 89' lang='lat' dir='ltr'><strong>ch.</strong></span> <span class='ocrx_word' id='word_1_342' title='bbox 672 2078 736 2122; x_wconf 83' lang='grc' dir='ltr'><strong>γῆς</strong></span> <span class='ocrx_word' id='word_1_343' title='bbox 760 2071 866 2121; x_wconf 73' lang='grc' dir='ltr'>τῆσδ’,</span> <span class='ocrx_word' id='word_1_344' title='bbox 903 2074 947 2121; x_wconf 81' lang='grc' dir='ltr'><strong>ἧς</strong></span> <span class='ocrx_word' id='word_1_345' title='bbox 972 2075 1040 2122; x_wconf 84' lang='grc' dir='ltr'><strong>ἐγὼ</strong></span> <span class='ocrx_word' id='word_1_346' title='bbox 1064 2074 1174 2122; x_wconf 83' lang='grc' dir='ltr'>κράτη</span> <span class='ocrx_word' id='word_1_347' title='bbox 1197 2087 1233 2109; x_wconf 88' lang='grc' dir='ltr'><strong>τε</strong></span> <span class='ocrx_word' id='word_1_348' title='bbox 1258 2074 1318 2110; x_wconf 85' lang='grc' dir='ltr'><strong>καὶ</strong></span> 
     </span>
     <span class='ocr_line' id='line_1_41' title="bbox 301 2121 1317 2170; baseline -0.002 -13"><span class='ocrx_word' id='word_1_349' title='bbox 301 2122 447 2170; x_wconf 82' lang='grc' dir='ltr'>θρόνους</span> <span class='ocrx_word' id='word_1_350' title='bbox 463 2121 559 2168; x_wconf 85' lang='grc' dir='ltr'>νέμω</span> <span class='ocrx_word' id='word_1_351' title='bbox 576 2121 657 2156; x_wconf 84' lang='grc'><strong>237.</strong></span> <span class='ocrx_word' id='word_1_352' title='bbox 686 2126 751 2170; x_wconf 77' lang='grc' dir='ltr'><strong>γῆς</strong></span> <span class='ocrx_word' id='word_1_353' title='bbox 777 2122 851 2157; x_wconf 71' lang='grc' dir='ltr'>ἴσον</span> <span class='ocrx_word' id='word_1_354' title='bbox 868 2121 984 2168; x_wconf 81' lang='grc' dir='ltr'>νέμων</span> <span class='ocrx_word' id='word_1_355' title='bbox 1003 2121 1081 2156; x_wconf 85' lang='grc'><strong>579.</strong></span> <span class='ocrx_word' id='word_1_356' title='bbox 1111 2121 1229 2170; x_wconf 80' lang='grc' dir='ltr'>[τήνδε</span> <span class='ocrx_word' id='word_1_357' title='bbox 1255 2122 1317 2168; x_wconf 79' lang='grc' dir='ltr'><strong>τὴν</strong></span> 
     </span>
     <span class='ocr_line' id='line_1_42' title="bbox 301 2167 1318 2217; baseline -0.001 -13"><span class='ocrx_word' id='word_1_358' title='bbox 301 2169 401 2204; x_wconf 88' lang='grc' dir='ltr'>πόλιν</span> <span class='ocrx_word' id='word_1_359' title='bbox 425 2169 539 2216; x_wconf 92' lang='grc' dir='ltr'>νέμων</span> <span class='ocrx_word' id='word_1_360' title='bbox 574 2170 629 2203; x_wconf 87' lang='lat' dir='ltr'><strong>OC</strong></span> <span class='ocrx_word' id='word_1_361' title='bbox 648 2167 717 2203; x_wconf 87' lang='lat'><strong>939</strong></span> <span class='ocrx_word' id='word_1_362' title='bbox 740 2171 842 2204; x_wconf 84' lang='lat' dir='ltr'><strong>Dind.</strong></span> <span class='ocrx_word' id='word_1_363' title='bbox 878 2180 938 2212; x_wconf 89' lang='lat' dir='ltr'><strong>pro</strong></span> <span class='ocrx_word' id='word_1_364' title='bbox 969 2168 1112 2217; x_wconf 71' lang='grc' dir='ltr'>λέγων]</span> <span class='ocrx_word' id='word_1_365' title='bbox 1137 2170 1184 2208; x_wconf 84' lang='grc' dir='ltr'><strong>ὡς</strong></span> <span class='ocrx_word' id='word_1_366' title='bbox 1208 2169 1251 2203; x_wconf 82' lang='grc' dir='ltr'><strong>τὰ</strong></span> <span class='ocrx_word' id='word_1_367' title='bbox 1277 2169 1318 2203; x_wconf 78' lang='grc' dir='ltr'>σὰ</span> 
     </span>
     <span class='ocr_line' id='line_1_43' title="bbox 301 2214 1317 2265; baseline -0.001 -14"><span class='ocrx_word' id='word_1_368' title='bbox 301 2216 411 2265; x_wconf 84' lang='grc' dir='ltr'>κράτη</span> <span class='ocrx_word' id='word_1_369' title='bbox 436 2216 495 2251; x_wconf 88' lang='grc' dir='ltr'><strong>καὶ</strong></span> <span class='ocrx_word' id='word_1_370' title='bbox 521 2215 648 2263; x_wconf 90' lang='grc' dir='ltr'>δόμους</span> <span class='ocrx_word' id='word_1_371' title='bbox 664 2216 803 2263; x_wconf 87' lang='grc' dir='ltr'>νέμοιμι</span> <span class='ocrx_word' id='word_1_372' title='bbox 829 2215 908 2255; x_wconf 79' lang='grc' dir='ltr'>σούς</span> <span class='ocrx_word' id='word_1_373' title='bbox 926 2218 981 2249; x_wconf 89' lang='lat' dir='ltr'><strong>Ai.</strong></span> <span class='ocrx_word' id='word_1_374' title='bbox 1004 2214 1105 2249; x_wconf 88' lang='grc'><strong>1016.</strong></span> <span class='ocrx_word' id='word_1_375' title='bbox 1131 2236 1171 2241; x_wconf 94' lang='grc'>-</span> <span class='ocrx_word' id='word_1_376' title='bbox 1190 2218 1204 2260; x_wconf 85' lang='grc' dir='ltr'><strong>ΙΙ</strong></span> <span class='ocrx_word' id='word_1_377' title='bbox 1223 2220 1251 2250; x_wconf 93' lang='grc' dir='ltr'>Α</span> <span class='ocrx_word' id='word_1_378' title='bbox 1270 2220 1317 2250; x_wconf 91' lang='lat' dir='ltr'><strong>si-</strong></span> 
     </span>
     <span class='ocr_line' id='line_1_44' title="bbox 304 2265 1316 2306; baseline 0 -10"><span class='ocrx_word' id='word_1_379' title='bbox 304 2266 519 2305; x_wconf 81' lang='lat' dir='ltr'><strong>gnificatione</strong></span> <span class='ocrx_word' id='word_1_380' title='bbox 536 2266 670 2306; x_wconf 89' lang='lat' dir='ltr'><strong>propria</strong></span> <span class='ocrx_word' id='word_1_381' title='bbox 683 2265 843 2306; x_wconf 76' lang='lat' dir='ltr'><strong>pascendi</strong></span> <span class='ocrx_word' id='word_1_382' title='bbox 867 2269 902 2296; x_wconf 91' lang='lat' dir='ltr'><strong>et</strong></span> <span class='ocrx_word' id='word_1_383' title='bbox 919 2265 1031 2296; x_wconf 85' lang='lat' dir='ltr'><strong>alendi</strong></span> <span class='ocrx_word' id='word_1_384' title='bbox 1049 2266 1153 2296; x_wconf 89' lang='lat' dir='ltr'><strong>semel</strong></span> <span class='ocrx_word' id='word_1_385' title='bbox 1171 2266 1316 2297; x_wconf 88' lang='lat' dir='ltr'><strong>transla-</strong></span> 
     </span>
     <span class='ocr_line' id='line_1_45' title="bbox 303 2310 1317 2352; baseline 0.001 -8"><span class='ocrx_word' id='word_1_386' title='bbox 303 2317 377 2345; x_wconf 90' lang='lat' dir='ltr'><strong>tum</strong></span> <span class='ocrx_word' id='word_1_387' title='bbox 395 2315 448 2344; x_wconf 88' lang='lat' dir='ltr'><strong>est</strong></span> <span class='ocrx_word' id='word_1_388' title='bbox 465 2311 506 2343; x_wconf 87' lang='lat' dir='ltr'><strong>ad</strong></span> <span class='ocrx_word' id='word_1_389' title='bbox 518 2313 667 2343; x_wconf 79' lang='lat' dir='ltr'><strong>animum</strong></span> <span class='ocrx_word' id='word_1_390' title='bbox 685 2315 719 2343; x_wconf 90' lang='lat' dir='ltr'><strong>et</strong></span> <span class='ocrx_word' id='word_1_391' title='bbox 735 2321 876 2352; x_wconf 78' lang='lat' dir='ltr'><strong>sensum,</strong></span> <span class='ocrx_word' id='word_1_392' title='bbox 899 2313 952 2343; x_wconf 90' lang='lat' dir='ltr'><strong>cui</strong></span> <span class='ocrx_word' id='word_1_393' title='bbox 970 2314 1046 2352; x_wconf 87' lang='lat' dir='ltr'><strong>quis</strong></span> <span class='ocrx_word' id='word_1_394' title='bbox 1064 2312 1237 2352; x_wconf 85' lang='lat' dir='ltr'><strong>indulget:</strong></span> <span class='ocrx_word' id='word_1_395' title='bbox 1258 2310 1317 2345; x_wconf 88' lang='grc' dir='ltr'><strong>τὸν</strong></span> 
     </span>
     <span class='ocr_line' id='line_1_46' title="bbox 304 2356 1317 2406; baseline 0 -14"><span class='ocrx_word' id='word_1_396' title='bbox 304 2357 480 2406; x_wconf 77' lang='grc' dir='ltr'>ὑπεραλγῆ</span> <span class='ocrx_word' id='word_1_397' title='bbox 492 2356 598 2406; x_wconf 82' lang='grc' dir='ltr'>χόλον</span> <span class='ocrx_word' id='word_1_398' title='bbox 615 2357 768 2403; x_wconf 87' lang='grc' dir='ltr'>νέμουσα</span> <span class='ocrx_word' id='word_1_399' title='bbox 784 2359 836 2390; x_wconf 88' lang='lat' dir='ltr'><strong>El.</strong></span> <span class='ocrx_word' id='word_1_400' title='bbox 852 2356 917 2391; x_wconf 89' lang='grc'><strong>176</strong></span> <span class='ocrx_word' id='word_1_401' title='bbox 927 2359 979 2390; x_wconf 90' lang='lat' dir='ltr'><strong>ch.</strong></span> <span class='ocrx_word' id='word_1_402' title='bbox 1001 2359 1104 2391; x_wconf 91' lang='lat' dir='ltr'><strong>Plane</strong></span> <span class='ocrx_word' id='word_1_403' title='bbox 1122 2360 1169 2391; x_wconf 89' lang='lat' dir='ltr'><strong>ita</strong></span> <span class='ocrx_word' id='word_1_404' title='bbox 1182 2358 1317 2404; x_wconf 82' lang='grc' dir='ltr'>βόσκειν</span> 
     </span>
     <span class='ocr_line' id='line_1_47' title="bbox 303 2404 1318 2451; baseline 0 -13"><span class='ocrx_word' id='word_1_405' title='bbox 303 2412 432 2448; x_wconf 87' lang='lat' dir='ltr'><strong>poetae.</strong></span> <span class='ocrx_word' id='word_1_406' title='bbox 448 2406 511 2451; x_wconf 80' lang='grc' dir='ltr'><strong>-Η</strong></span> <span class='ocrx_word' id='word_1_407' title='bbox 522 2407 696 2438; x_wconf 88' lang='lat' dir='ltr'><strong>Primitivo</strong></span> <span class='ocrx_word' id='word_1_408' title='bbox 710 2415 769 2446; x_wconf 84' lang='lat' dir='ltr'><strong>pro</strong></span> <span class='ocrx_word' id='word_1_409' title='bbox 787 2404 936 2438; x_wconf 88' lang='lat' dir='ltr'><strong>derivato</strong></span> <span class='ocrx_word' id='word_1_410' title='bbox 955 2407 1063 2447; x_wconf 88' lang='lat' dir='ltr'><strong>posito</strong></span> <span class='ocrx_word' id='word_1_411' title='bbox 1078 2410 1130 2438; x_wconf 86' lang='lat' dir='ltr'><strong>est</strong></span> <span class='ocrx_word' id='word_1_412' title='bbox 1147 2406 1243 2446; x_wconf 80' lang='lat' dir='ltr'><strong>duco,</strong></span> <span class='ocrx_word' id='word_1_413' title='bbox 1263 2416 1318 2438; x_wconf 74' lang='lat' dir='ltr'><strong>ex-</strong></span> 
     </span>
     <span class='ocr_line' id='line_1_48' title="bbox 303 2451 1317 2498; baseline 0 -13"><span class='ocrx_word' id='word_1_414' title='bbox 303 2455 423 2491; x_wconf 70' lang='lat' dir='ltr'><strong>mimo,</strong></span> <span class='ocrx_word' id='word_1_415' title='bbox 441 2451 582 2498; x_wconf 74' lang='grc' dir='ltr'>νομίζω.</span> <span class='ocrx_word' id='word_1_416' title='bbox 620 2452 732 2484; x_wconf 83' lang='lat' dir='ltr'><strong>Huius</strong></span> <span class='ocrx_word' id='word_1_417' title='bbox 759 2454 945 2485; x_wconf 88' lang='lat' dir='ltr'><strong>tralationis</strong></span> <span class='ocrx_word' id='word_1_418' title='bbox 968 2454 1051 2484; x_wconf 87' lang='lat' dir='ltr'><strong>ratio</strong></span> <span class='ocrx_word' id='word_1_419' title='bbox 1076 2454 1243 2494; x_wconf 82' lang='lat' dir='ltr'><strong>patefacta</strong></span> <span class='ocrx_word' id='word_1_420' title='bbox 1267 2455 1317 2485; x_wconf 91' lang='lat' dir='ltr'><strong>vi-</strong></span> 
     </span>
     <span class='ocr_line' id='line_1_49' title="bbox 305 2494 1317 2547; baseline 0.001 -15"><span class='ocrx_word' id='word_1_421' title='bbox 305 2502 404 2532; x_wconf 83' lang='lat' dir='ltr'><strong>detur</strong></span> <span class='ocrx_word' id='word_1_422' title='bbox 420 2501 481 2532; x_wconf 88' lang='lat' dir='ltr'><strong>hoc</strong></span> <span class='ocrx_word' id='word_1_423' title='bbox 498 2500 752 2532; x_wconf 76' lang='lat' dir='ltr'><strong>Trachiniarum</strong></span> <span class='ocrx_word' id='word_1_424' title='bbox 770 2510 888 2532; x_wconf 87' lang='lat' dir='ltr'><strong>versu:</strong></span> <span class='ocrx_word' id='word_1_425' title='bbox 919 2497 950 2533; x_wconf 81' lang='grc' dir='ltr'><strong>εἴ</strong></span> <span class='ocrx_word' id='word_1_426' title='bbox 974 2511 1005 2533; x_wconf 92' lang='grc' dir='ltr'><strong>τι</strong></span> <span class='ocrx_word' id='word_1_427' title='bbox 1029 2494 1124 2545; x_wconf 77' lang='grc' dir='ltr'>τήνδ’</span> <span class='ocrx_word' id='word_1_428' title='bbox 1150 2498 1317 2547; x_wconf 84' lang='grc' dir='ltr'>ἁμαρτίαν</span> 
     </span>
     <span class='ocr_line' id='line_1_50' title="bbox 302 2544 1318 2592; baseline -0.004 -11"><span class='ocrx_word' id='word_1_429' title='bbox 302 2547 417 2592; x_wconf 87' lang='grc' dir='ltr'>νέμεις</span> <span class='ocrx_word' id='word_1_430' title='bbox 433 2544 520 2588; x_wconf 69' lang='grc'><strong>483,</strong></span> <span class='ocrx_word' id='word_1_431' title='bbox 551 2550 711 2588; x_wconf 76' lang='lat' dir='ltr'><strong>tanquam</strong></span> <span class='ocrx_word' id='word_1_432' title='bbox 733 2548 867 2587; x_wconf 77' lang='lat' dir='ltr'><strong>cuLpam</strong></span> <span class='ocrx_word' id='word_1_433' title='bbox 891 2549 1059 2587; x_wconf 69' lang='lat' dir='ltr'><strong>assiynas:</strong></span> <span class='ocrx_word' id='word_1_434' title='bbox 1084 2548 1133 2578; x_wconf 88' lang='lat' dir='ltr'><strong>sic</strong></span> <span class='ocrx_word' id='word_1_435' title='bbox 1150 2552 1261 2587; x_wconf 85' lang='lat' dir='ltr'><strong>certe,</strong></span> <span class='ocrx_word' id='word_1_436' title='bbox 1291 2549 1318 2578; x_wconf 82' lang='lat' dir='ltr'><strong>si</strong></span> 
     </span>
     <span class='ocr_line' id='line_1_51' title="bbox 305 2588 1318 2640; baseline 0.001 -14"><span class='ocrx_word' id='word_1_437' title='bbox 305 2595 440 2626; x_wconf 80' lang='lat' dir='ltr'><strong>dativus</strong></span> <span class='ocrx_word' id='word_1_438' title='bbox 457 2595 591 2626; x_wconf 87' lang='lat' dir='ltr'><strong>additus</strong></span> <span class='ocrx_word' id='word_1_439' title='bbox 609 2597 717 2635; x_wconf 85' lang='lat' dir='ltr'><strong>esset,</strong></span> <span class='ocrx_word' id='word_1_440' title='bbox 744 2596 1056 2635; x_wconf 74' lang='lat' dir='ltr'><strong>interpretaremur.</strong></span> <span class='ocrx_word' id='word_1_441' title='bbox 1087 2591 1184 2640; x_wconf 82' lang='grc' dir='ltr'>φίλον</span> <span class='ocrx_word' id='word_1_442' title='bbox 1204 2588 1232 2626; x_wconf 84' lang='grc' dir='ltr'>σ’</span> <span class='ocrx_word' id='word_1_443' title='bbox 1251 2592 1318 2640; x_wconf 72' lang='grc' dir='ltr'><strong>ἐγὼ</strong></span> 
     </span>
     <span class='ocr_line' id='line_1_52' title="bbox 307 2635 1319 2687; baseline 0 -13"><span class='ocrx_word' id='word_1_444' title='bbox 307 2640 465 2687; x_wconf 78' lang='grc' dir='ltr'>μέγιστον</span> <span class='ocrx_word' id='word_1_445' title='bbox 490 2635 532 2675; x_wconf 92' lang='lat' dir='ltr'><strong>&#39;A</strong></span> <span class='ocrx_word' id='word_1_446' title='bbox 555 2638 654 2687; x_wconf 75' lang='grc' dir='ltr'>γείων</span> <span class='ocrx_word' id='word_1_447' title='bbox 684 2639 781 2686; x_wconf 85' lang='grc' dir='ltr'>νέμω</span> <span class='ocrx_word' id='word_1_448' title='bbox 806 2642 860 2673; x_wconf 82' lang='lat' dir='ltr'><strong>Ai.</strong></span> <span class='ocrx_word' id='word_1_449' title='bbox 885 2638 985 2672; x_wconf 84' lang='lat'><strong>1331.</strong></span> <span class='ocrx_word' id='word_1_450' title='bbox 1024 2637 1145 2687; x_wconf 56' lang='grc' dir='ltr'><strong>ἑγὼδ</strong></span> <span class='ocrx_word' id='word_1_451' title='bbox 1170 2639 1319 2685; x_wconf 85' lang='grc' dir='ltr'>ἐμαυτὸν</span> 
     </span>
     <span class='ocr_line' id='line_1_53' title="bbox 305 2681 1319 2733; baseline -0.002 -11"><span class='ocrx_word' id='word_1_452' title='bbox 305 2686 412 2722; x_wconf 83' lang='grc' dir='ltr'>παῖδα</span> <span class='ocrx_word' id='word_1_453' title='bbox 435 2691 499 2733; x_wconf 79' lang='grc' dir='ltr'><strong>τῆς</strong></span> <span class='ocrx_word' id='word_1_454' title='bbox 547 2686 564 2722; x_wconf 72' lang='lat' dir='ltr'><strong>(a</strong></span> <span class='ocrx_word' id='word_1_455' title='bbox 621 2699 636 2726; x_wconf 90' lang='grc' dir='ltr'><strong>ς</strong></span> <span class='ocrx_word' id='word_1_456' title='bbox 660 2686 774 2732; x_wconf 89' lang='grc' dir='ltr'>νέμων</span> <span class='ocrx_word' id='word_1_457' title='bbox 799 2688 858 2720; x_wconf 88' lang='lat' dir='ltr'><strong>OR</strong></span> <span class='ocrx_word' id='word_1_458' title='bbox 877 2685 976 2720; x_wconf 88' lang='grc'><strong>1080.</strong></span> <span class='ocrx_word' id='word_1_459' title='bbox 1008 2686 1049 2721; x_wconf 85' lang='grc' dir='ltr'><strong>ίὼ</strong></span> <span class='ocrx_word' id='word_1_460' title='bbox 1075 2683 1206 2733; x_wconf 83' lang='grc' dir='ltr'>Νιόβα,</span> <span class='ocrx_word' id='word_1_461' title='bbox 1237 2681 1319 2720; x_wconf 77' lang='grc' dir='ltr'>σὲ’δ’</span> 
     </span>
     <span class='ocr_line' id='line_1_54' title="bbox 306 2699 1318 2783; baseline -0.001 -15"><span class='ocrx_word' id='word_1_462' title='bbox 306 2733 413 2783; x_wconf 80' lang='grc' dir='ltr'>ἔγωγε</span> <span class='ocrx_word' id='word_1_463' title='bbox 438 2734 535 2780; x_wconf 89' lang='grc' dir='ltr'>νέμω</span> <span class='ocrx_word' id='word_1_464' title='bbox 560 2699 642 2770; x_wconf 48' lang='grc' dir='ltr'>θίεόν</span> <span class='ocrx_word' id='word_1_465' title='bbox 675 2735 729 2768; x_wconf 87' lang='lat' dir='ltr'><strong>El.</strong></span> <span class='ocrx_word' id='word_1_466' title='bbox 753 2732 820 2767; x_wconf 80' lang='lat'><strong>150</strong></span> <span class='ocrx_word' id='word_1_467' title='bbox 837 2745 881 2766; x_wconf 91' lang='lat' dir='ltr'><strong>m.</strong></span> <span class='ocrx_word' id='word_1_468' title='bbox 912 2729 940 2767; x_wconf 79' lang='grc' dir='ltr'>σ’</span> <span class='ocrx_word' id='word_1_469' title='bbox 973 2733 1081 2781; x_wconf 77' lang='grc' dir='ltr'>ἔγωγε</span> <span class='ocrx_word' id='word_1_470' title='bbox 1114 2733 1271 2768; x_wconf 85' lang='grc' dir='ltr'>δεσπότιν</span> <span class='ocrx_word' id='word_1_471' title='bbox 1295 2731 1318 2779; x_wconf 80' lang='grc' dir='ltr'>ἢ</span> 
     </span>
     <span class='ocr_line' id='line_1_55' title="bbox 308 2776 1319 2828; baseline -0.001 -12"><span class='ocrx_word' id='word_1_472' title='bbox 308 2776 426 2828; x_wconf 81' lang='grc' dir='ltr'>μητέρ’</span> <span class='ocrx_word' id='word_1_473' title='bbox 443 2779 507 2816; x_wconf 80' lang='grc' dir='ltr'><strong>οὐκ</strong></span> <span class='ocrx_word' id='word_1_474' title='bbox 524 2780 668 2816; x_wconf 84' lang='grc' dir='ltr'>ἔλασσον</span> <span class='ocrx_word' id='word_1_475' title='bbox 686 2780 734 2819; x_wconf 80' lang='grc' dir='ltr'><strong>εἰς</strong></span> <span class='ocrx_word' id='word_1_476' title='bbox 751 2779 847 2827; x_wconf 79' lang='grc' dir='ltr'>ἡμᾶς</span> <span class='ocrx_word' id='word_1_477' title='bbox 864 2779 959 2825; x_wconf 88' lang='grc' dir='ltr'>νέμω</span> <span class='ocrx_word' id='word_1_478' title='bbox 976 2779 1057 2814; x_wconf 81' lang='grc'><strong>598.</strong></span> <span class='ocrx_word' id='word_1_479' title='bbox 1088 2778 1218 2821; x_wconf 79' lang='grc' dir='ltr'>Νῦσαν,</span> <span class='ocrx_word' id='word_1_480' title='bbox 1239 2779 1282 2826; x_wconf 80' lang='grc' dir='ltr'><strong>ἣν</strong></span> <span class='ocrx_word' id='word_1_481' title='bbox 1301 2780 1319 2814; x_wconf 86' lang='grc' dir='ltr'>ὁ</span> 
     </span>
     <span class='ocr_line' id='line_1_56' title="bbox 307 2822 1315 2876; baseline -0.002 -13"><span class='ocrx_word' id='word_1_482' title='bbox 307 2827 412 2874; x_wconf 85' lang='grc' dir='ltr'>βουκέ</span> <span class='ocrx_word' id='word_1_483' title='bbox 465 2841 482 2867; x_wconf 92' lang='grc' dir='ltr'><strong>ς</strong></span> <span class='ocrx_word' id='word_1_484' title='bbox 501 2822 642 2876; x_wconf 82' lang='grc' dir='ltr'>Ἴακχος</span> <span class='ocrx_word' id='word_1_485' title='bbox 667 2826 759 2862; x_wconf 84' lang='grc' dir='ltr'><strong>αὺτῶ</strong></span> <span class='ocrx_word' id='word_1_486' title='bbox 782 2830 888 2873; x_wconf 82' lang='grc' dir='ltr'>μαῖαν</span> <span class='ocrx_word' id='word_1_487' title='bbox 906 2826 1050 2874; x_wconf 70' lang='grc' dir='ltr'>’ἡδίστην</span> <span class='ocrx_word' id='word_1_488' title='bbox 1066 2826 1163 2873; x_wconf 88' lang='grc' dir='ltr'>νέμει</span> <span class='ocrx_word' id='word_1_489' title='bbox 1188 2830 1228 2862; x_wconf 77' lang='lat' dir='ltr'><strong>fr.</strong></span> <span class='ocrx_word' id='word_1_490' title='bbox 1250 2830 1315 2861; x_wconf 81' lang='lat' dir='ltr'><strong>inc.</strong></span> 
     </span>
     <span class='ocr_line' id='line_1_57' title="bbox 307 2840 1318 2922; baseline -0.001 -14"><span class='ocrx_word' id='word_1_491' title='bbox 307 2873 386 2918; x_wconf 73' lang='lat'><strong>782,</strong></span> <span class='ocrx_word' id='word_1_492' title='bbox 409 2840 464 2909; x_wconf 57' lang='grc' dir='ltr'><strong>ἕω</strong></span> <span class='ocrx_word' id='word_1_493' title='bbox 472 2876 529 2908; x_wconf 87' lang='lat' dir='ltr'><strong>Sic</strong></span> <span class='ocrx_word' id='word_1_494' title='bbox 540 2877 693 2916; x_wconf 82' lang='lat' dir='ltr'><strong>intelligo</strong></span> <span class='ocrx_word' id='word_1_495' title='bbox 708 2861 801 2909; x_wconf 77' lang='grc' dir='ltr'>τάνδ’</span> <span class='ocrx_word' id='word_1_496' title='bbox 827 2873 877 2922; x_wconf 81' lang='grc' dir='ltr'>ἄρ’</span> <span class='ocrx_word' id='word_1_497' title='bbox 904 2873 1018 2909; x_wconf 71' lang='grc' dir='ltr'>οὐκέτι</span> <span class='ocrx_word' id='word_1_498' title='bbox 1035 2873 1130 2921; x_wconf 86' lang='grc' dir='ltr'>νέμω</span> <span class='ocrx_word' id='word_1_499' title='bbox 1148 2873 1245 2909; x_wconf 89' lang='grc' dir='ltr'>πόλιν</span> <span class='ocrx_word' id='word_1_500' title='bbox 1263 2876 1318 2908; x_wconf 83' lang='grc' dir='ltr'><strong>ΟΟ</strong></span> 
     </span>
     <span class='ocr_line' id='line_1_58' title="bbox 305 2921 1320 2964; baseline -0.001 -9"><span class='ocrx_word' id='word_1_501' title='bbox 305 2921 375 2956; x_wconf 87' lang='grc'><strong>879</strong></span> <span class='ocrx_word' id='word_1_502' title='bbox 392 2925 443 2956; x_wconf 89' lang='lat' dir='ltr'><strong>ch.</strong></span> <span class='ocrx_word' id='word_1_503' title='bbox 466 2923 530 2962; x_wconf 80' lang='lat' dir='ltr'><strong>Qui</strong></span> <span class='ocrx_word' id='word_1_504' title='bbox 547 2925 642 2964; x_wconf 84' lang='lat' dir='ltr'><strong>signo</strong></span> <span class='ocrx_word' id='word_1_505' title='bbox 659 2923 889 2963; x_wconf 87' lang='lat' dir='ltr'><strong>interrogandi</strong></span> <span class='ocrx_word' id='word_1_506' title='bbox 903 2924 1022 2963; x_wconf 84' lang='lat' dir='ltr'><strong>utitur,</strong></span> <span class='ocrx_word' id='word_1_507' title='bbox 1043 2923 1206 2963; x_wconf 87' lang='lat' dir='ltr'><strong>quomodo</strong></span> <span class='ocrx_word' id='word_1_508' title='bbox 1224 2923 1320 2954; x_wconf 86' lang='lat' dir='ltr'><strong>aliter</strong></span> 
     </span>
     <span class='ocr_line' id='line_1_59' title="bbox 307 2969 1316 3012; baseline -0.002 -10"><span class='ocrx_word' id='word_1_509' title='bbox 307 2972 468 3012; x_wconf 77' lang='lat' dir='ltr'><strong>explicet,</strong></span> <span class='ocrx_word' id='word_1_510' title='bbox 488 2980 590 3011; x_wconf 90' lang='lat' dir='ltr'><strong>quam</strong></span> <span class='ocrx_word' id='word_1_511' title='bbox 614 2970 673 3002; x_wconf 79' lang='lat' dir='ltr'><strong>hac</strong></span> <span class='ocrx_word' id='word_1_512' title='bbox 691 2971 792 3010; x_wconf 77' lang='grc' dir='ltr'>ἱρὶιιιτ</span> <span class='ocrx_word' id='word_1_513' title='bbox 812 2969 947 3010; x_wconf 76' lang='lat' dir='ltr'><strong>posthac</strong></span> <span class='ocrx_word' id='word_1_514' title='bbox 965 2971 1101 3001; x_wconf 47' lang='lat' dir='ltr'><strong>civitate.</strong></span> <span class='ocrx_word' id='word_1_515' title='bbox 1113 2978 1181 3001; x_wconf 82' lang='lat' dir='ltr'><strong>non</strong></span> <span class='ocrx_word' id='word_1_516' title='bbox 1194 2971 1316 3009; x_wconf 81' lang='lat' dir='ltr'><strong>potiar,</strong></span> 
     </span>
     <span class='ocr_line' id='line_1_60' title="bbox 306 3016 1320 3059; baseline -0.001 -11"><span class='ocrx_word' id='word_1_517' title='bbox 306 3019 329 3049; x_wconf 94' lang='lat' dir='ltr'><strong>i.</strong></span> <span class='ocrx_word' id='word_1_518' title='bbox 351 3027 381 3050; x_wconf 90' lang='lat' dir='ltr'><strong>e.</strong></span> <span class='ocrx_word' id='word_1_519' title='bbox 403 3021 554 3059; x_wconf 77' lang='lat' dir='ltr'><strong>potestas</strong></span> <span class='ocrx_word' id='word_1_520' title='bbox 579 3017 662 3048; x_wconf 86' lang='lat' dir='ltr'><strong>mihi</strong></span> <span class='ocrx_word' id='word_1_521' title='bbox 685 3018 719 3048; x_wconf 91' lang='lat' dir='ltr'><strong>in</strong></span> <span class='ocrx_word' id='word_1_522' title='bbox 745 3017 916 3059; x_wconf 64' lang='lat' dir='ltr'><strong>civitatem</strong></span> <span class='ocrx_word' id='word_1_523' title='bbox 933 3016 1122 3055; x_wconf 87' lang='lat' dir='ltr'><strong>adimetur,</strong></span> <span class='ocrx_word' id='word_1_524' title='bbox 1152 3025 1216 3048; x_wconf 89' lang='lat' dir='ltr'><strong>non</strong></span> <span class='ocrx_word' id='word_1_525' title='bbox 1242 3026 1320 3057; x_wconf 90' lang='lat' dir='ltr'><strong>per-</strong></span> 
     </span>
     <span class='ocr_line' id='line_1_61' title="bbox 306 3063 1321 3105; baseline -0.002 -10"><span class='ocrx_word' id='word_1_526' title='bbox 306 3065 421 3105; x_wconf 86' lang='lat' dir='ltr'><strong>spicio.</strong></span> <span class='ocrx_word' id='word_1_527' title='bbox 451 3065 554 3096; x_wconf 86' lang='lat' dir='ltr'><strong>Recte</strong></span> <span class='ocrx_word' id='word_1_528' title='bbox 571 3073 637 3095; x_wconf 86' lang='lat' dir='ltr'><strong>sec.</strong></span> <span class='ocrx_word' id='word_1_529' title='bbox 658 3064 760 3095; x_wconf 84' lang='lat' dir='ltr'><strong>schol.</strong></span> <span class='ocrx_word' id='word_1_530' title='bbox 781 3067 816 3095; x_wconf 83' lang='lat' dir='ltr'><strong>et</strong></span> <span class='ocrx_word' id='word_1_531' title='bbox 833 3063 971 3096; x_wconf 85' lang='lat' dir='ltr'><strong>Suidam</strong></span> <span class='ocrx_word' id='word_1_532' title='bbox 988 3063 1114 3103; x_wconf 81' lang='lat' dir='ltr'><strong>Musgr.</strong></span> <span class='ocrx_word' id='word_1_533' title='bbox 1145 3072 1220 3103; x_wconf 78' lang='lat' dir='ltr'><strong>eryo</strong></span> <span class='ocrx_word' id='word_1_534' title='bbox 1239 3063 1321 3094; x_wconf 79' lang='lat' dir='ltr'><strong>hanc</strong></span> 
     </span>
     <span class='ocr_line' id='line_1_62' title="bbox 306 3111 1316 3151; baseline -0.003 -8"><span class='ocrx_word' id='word_1_535' title='bbox 306 3120 374 3143; x_wconf 77' lang='lat' dir='ltr'><strong>non</strong></span> <span class='ocrx_word' id='word_1_536' title='bbox 398 3112 542 3151; x_wconf 75' lang='lat' dir='ltr'><strong>amplius</strong></span> <span class='ocrx_word' id='word_1_537' title='bbox 565 3120 676 3142; x_wconf 71' lang='lat' dir='ltr'><strong>censeo</strong></span> <span class='ocrx_word' id='word_1_538' title='bbox 692 3111 859 3142; x_wconf 78' lang='lat' dir='ltr'><strong>civitatem</strong></span> <span class='ocrx_word' id='word_1_539' title='bbox 876 3119 942 3141; x_wconf 75' lang='lat' dir='ltr'><strong>esse</strong></span> <span class='ocrx_word' id='word_1_540' title='bbox 967 3111 990 3143; x_wconf 87' lang='lat' dir='ltr'><strong>i.</strong></span> <span class='ocrx_word' id='word_1_541' title='bbox 1010 3119 1041 3141; x_wconf 84' lang='lat' dir='ltr'><strong>e.</strong></span> <span class='ocrx_word' id='word_1_542' title='bbox 1063 3119 1129 3141; x_wconf 89' lang='lat' dir='ltr'><strong>non</strong></span> <span class='ocrx_word' id='word_1_543' title='bbox 1147 3111 1201 3141; x_wconf 88' lang='lat' dir='ltr'><strong>sui</strong></span> <span class='ocrx_word' id='word_1_544' title='bbox 1220 3111 1316 3150; x_wconf 87' lang='lat' dir='ltr'><strong>iuris,</strong></span> 
     </span>
     <span class='ocr_line' id='line_1_63' title="bbox 307 3154 1320 3202; baseline -0.003 -12"><span class='ocrx_word' id='word_1_545' title='bbox 307 3154 422 3191; x_wconf 78' lang='grc' dir='ltr'>οὐκέτι</span> <span class='ocrx_word' id='word_1_546' title='bbox 448 3155 656 3202; x_wconf 82' lang='grc' dir='ltr'>αὐτόνομον;</span> <span class='ocrx_word' id='word_1_547' title='bbox 694 3157 729 3188; x_wconf 89' lang='lat' dir='ltr'><strong>id</strong></span> <span class='ocrx_word' id='word_1_548' title='bbox 756 3157 845 3198; x_wconf 88' lang='lat' dir='ltr'><strong>quod</strong></span> <span class='ocrx_word' id='word_1_549' title='bbox 869 3160 1049 3198; x_wconf 81' lang='lat' dir='ltr'><strong>praesente</strong></span> <span class='ocrx_word' id='word_1_550' title='bbox 1074 3158 1172 3196; x_wconf 85' lang='lat' dir='ltr'><strong>longe</strong></span> <span class='ocrx_word' id='word_1_551' title='bbox 1197 3158 1320 3188; x_wconf 82' lang='lat' dir='ltr'><strong>fortius</strong></span> 
     </span>
     <span class='ocr_line' id='line_1_64' title="bbox 307 3203 1320 3246; baseline -0.002 -10"><span class='ocrx_word' id='word_1_552' title='bbox 307 3214 408 3246; x_wconf 89' lang='lat' dir='ltr'><strong>quam</strong></span> <span class='ocrx_word' id='word_1_553' title='bbox 425 3205 540 3236; x_wconf 81' lang='lat' dir='ltr'><strong>futuro</strong></span> <span class='ocrx_word' id='word_1_554' title='bbox 553 3206 761 3236; x_wconf 87' lang='lat' dir='ltr'><strong>enuntiatur.</strong></span> <span class='ocrx_word' id='word_1_555' title='bbox 790 3203 969 3236; x_wconf 86' lang='lat' dir='ltr'><strong>Mendosos</strong></span> <span class='ocrx_word' id='word_1_556' title='bbox 985 3204 1188 3235; x_wconf 80' lang='lat' dir='ltr'><strong>scholiasten</strong></span> <span class='ocrx_word' id='word_1_557' title='bbox 1207 3204 1320 3244; x_wconf 89' lang='lat' dir='ltr'><strong>potius</strong></span> 
     </span>
     <span class='ocr_line' id='line_1_65' title="bbox 308 3250 1321 3291; baseline -0.003 -8"><span class='ocrx_word' id='word_1_558' title='bbox 308 3254 343 3283; x_wconf 91' lang='lat' dir='ltr'><strong>et</strong></span> <span class='ocrx_word' id='word_1_559' title='bbox 370 3250 505 3283; x_wconf 83' lang='lat' dir='ltr'><strong>Suidam</strong></span> <span class='ocrx_word' id='word_1_560' title='bbox 531 3251 689 3282; x_wconf 86' lang='lat' dir='ltr'><strong>habuisse</strong></span> <span class='ocrx_word' id='word_1_561' title='bbox 712 3251 813 3282; x_wconf 88' lang='lat' dir='ltr'><strong>libros</strong></span> <span class='ocrx_word' id='word_1_562' title='bbox 838 3260 977 3291; x_wconf 61' lang='lat' dir='ltr'><strong>ceraseo,</strong></span> <span class='ocrx_word' id='word_1_563' title='bbox 1007 3250 1066 3291; x_wconf 91' lang='lat' dir='ltr'><strong>qui</strong></span> <span class='ocrx_word' id='word_1_564' title='bbox 1092 3250 1321 3291; x_wconf 81' lang='lat' dir='ltr'><strong>explicuerint</strong></span> 
     </span>
     <span class='ocr_line' id='line_1_66' title="bbox 306 3297 1319 3342; baseline -0.002 -12"><span class='ocrx_word' id='word_1_565' title='bbox 306 3301 436 3342; x_wconf 85' lang='grc' dir='ltr'>νομιῶ,</span> <span class='ocrx_word' id='word_1_566' title='bbox 473 3308 574 3339; x_wconf 85' lang='lat' dir='ltr'><strong>quam</strong></span> <span class='ocrx_word' id='word_1_567' title='bbox 600 3301 638 3329; x_wconf 87' lang='lat' dir='ltr'><strong>ut</strong></span> <span class='ocrx_word' id='word_1_568' title='bbox 662 3298 813 3329; x_wconf 91' lang='lat' dir='ltr'><strong>omnium</strong></span> <span class='ocrx_word' id='word_1_569' title='bbox 838 3298 988 3328; x_wconf 85' lang='lat' dir='ltr'><strong>codicum</strong></span> <span class='ocrx_word' id='word_1_570' title='bbox 1019 3298 1219 3338; x_wconf 82' lang='lat' dir='ltr'><strong>scripturam</strong></span> <span class='ocrx_word' id='word_1_571' title='bbox 1245 3297 1319 3328; x_wconf 73' lang='lat' dir='ltr'><strong>vitii</strong></span> 
     </span>
     <span class='ocr_line' id='line_1_67' title="bbox 307 3344 1321 3386; baseline -0.001 -11"><span class='ocrx_word' id='word_1_572' title='bbox 307 3348 497 3386; x_wconf 78' lang='lat' dir='ltr'><strong>suspectam</strong></span> <span class='ocrx_word' id='word_1_573' title='bbox 522 3347 651 3385; x_wconf 75' lang='lat' dir='ltr'><strong>putem.</strong></span> <span class='ocrx_word' id='word_1_574' title='bbox 678 3362 718 3368; x_wconf 96' lang='lat'>—</span> <span class='ocrx_word' id='word_1_575' title='bbox 752 3344 804 3376; x_wconf 89' lang='lat' dir='ltr'><strong>De</strong></span> <span class='ocrx_word' id='word_1_576' title='bbox 835 3345 896 3376; x_wconf 82' lang='lat' dir='ltr'><strong>hac</strong></span> <span class='ocrx_word' id='word_1_577' title='bbox 926 3344 1069 3375; x_wconf 82' lang='lat' dir='ltr'><strong>formula</strong></span> <span class='ocrx_word' id='word_1_578' title='bbox 1099 3344 1321 3375; x_wconf 84' lang='lat' dir='ltr'><strong>observarunt</strong></span> 
     </span>
     <span class='ocr_line' id='line_1_68' title="bbox 306 3387 1316 3425; baseline 0 -3"><span class='ocrx_word' id='word_1_579' title='bbox 306 3392 468 3423; x_wconf 81' lang='lat' dir='ltr'><strong>Abresch.</strong></span> <span class='ocrx_word' id='word_1_580' title='bbox 496 3392 537 3422; x_wconf 87' lang='lat' dir='ltr'><strong>ad</strong></span> <span class='ocrx_word' id='word_1_581' title='bbox 560 3392 681 3424; x_wconf 84' lang='lat' dir='ltr'><strong>Aesch.</strong></span> <span class='ocrx_word' id='word_1_582' title='bbox 712 3391 812 3423; x_wconf 88' lang='lat' dir='ltr'><strong>Eum.</strong></span> <span class='ocrx_word' id='word_1_583' title='bbox 840 3387 921 3423; x_wconf 86' lang='lat'><strong>313.</strong></span> <span class='ocrx_word' id='word_1_584' title='bbox 958 3390 1131 3422; x_wconf 78' lang='lat' dir='ltr'><strong>Heindorf.</strong></span> <span class='ocrx_word' id='word_1_585' title='bbox 1160 3390 1203 3422; x_wconf 84' lang='lat' dir='ltr'><strong>ad</strong></span> <span class='ocrx_word' id='word_1_586' title='bbox 1230 3390 1316 3425; x_wconf 88' lang='lat' dir='ltr'><strong>Plat.</strong></span> 
     </span>
     <span class='ocr_line' id='line_1_69' title="bbox 307 3433 1320 3478; baseline -0.001 -10"><span class='ocrx_word' id='word_1_587' title='bbox 307 3437 434 3477; x_wconf 82' lang='lat' dir='ltr'><strong>Protag.</strong></span> <span class='ocrx_word' id='word_1_588' title='bbox 457 3441 483 3469; x_wconf 87' lang='lat' dir='ltr'><strong>t.</strong></span> <span class='ocrx_word' id='word_1_589' title='bbox 501 3434 535 3468; x_wconf 83' lang='lat'><strong>4.</strong></span> <span class='ocrx_word' id='word_1_590' title='bbox 557 3447 590 3478; x_wconf 90' lang='lat' dir='ltr'><strong>p.</strong></span> <span class='ocrx_word' id='word_1_591' title='bbox 613 3433 691 3470; x_wconf 82' lang='grc'><strong>569.</strong></span> <span class='ocrx_word' id='word_1_592' title='bbox 715 3455 754 3461; x_wconf 95' lang='grc'><strong>-</strong></span> <span class='ocrx_word' id='word_1_593' title='bbox 784 3437 891 3469; x_wconf 73' lang='lat' dir='ltr'><strong>Medio</strong></span> <span class='ocrx_word' id='word_1_594' title='bbox 909 3437 1153 3477; x_wconf 82' lang='lat' dir='ltr'><strong>significatione</strong></span> <span class='ocrx_word' id='word_1_595' title='bbox 1171 3435 1320 3468; x_wconf 75' lang='lat' dir='ltr'><strong>vescendi</strong></span> 
     </span>
    </p>
   </div>
   <div class='ocr_carea' id='block_1_5' title="bbox 1128 161 1545 218">
    <p class='ocr_par' dir='ltr' id='par_1_5' title="bbox 1128 161 1545 218">
     <span class='ocr_line' id='line_1_70' title="bbox 1128 161 1545 218; baseline 0.002 -7"><span class='ocrx_word' id='word_1_596' title='bbox 1128 162 1303 213; x_wconf 81' lang='grc' dir='ltr'>Νεόθεν</span> <span class='ocrx_word' id='word_1_597' title='bbox 1331 193 1398 199; x_wconf 85' lang='grc'><strong>--</strong></span> <span class='ocrx_word' id='word_1_598' title='bbox 1424 161 1545 218; x_wconf 87' lang='grc' dir='ltr'>Νέος</span> 
     </span>
    </p>
   </div>
   <div class='ocr_carea' id='block_1_6' title="bbox 1330 294 1334 1202">
    <p class='ocr_par' dir='ltr' id='par_1_6' title="bbox 1330 294 1334 1202">
     <span class='ocr_line' id='line_1_71' title="bbox 1330 294 1334 1202; baseline 0 0"><span class='ocrx_word' id='word_1_599' title='bbox 1330 294 1334 1202; x_wconf 95' lang='lat' dir='ltr'><strong> </strong></span> 
     </span>
    </p>
   </div>
   <div class='ocr_carea' id='block_1_7' title="bbox 1332 1392 1610 1424">
    <p class='ocr_par' dir='ltr' id='par_1_7' title="bbox 1332 1392 1610 1424">
     <span class='ocr_line' id='line_1_72' title="bbox 1332 1392 1610 1424; baseline -0.007 0"><span class='ocrx_word' id='word_1_600' title='bbox 1332 1415 1334 1420; x_wconf 84' lang='lat'><strong>.</strong></span> <span class='ocrx_word' id='word_1_601' title='bbox 1353 1392 1407 1424; x_wconf 89' lang='lat' dir='ltr'><strong>ed.</strong></span> <span class='ocrx_word' id='word_1_602' title='bbox 1438 1392 1510 1423; x_wconf 87' lang='lat' dir='ltr'><strong>Erf.</strong></span> <span class='ocrx_word' id='word_1_603' title='bbox 1532 1393 1610 1423; x_wconf 88' lang='lat' dir='ltr'><strong>mai.</strong></span> 
     </span>
    </p>
   </div>
   <div class='ocr_carea' id='block_1_8' title="bbox 1334 1430 1338 2294">
    <p class='ocr_par' dir='ltr' id='par_1_8' title="bbox 1334 1430 1338 2294">
     <span class='ocr_line' id='line_1_73' title="bbox 1334 1430 1338 2294; baseline 0 0"><span class='ocrx_word' id='word_1_604' title='bbox 1334 1430 1338 2294; x_wconf 95' lang='lat' dir='ltr'><strong> </strong></span> 
     </span>
    </p>
   </div>
   <div class='ocr_carea' id='block_1_9' title="bbox 2055 0 2255 32">
    <p class='ocr_par' dir='ltr' id='par_1_9' title="bbox 2055 0 2255 32">
     <span class='ocr_line' id='line_1_74' title="bbox 2055 0 2255 32; baseline 0.01 -9"><span class='ocrx_word' id='word_1_605' title='bbox 2055 1 2057 5; x_wconf 56' lang='lat'><strong><em>⁴</em></strong></span> <span class='ocrx_word' id='word_1_606' title='bbox 2078 4 2080 6; x_wconf 57' lang='lat'>&gt;</span> <span class='ocrx_word' id='word_1_607' title='bbox 2102 0 2114 24; x_wconf 56' lang='grc' dir='ltr'><strong>ἡ</strong></span> <span class='ocrx_word' id='word_1_608' title='bbox 2133 0 2165 32; x_wconf 50' lang='lat'><strong>...3</strong></span> <span class='ocrx_word' id='word_1_609' title='bbox 2186 0 2255 27; x_wconf 54' lang='lat' dir='ltr'><strong>›nv-1·</strong></span> 
     </span>
    </p>
   </div>
   <div class='ocr_carea' id='block_1_10' title="bbox 2030 132 2288 220">
    <p class='ocr_par' dir='ltr' id='par_1_10' title="bbox 2030 132 2288 229">
     <span class='ocr_line' id='line_1_75' title="bbox 2030 132 2288 220; baseline -0.004 -12"><span class='ocrx_word' id='word_1_610' title='bbox 2030 172 2080 220; x_wconf 92' lang='lat'><strong>[11</strong></span> <span class='ocrx_word' id='word_1_611' title='bbox 2094 182 2131 216; x_wconf 71' lang='lat' dir='ltr'><strong>p.</strong></span> <span class='ocrx_word' id='word_1_612' title='bbox 2150 132 2288 220; x_wconf 56' lang='grc' dir='ltr'>ψει-ἐ</span> 
     </span>
    </p>
   </div>
   <div class='ocr_carea' id='block_1_11' title="bbox 1350 259 2288 655">
    <p class='ocr_par' dir='ltr' id='par_1_11' title="bbox 1350 259 2288 655">
     <span class='ocr_line' id='line_1_76' title="bbox 1350 259 2288 329; baseline 0.001 -17"><span class='ocrx_word' id='word_1_613' title='bbox 1350 281 1455 312; x_wconf 85' lang='lat' dir='ltr'><strong>semel</strong></span> <span class='ocrx_word' id='word_1_614' title='bbox 1480 290 1564 312; x_wconf 89' lang='lat' dir='ltr'><strong>usus</strong></span> <span class='ocrx_word' id='word_1_615' title='bbox 1590 279 1714 320; x_wconf 76' lang='lat' dir='ltr'><strong>Soph.:</strong></span> <span class='ocrx_word' id='word_1_616' title='bbox 1743 283 1812 314; x_wconf 82' lang='grc' dir='ltr'><strong>τῶν</strong></span> <span class='ocrx_word' id='word_1_617' title='bbox 1837 276 2024 324; x_wconf 77' lang='grc' dir='ltr'>νεμόμεσθ’</span> <span class='ocrx_word' id='word_1_618' title='bbox 2050 278 2111 315; x_wconf 76' lang='grc' dir='ltr'><strong>ἀνέ</strong></span> <span class='ocrx_word' id='word_1_619' title='bbox 2134 291 2175 318; x_wconf 79' lang='grc' dir='ltr'><strong>ες</strong></span> <span class='ocrx_word' id='word_1_620' title='bbox 2193 259 2288 329; x_wconf 58' lang='grc' dir='ltr'>ἀλφίἱ</span> 
     </span>
     <span class='ocr_line' id='line_1_77' title="bbox 1351 323 2288 383; baseline 0.002 -24"><span class='ocrx_word' id='word_1_621' title='bbox 1351 328 1410 359; x_wconf 87' lang='lat' dir='ltr'><strong>Ph.</strong></span> <span class='ocrx_word' id='word_1_622' title='bbox 1435 323 1502 359; x_wconf 86' lang='grc'><strong>709</strong></span> <span class='ocrx_word' id='word_1_623' title='bbox 1520 327 1572 359; x_wconf 86' lang='lat' dir='ltr'><strong>ch.</strong></span> <span class='ocrx_word' id='word_1_624' title='bbox 1596 345 1637 351; x_wconf 90' lang='lat'><strong>—</strong></span> <span class='ocrx_word' id='word_1_625' title='bbox 1656 326 1671 369; x_wconf 79' lang='grc' dir='ltr'><strong>ΙΙ</strong></span> <span class='ocrx_word' id='word_1_626' title='bbox 1689 328 1727 359; x_wconf 90' lang='lat' dir='ltr'><strong>In</strong></span> <span class='ocrx_word' id='word_1_627' title='bbox 1749 326 1853 367; x_wconf 89' lang='lat' dir='ltr'><strong>Synd.</strong></span> <span class='ocrx_word' id='word_1_628' title='bbox 1884 328 1924 359; x_wconf 86' lang='lat' dir='ltr'><strong>fr.</strong></span> <span class='ocrx_word' id='word_1_629' title='bbox 1948 323 2028 368; x_wconf 80' lang='lat'><strong>150,</strong></span> <span class='ocrx_word' id='word_1_630' title='bbox 2054 323 2078 360; x_wconf 85' lang='lat'><strong>2</strong></span> <span class='ocrx_word' id='word_1_631' title='bbox 2130 329 2224 383; x_wconf 69' lang='lat' dir='ltr'><strong>ergk.</strong></span> <span class='ocrx_word' id='word_1_632' title='bbox 2244 331 2288 368; x_wconf 63' lang='grc' dir='ltr'>σα</span> 
     </span>
     <span class='ocr_line' id='line_1_78' title="bbox 1351 371 2241 420; baseline 0.002 -14"><span class='ocrx_word' id='word_1_633' title='bbox 1351 376 1391 406; x_wconf 89' lang='lat' dir='ltr'><strong>de</strong></span> <span class='ocrx_word' id='word_1_634' title='bbox 1410 375 1528 414; x_wconf 82' lang='lat' dir='ltr'><strong>fragm.</strong></span> <span class='ocrx_word' id='word_1_635' title='bbox 1553 373 1654 416; x_wconf 90' lang='lat' dir='ltr'><strong>Soph.</strong></span> <span class='ocrx_word' id='word_1_636' title='bbox 1683 384 1719 416; x_wconf 90' lang='lat' dir='ltr'><strong>p.</strong></span> <span class='ocrx_word' id='word_1_637' title='bbox 1740 371 1762 407; x_wconf 89' lang='grc'><strong>8</strong></span> <span class='ocrx_word' id='word_1_638' title='bbox 1780 378 1870 407; x_wconf 85' lang='lat' dir='ltr'><strong>reete</strong></span> <span class='ocrx_word' id='word_1_639' title='bbox 1889 375 2084 408; x_wconf 77' lang='lat' dir='ltr'><strong>emendavit</strong></span> <span class='ocrx_word' id='word_1_640' title='bbox 2098 373 2186 420; x_wconf 82' lang='grc' dir='ltr'>νέμ,</span> <span class='ocrx_word' id='word_1_641' title='bbox 2208 372 2241 408; x_wconf 74' lang='grc' dir='ltr'><strong>εἴ</strong></span> 
     </span>
     <span class='ocr_line' id='line_1_79' title="bbox 1351 418 2231 467; baseline 0.002 -13"><span class='ocrx_word' id='word_1_642' title='bbox 1351 420 1524 467; x_wconf 82' lang='grc' dir='ltr'>πάρεστιν,</span> <span class='ocrx_word' id='word_1_643' title='bbox 1548 419 1585 459; x_wconf 84' lang='grc' dir='ltr'><strong>ὃς</strong></span> <span class='ocrx_word' id='word_1_644' title='bbox 1611 419 1821 466; x_wconf 83' lang='grc' dir='ltr'>ξυνώμοσεν,</span> <span class='ocrx_word' id='word_1_645' title='bbox 1843 431 1902 463; x_wconf 89' lang='lat' dir='ltr'><strong>pro</strong></span> <span class='ocrx_word' id='word_1_646' title='bbox 1919 418 2108 467; x_wconf 86' lang='grc' dir='ltr'>ἀπόνειμον</span> <span class='ocrx_word' id='word_1_647' title='bbox 2133 419 2231 467; x_wconf 87' lang='grc' dir='ltr'>νέμει</span> 
     </span>
     <span class='ocr_line' id='line_1_80' title="bbox 1351 465 2251 515; baseline -0.001 -13"><span class='ocrx_word' id='word_1_648' title='bbox 1351 467 1494 515; x_wconf 84' lang='grc' dir='ltr'>πάρεστι</span> <span class='ocrx_word' id='word_1_649' title='bbox 1519 465 1571 506; x_wconf 85' lang='grc' dir='ltr'><strong>τίς</strong></span> <span class='ocrx_word' id='word_1_650' title='bbox 1599 467 1787 514; x_wconf 85' lang='grc' dir='ltr'>ξυνώμοσε.</span> <span class='ocrx_word' id='word_1_651' title='bbox 1827 470 1879 501; x_wconf 81' lang='lat' dir='ltr'><strong>Ita</strong></span> <span class='ocrx_word' id='word_1_652' title='bbox 1895 469 2104 509; x_wconf 87' lang='lat' dir='ltr'><strong>Agamemno</strong></span> <span class='ocrx_word' id='word_1_653' title='bbox 2119 470 2251 502; x_wconf 73' lang='lat' dir='ltr'><strong>recitari</strong></span> 
     </span>
     <span class='ocr_line' id='line_1_81' title="bbox 1351 515 2239 558; baseline 0.001 -11"><span class='ocrx_word' id='word_1_654' title='bbox 1351 526 1467 548; x_wconf 87' lang='lat' dir='ltr'><strong>eorum</strong></span> <span class='ocrx_word' id='word_1_655' title='bbox 1481 517 1628 556; x_wconf 88' lang='lat' dir='ltr'><strong>nomina,</strong></span> <span class='ocrx_word' id='word_1_656' title='bbox 1646 518 1704 558; x_wconf 90' lang='lat' dir='ltr'><strong>qui</strong></span> <span class='ocrx_word' id='word_1_657' title='bbox 1717 517 1759 548; x_wconf 91' lang='lat' dir='ltr'><strong>de</strong></span> <span class='ocrx_word' id='word_1_658' title='bbox 1773 516 1966 548; x_wconf 87' lang='lat' dir='ltr'><strong>ulciscenda</strong></span> <span class='ocrx_word' id='word_1_659' title='bbox 1978 515 2109 549; x_wconf 89' lang='lat' dir='ltr'><strong>Helena</strong></span> <span class='ocrx_word' id='word_1_660' title='bbox 2121 517 2239 550; x_wconf 86' lang='lat' dir='ltr'><strong>coniur</strong></span> 
     </span>
     <span class='ocr_line' id='line_1_82' title="bbox 1352 560 2276 608; baseline 0.001 -13"><span class='ocrx_word' id='word_1_661' title='bbox 1352 564 1420 595; x_wconf 86' lang='lat' dir='ltr'><strong>Nec</strong></span> <span class='ocrx_word' id='word_1_662' title='bbox 1438 567 1552 595; x_wconf 90' lang='lat' dir='ltr'><strong>tamen</strong></span> <span class='ocrx_word' id='word_1_663' title='bbox 1570 567 1746 605; x_wconf 86' lang='lat' dir='ltr'><strong>propterea</strong></span> <span class='ocrx_word' id='word_1_664' title='bbox 1763 560 1952 608; x_wconf 85' lang='grc' dir='ltr'>ἀπόνειμον</span> <span class='ocrx_word' id='word_1_665' title='bbox 1964 588 1973 604; x_wconf 90' lang='grc'>,</span> <span class='ocrx_word' id='word_1_666' title='bbox 1994 564 2085 605; x_wconf 87' lang='lat' dir='ltr'><strong>quod</strong></span> <span class='ocrx_word' id='word_1_667' title='bbox 2101 565 2217 596; x_wconf 80' lang='lat' dir='ltr'><strong>eadem</strong></span> <span class='ocrx_word' id='word_1_668' title='bbox 2235 564 2276 596; x_wconf 58' lang='lat' dir='ltr'><strong>a*</strong></span> 
     </span>
     <span class='ocr_line' id='line_1_83' title="bbox 1352 608 2243 655; baseline 0.001 -13"><span class='ocrx_word' id='word_1_669' title='bbox 1352 613 1482 642; x_wconf 83' lang='lat' dir='ltr'><strong>catione</strong></span> <span class='ocrx_word' id='word_1_670' title='bbox 1494 610 1649 652; x_wconf 87' lang='lat' dir='ltr'><strong>Sophocli</strong></span> <span class='ocrx_word' id='word_1_671' title='bbox 1664 612 1840 652; x_wconf 86' lang='lat' dir='ltr'><strong>tribuitur,</strong></span> <span class='ocrx_word' id='word_1_672' title='bbox 1852 611 2092 643; x_wconf 85' lang='lat' dir='ltr'><strong>damnaverim.</strong></span> <span class='ocrx_word' id='word_1_673' title='bbox 2114 610 2163 655; x_wconf 84' lang='lat'><strong>(11</strong></span> <span class='ocrx_word' id='word_1_674' title='bbox 2176 621 2210 653; x_wconf 89' lang='lat' dir='ltr'><strong>p.</strong></span> <span class='ocrx_word' id='word_1_675' title='bbox 2226 608 2243 642; x_wconf 94' lang='lat'>1</span> 
     </span>
    </p>
   </div>
   <div class='ocr_carea' id='block_1_12' title="bbox 1350 665 2287 1391">
    <p class='ocr_par' dir='ltr' id='par_1_12' title="bbox 1351 665 2287 854">
     <span class='ocr_line' id='line_1_84' title="bbox 1422 665 2273 715; baseline 0 -12"><span class='ocrx_word' id='word_1_676' title='bbox 1422 665 1479 704; x_wconf 88' lang='grc' dir='ltr'><strong>Νε</strong></span> <span class='ocrx_word' id='word_1_677' title='bbox 1491 668 1508 703; x_wconf 95' lang='grc' dir='ltr'><strong>ό</strong></span> <span class='ocrx_word' id='word_1_678' title='bbox 1519 667 1592 703; x_wconf 80' lang='grc' dir='ltr'><strong>θεν</strong></span> <span class='ocrx_word' id='word_1_679' title='bbox 1609 680 1731 702; x_wconf 79' lang='lat' dir='ltr'><strong>recens.</strong></span> <span class='ocrx_word' id='word_1_680' title='bbox 1752 668 1814 704; x_wconf 89' lang='grc' dir='ltr'><strong>νέα</strong></span> <span class='ocrx_word' id='word_1_681' title='bbox 1829 665 1915 704; x_wconf 80' lang='grc' dir='ltr'>τάθε</span> <span class='ocrx_word' id='word_1_682' title='bbox 1930 667 2049 704; x_wconf 76' lang='grc' dir='ltr'>νεόθεν</span> <span class='ocrx_word' id='word_1_683' title='bbox 2065 667 2146 715; x_wconf 78' lang='grc' dir='ltr'>ἦλθ’</span> <span class='ocrx_word' id='word_1_684' title='bbox 2163 667 2243 715; x_wconf 77' lang='grc' dir='ltr'>ἐμοὶ</span> <span class='ocrx_word' id='word_1_685' title='bbox 2265 671 2273 692; x_wconf 84' lang='grc'><strong>-’</strong></span> 
     </span>
     <span class='ocr_line' id='line_1_85' title="bbox 1352 714 2286 761; baseline 0.001 -11"><span class='ocrx_word' id='word_1_686' title='bbox 1352 728 1469 761; x_wconf 83' lang='grc' dir='ltr'>ποτμα</span> <span class='ocrx_word' id='word_1_687' title='bbox 1484 715 1579 750; x_wconf 88' lang='grc' dir='ltr'>κακά</span> <span class='ocrx_word' id='word_1_688' title='bbox 1594 717 1649 750; x_wconf 84' lang='lat' dir='ltr'><strong>OC</strong></span> <span class='ocrx_word' id='word_1_689' title='bbox 1667 714 1757 750; x_wconf 83' lang='grc'><strong>1447</strong></span> <span class='ocrx_word' id='word_1_690' title='bbox 1766 718 1818 750; x_wconf 88' lang='lat' dir='ltr'><strong>ch.</strong></span> <span class='ocrx_word' id='word_1_691' title='bbox 1847 718 2005 758; x_wconf 88' lang='lat' dir='ltr'><strong>Augetur</strong></span> <span class='ocrx_word' id='word_1_692' title='bbox 2020 717 2108 749; x_wconf 88' lang='lat' dir='ltr'><strong>illud</strong></span> <span class='ocrx_word' id='word_1_693' title='bbox 2123 715 2184 750; x_wconf 89' lang='grc' dir='ltr'><strong>νέα</strong></span> <span class='ocrx_word' id='word_1_694' title='bbox 2199 728 2247 751; x_wconf 85' lang='grc' dir='ltr'><strong>κα</strong></span> <span class='ocrx_word' id='word_1_695' title='bbox 2274 715 2286 758; x_wconf 64' lang='lat' dir='ltr'><strong>Jv</strong></span> 
     </span>
     <span class='ocr_line' id='line_1_86' title="bbox 1351 763 2283 806; baseline 0.001 -11"><span class='ocrx_word' id='word_1_696' title='bbox 1351 765 1420 796; x_wconf 83' lang='lat' dir='ltr'><strong>dito</strong></span> <span class='ocrx_word' id='word_1_697' title='bbox 1449 765 1604 796; x_wconf 82' lang='lat' dir='ltr'><strong>adverbio</strong></span> <span class='ocrx_word' id='word_1_698' title='bbox 1629 775 1698 797; x_wconf 87' lang='lat' dir='ltr'><strong>rem</strong></span> <span class='ocrx_word' id='word_1_699' title='bbox 1722 766 1930 806; x_wconf 84' lang='lat' dir='ltr'><strong>insperatam</strong></span> <span class='ocrx_word' id='word_1_700' title='bbox 1954 765 2186 805; x_wconf 79' lang='lat' dir='ltr'><strong>significante,</strong></span> <span class='ocrx_word' id='word_1_701' title='bbox 2221 763 2283 796; x_wconf 85' lang='lat' dir='ltr'><strong>t·.&#39;</strong></span> 
     </span>
     <span class='ocr_line' id='line_1_87' title="bbox 1352 812 2287 854; baseline 0.001 -11"><span class='ocrx_word' id='word_1_702' title='bbox 1352 813 1442 843; x_wconf 90' lang='lat' dir='ltr'><strong>enim</strong></span> <span class='ocrx_word' id='word_1_703' title='bbox 1459 813 1654 844; x_wconf 88' lang='lat' dir='ltr'><strong>tonitrubus</strong></span> <span class='ocrx_word' id='word_1_704' title='bbox 1673 812 1792 844; x_wconf 86' lang='lat' dir='ltr'><strong>chorus</strong></span> <span class='ocrx_word' id='word_1_705' title='bbox 1810 813 1922 844; x_wconf 90' lang='lat' dir='ltr'><strong>omine</strong></span> <span class='ocrx_word' id='word_1_706' title='bbox 1939 812 2062 854; x_wconf 73' lang='lat' dir='ltr'><strong>plenia.</strong></span> <span class='ocrx_word' id='word_1_707' title='bbox 2286 849 2287 852; x_wconf 11' lang='grc' dir='ltr'><strong>Ἴ</strong></span> 
     </span>
    </p>

    <p class='ocr_par' dir='ltr' id='par_1_13' title="bbox 1350 866 2287 1391">
     <span class='ocr_line' id='line_1_88' title="bbox 1422 866 2279 918; baseline -0.001 -14"><span class='ocrx_word' id='word_1_708' title='bbox 1422 866 1455 904; x_wconf 89' lang='grc' dir='ltr'>Ν</span> <span class='ocrx_word' id='word_1_709' title='bbox 1465 881 1480 902; x_wconf 86' lang='grc' dir='ltr'><strong>ε</strong></span> <span class='ocrx_word' id='word_1_710' title='bbox 1491 868 1714 916; x_wconf 81' lang='grc' dir='ltr'>οκόνητος.</span> <span class='ocrx_word' id='word_1_711' title='bbox 1734 869 1940 917; x_wconf 88' lang='grc' dir='ltr'>νεοκόνητον</span> <span class='ocrx_word' id='word_1_712' title='bbox 1954 867 2044 916; x_wconf 85' lang='grc' dir='ltr'>αἷμα</span> <span class='ocrx_word' id='word_1_713' title='bbox 2058 872 2190 918; x_wconf 79' lang='grc' dir='ltr'>χειροῖν</span> <span class='ocrx_word' id='word_1_714' title='bbox 2205 880 2279 917; x_wconf 67' lang='lat' dir='ltr'><strong>qu.</strong></span> 
     </span>
     <span class='ocr_line' id='line_1_89' title="bbox 1354 915 2255 964; baseline 0.001 -15"><span class='ocrx_word' id='word_1_715' title='bbox 1354 915 1443 950; x_wconf 84' lang='grc'><strong>1395</strong></span> <span class='ocrx_word' id='word_1_716' title='bbox 1463 918 1514 950; x_wconf 86' lang='lat' dir='ltr'><strong>ch.</strong></span> <span class='ocrx_word' id='word_1_717' title='bbox 1538 919 1632 950; x_wconf 89' lang='lat' dir='ltr'><strong>Libri</strong></span> <span class='ocrx_word' id='word_1_718' title='bbox 1649 928 1764 950; x_wconf 86' lang='lat' dir='ltr'><strong>omues</strong></span> <span class='ocrx_word' id='word_1_719' title='bbox 1781 917 1993 964; x_wconf 86' lang='grc' dir='ltr'>νεακόνητον</span> <span class='ocrx_word' id='word_1_720' title='bbox 2006 915 2155 962; x_wconf 86' lang='lat' dir='ltr'><strong>[vitiose‚</strong></span> <span class='ocrx_word' id='word_1_721' title='bbox 2177 927 2255 950; x_wconf 84' lang='lat' dir='ltr'><strong>cum</strong></span> 
     </span>
     <span class='ocr_line' id='line_1_90' title="bbox 1351 963 2287 1010; baseline 0.001 -13"><span class='ocrx_word' id='word_1_722' title='bbox 1351 966 1478 1005; x_wconf 86' lang='lat' dir='ltr'><strong>syllaba</strong></span> <span class='ocrx_word' id='word_1_723' title='bbox 1496 967 1607 997; x_wconf 90' lang='lat' dir='ltr'><strong>brevis</strong></span> <span class='ocrx_word' id='word_1_724' title='bbox 1626 976 1700 998; x_wconf 87' lang='lat' dir='ltr'><strong>esse</strong></span> <span class='ocrx_word' id='word_1_725' title='bbox 1719 963 1866 1010; x_wconf 70' lang='lat' dir='ltr'><strong>debeat}</strong></span> <span class='ocrx_word' id='word_1_726' title='bbox 1888 966 1992 998; x_wconf 85' lang='lat' dir='ltr'><strong>Recte</strong></span> <span class='ocrx_word' id='word_1_727' title='bbox 2009 965 2111 998; x_wconf 86' lang='lat' dir='ltr'><strong>schol.</strong></span> <span class='ocrx_word' id='word_1_728' title='bbox 2133 965 2227 998; x_wconf 88' lang='lat' dir='ltr'><strong>Rom.</strong></span> <span class='ocrx_word' id='word_1_729' title='bbox 2277 970 2287 1004; x_wconf 68' lang='grc' dir='ltr'>ζ</span> 
     </span>
     <span class='ocr_line' id='line_1_91' title="bbox 1350 1010 2274 1059; baseline 0 -13"><span class='ocrx_word' id='word_1_730' title='bbox 1350 1023 1466 1059; x_wconf 87' lang='grc' dir='ltr'>νητον,</span> <span class='ocrx_word' id='word_1_731' title='bbox 1494 1014 1559 1044; x_wconf 85' lang='lat' dir='ltr'><strong>etsi</strong></span> <span class='ocrx_word' id='word_1_732' title='bbox 1578 1023 1736 1054; x_wconf 88' lang='lat' dir='ltr'><strong>perverse</strong></span> <span class='ocrx_word' id='word_1_733' title='bbox 1753 1014 1901 1055; x_wconf 76' lang='lat' dir='ltr'><strong>explicat</strong></span> <span class='ocrx_word' id='word_1_734' title='bbox 1917 1011 1956 1046; x_wconf 87' lang='grc' dir='ltr'><strong>τὸ</strong></span> <span class='ocrx_word' id='word_1_735' title='bbox 1974 1010 2072 1058; x_wconf 84' lang='grc' dir='ltr'>ξίφος</span> <span class='ocrx_word' id='word_1_736' title='bbox 2095 1011 2134 1046; x_wconf 89' lang='grc' dir='ltr'><strong>τὸ</strong></span> <span class='ocrx_word' id='word_1_737' title='bbox 2150 1010 2219 1057; x_wconf 78' lang='grc' dir='ltr'><strong>ἠκο</strong></span> <span class='ocrx_word' id='word_1_738' title='bbox 2272 1048 2274 1051; x_wconf 69' lang='grc'>,</span> 
     </span>
     <span class='ocr_line' id='line_1_92' title="bbox 1352 1057 2251 1107; baseline -0.001 -15"><span class='ocrx_word' id='word_1_739' title='bbox 1352 1058 1399 1097; x_wconf 82' lang='grc' dir='ltr'><strong>εἰς</strong></span> <span class='ocrx_word' id='word_1_740' title='bbox 1418 1057 1504 1105; x_wconf 84' lang='grc' dir='ltr'>αἷμα</span> <span class='ocrx_word' id='word_1_741' title='bbox 1520 1058 1578 1093; x_wconf 86' lang='grc' dir='ltr'><strong>καὶ</strong></span> <span class='ocrx_word' id='word_1_742' title='bbox 1597 1058 1712 1107; x_wconf 88' lang='grc' dir='ltr'>φόνον.</span> <span class='ocrx_word' id='word_1_743' title='bbox 1734 1061 1824 1092; x_wconf 86' lang='lat' dir='ltr'><strong>Hinc</strong></span> <span class='ocrx_word' id='word_1_744' title='bbox 1841 1061 1935 1093; x_wconf 88' lang='lat' dir='ltr'><strong>Suid.</strong></span> <span class='ocrx_word' id='word_1_745' title='bbox 1952 1063 1988 1092; x_wconf 83' lang='lat' dir='ltr'><strong>et</strong></span> <span class='ocrx_word' id='word_1_746' title='bbox 2006 1060 2150 1099; x_wconf 85' lang='lat' dir='ltr'><strong>Hesych.</strong></span> <span class='ocrx_word' id='word_1_747' title='bbox 2171 1061 2208 1091; x_wconf 92' lang='lat' dir='ltr'><strong>in</strong></span> <span class='ocrx_word' id='word_1_748' title='bbox 2219 1069 2251 1091; x_wconf 83' lang='lat' dir='ltr'><strong>v.</strong></span> 
     </span>
     <span class='ocr_line' id='line_1_93' title="bbox 1352 1104 2278 1151; baseline 0 -13"><span class='ocrx_word' id='word_1_749' title='bbox 1352 1108 1417 1138; x_wconf 91' lang='lat' dir='ltr'><strong>EM</strong></span> <span class='ocrx_word' id='word_1_750' title='bbox 1435 1118 1469 1149; x_wconf 89' lang='lat' dir='ltr'><strong>p.</strong></span> <span class='ocrx_word' id='word_1_751' title='bbox 1491 1104 1549 1147; x_wconf 80' lang='grc'><strong>35,</strong></span> <span class='ocrx_word' id='word_1_752' title='bbox 1569 1105 1591 1138; x_wconf 86' lang='grc'>4</span> <span class='ocrx_word' id='word_1_753' title='bbox 1616 1105 1790 1151; x_wconf 85' lang='lat' dir='ltr'><strong>(corrupte</strong></span> <span class='ocrx_word' id='word_1_754' title='bbox 1816 1109 1863 1140; x_wconf 88' lang='lat' dir='ltr'><strong>ibi</strong></span> <span class='ocrx_word' id='word_1_755' title='bbox 1888 1106 2088 1150; x_wconf 82' lang='lat' dir='ltr'><strong>scriptum),</strong></span> <span class='ocrx_word' id='word_1_756' title='bbox 2119 1110 2154 1138; x_wconf 86' lang='lat' dir='ltr'><strong>et</strong></span> <span class='ocrx_word' id='word_1_757' title='bbox 2179 1106 2238 1139; x_wconf 84' lang='lat' dir='ltr'><strong>Gr.</strong></span> <span class='ocrx_word' id='word_1_758' title='bbox 2268 1140 2278 1147; x_wconf 63' lang='lat'><strong>.</strong></span> 
     </span>
     <span class='ocr_line' id='line_1_94' title="bbox 1352 1151 2279 1202; baseline 0.001 -16"><span class='ocrx_word' id='word_1_759' title='bbox 1352 1155 1420 1188; x_wconf 88' lang='lat' dir='ltr'><strong>An.</strong></span> <span class='ocrx_word' id='word_1_760' title='bbox 1440 1165 1473 1196; x_wconf 90' lang='lat' dir='ltr'><strong>p.</strong></span> <span class='ocrx_word' id='word_1_761' title='bbox 1496 1151 1582 1195; x_wconf 86' lang='grc'><strong>356,</strong></span> <span class='ocrx_word' id='word_1_762' title='bbox 1612 1152 1658 1187; x_wconf 88' lang='grc'><strong>20</strong></span> <span class='ocrx_word' id='word_1_763' title='bbox 1683 1152 1771 1200; x_wconf 84' lang='grc' dir='ltr'>αἷμα</span> <span class='ocrx_word' id='word_1_764' title='bbox 1793 1156 1910 1196; x_wconf 89' lang='lat' dir='ltr'><strong>inepte</strong></span> <span class='ocrx_word' id='word_1_765' title='bbox 1937 1152 2033 1200; x_wconf 88' lang='grc' dir='ltr'>ξίφος</span> <span class='ocrx_word' id='word_1_766' title='bbox 2051 1155 2106 1186; x_wconf 88' lang='lat' dir='ltr'><strong>vel</strong></span> <span class='ocrx_word' id='word_1_767' title='bbox 2124 1151 2246 1201; x_wconf 86' lang='grc' dir='ltr'>μάχαι</span> <span class='ocrx_word' id='word_1_768' title='bbox 2278 1198 2279 1202; x_wconf 15' lang='lat'>¹</span> 
     </span>
     <span class='ocr_line' id='line_1_95' title="bbox 1351 1203 2249 1244; baseline -0.002 -10"><span class='ocrx_word' id='word_1_769' title='bbox 1351 1205 1593 1244; x_wconf 87' lang='lat' dir='ltr'><strong>terpretantur.</strong></span> <span class='ocrx_word' id='word_1_770' title='bbox 1631 1203 1870 1243; x_wconf 79' lang='lat' dir='ltr'><strong>Significantur</strong></span> <span class='ocrx_word' id='word_1_771' title='bbox 1893 1206 2009 1234; x_wconf 88' lang='lat' dir='ltr'><strong>autem</strong></span> <span class='ocrx_word' id='word_1_772' title='bbox 2031 1211 2152 1233; x_wconf 71' lang='lat' dir='ltr'><strong>manua</strong></span> <span class='ocrx_word' id='word_1_773' title='bbox 2165 1210 2218 1233; x_wconf 74' lang='lat' dir='ltr'><strong>rec</strong></span> <span class='ocrx_word' id='word_1_774' title='bbox 2246 1219 2249 1227; x_wconf 70' lang='grc'><strong>«</strong></span> 
     </span>
     <span class='ocr_line' id='line_1_96' title="bbox 1352 1246 2278 1294; baseline 0.002 -14"><span class='ocrx_word' id='word_1_775' title='bbox 1352 1251 1514 1289; x_wconf 68' lang='lat' dir='ltr'><strong>sanquine</strong></span> <span class='ocrx_word' id='word_1_776' title='bbox 1532 1259 1742 1290; x_wconf 79' lang='lat' dir='ltr'><strong>conspersae;</strong></span> <span class='ocrx_word' id='word_1_777' title='bbox 1772 1251 1929 1282; x_wconf 89' lang='lat' dir='ltr'><strong>vocabulo</strong></span> <span class='ocrx_word' id='word_1_778' title='bbox 1953 1260 1972 1281; x_wconf 85' lang='lat' dir='ltr'><strong>a</strong></span> <span class='ocrx_word' id='word_1_779' title='bbox 1994 1246 2070 1282; x_wconf 82' lang='grc' dir='ltr'>κάω</span> <span class='ocrx_word' id='word_1_780' title='bbox 2093 1247 2186 1282; x_wconf 85' lang='grc' dir='ltr'>κένω</span> <span class='ocrx_word' id='word_1_781' title='bbox 2234 1246 2278 1294; x_wconf 45' lang='grc' dir='ltr'>ι--Ῐζ</span> 
     </span>
     <span class='ocr_line' id='line_1_97' title="bbox 1352 1294 2268 1337; baseline -0.002 -9"><span class='ocrx_word' id='word_1_782' title='bbox 1352 1298 1419 1337; x_wconf 81' lang='lat' dir='ltr'><strong>cis,</strong></span> <span class='ocrx_word' id='word_1_783' title='bbox 1457 1297 1547 1328; x_wconf 89' lang='lat' dir='ltr'><strong>unde</strong></span> <span class='ocrx_word' id='word_1_784' title='bbox 1565 1301 1646 1328; x_wconf 89' lang='lat' dir='ltr'><strong>sunt</strong></span> <span class='ocrx_word' id='word_1_785' title='bbox 1672 1295 1780 1331; x_wconf 84' lang='grc' dir='ltr'>καίνω</span> <span class='ocrx_word' id='word_1_786' title='bbox 1803 1295 1932 1331; x_wconf 85' lang='grc' dir='ltr'>κέκονα</span> <span class='ocrx_word' id='word_1_787' title='bbox 1957 1294 2099 1336; x_wconf 83' lang='grc' dir='ltr'>ἔκανον,</span> <span class='ocrx_word' id='word_1_788' title='bbox 2135 1296 2268 1336; x_wconf 82' lang='lat' dir='ltr'><strong>ducto,</strong></span> 
     </span>
     <span class='ocr_line' id='line_1_98' title="bbox 1353 1342 2217 1391; baseline -0.003 -14"><span class='ocrx_word' id='word_1_789' title='bbox 1353 1342 1458 1389; x_wconf 83' lang='grc' dir='ltr'>φόνος</span> <span class='ocrx_word' id='word_1_790' title='bbox 1475 1348 1510 1375; x_wconf 86' lang='lat' dir='ltr'><strong>et</strong></span> <span class='ocrx_word' id='word_1_791' title='bbox 1529 1342 1617 1390; x_wconf 83' lang='grc' dir='ltr'>φονή</span> <span class='ocrx_word' id='word_1_792' title='bbox 1636 1355 1654 1376; x_wconf 85' lang='lat' dir='ltr'><strong>a</strong></span> <span class='ocrx_word' id='word_1_793' title='bbox 1673 1342 1751 1390; x_wconf 82' lang='grc' dir='ltr'>φάω</span> <span class='ocrx_word' id='word_1_794' title='bbox 1770 1342 1875 1391; x_wconf 87' lang='grc' dir='ltr'>φένω.</span> <span class='ocrx_word' id='word_1_795' title='bbox 1904 1345 1944 1376; x_wconf 90' lang='lat' dir='ltr'><strong>V.</strong></span> <span class='ocrx_word' id='word_1_796' title='bbox 1967 1344 2082 1376; x_wconf 87' lang='lat' dir='ltr'><strong>Herm.</strong></span> <span class='ocrx_word' id='word_1_797' title='bbox 2105 1344 2145 1375; x_wconf 87' lang='lat' dir='ltr'><strong>ad</strong></span> <span class='ocrx_word' id='word_1_798' title='bbox 2162 1343 2217 1375; x_wconf 86' lang='lat' dir='ltr'><strong>An</strong></span> 
     </span>
    </p>
   </div>
   <div class='ocr_carea' id='block_1_13' title="bbox 2172 374 2288 3600">
    <p class='ocr_par' dir='ltr' id='par_1_14' title="bbox 2172 374 2288 3600">
     <span class='ocr_line' id='line_1_99' title="bbox 2246 374 2288 540; baseline 0.19 -102"><span class='ocrx_word' id='word_1_799' title='bbox 2246 374 2288 540; x_wconf 95' lang='lat' dir='ltr'><strong>    </strong></span> 
     </span>
     <span class='ocr_line' id='line_1_100' title="bbox 2246 540 2288 739; baseline -0.19 -101"><span class='ocrx_word' id='word_1_800' title='bbox 2246 540 2288 739; x_wconf 95' lang='lat' dir='ltr'><strong>     </strong></span> 
     </span>
     <span class='ocr_line' id='line_1_101' title="bbox 2266 739 2288 840; baseline 0 0"><span class='ocrx_word' id='word_1_801' title='bbox 2266 739 2288 840; x_wconf 95' lang='lat' dir='ltr'><strong>   </strong></span> 
     </span>
     <span class='ocr_line' id='line_1_102' title="bbox 2274 840 2288 988; baseline 0 -44"><span class='ocrx_word' id='word_1_802' title='bbox 2274 840 2288 988; x_wconf 95' lang='lat' dir='ltr'><strong>  </strong></span> 
     </span>
     <span class='ocr_line' id='line_1_103' title="bbox 2227 988 2288 1126; baseline 0.016 -94"><span class='ocrx_word' id='word_1_803' title='bbox 2227 988 2288 1126; x_wconf 95' lang='lat' dir='ltr'><strong>    </strong></span> 
     </span>
     <span class='ocr_line' id='line_1_104' title="bbox 2279 1126 2288 1183; baseline 0 -10"><span class='ocrx_word' id='word_1_804' title='bbox 2279 1126 2288 1183; x_wconf 95' lang='lat' dir='ltr'><strong>   </strong></span> 
     </span>
     <span class='ocr_line' id='line_1_105' title="bbox 2218 1183 2288 1312; baseline 0 -48"><span class='ocrx_word' id='word_1_805' title='bbox 2218 1183 2288 1312; x_wconf 95' lang='lat' dir='ltr'><strong>   </strong></span> 
     </span>
     <span class='ocr_line' id='line_1_106' title="bbox 2217 1312 2288 1415; baseline 0 -54"><span class='ocrx_word' id='word_1_806' title='bbox 2217 1312 2288 1415; x_wconf 95' lang='lat' dir='ltr'><strong>  </strong></span> 
     </span>
     <span class='ocr_line' id='line_1_107' title="bbox 2246 1421 2288 1614; baseline 0 0"><span class='ocrx_word' id='word_1_807' title='bbox 2246 1421 2288 1614; x_wconf 95' lang='lat' dir='ltr'><strong>   </strong></span> 
     </span>
     <span class='ocr_line' id='line_1_108' title="bbox 2236 1614 2288 1829; baseline 0 -44"><span class='ocrx_word' id='word_1_808' title='bbox 2236 1614 2288 1829; x_wconf 95' lang='lat' dir='ltr'><strong>    </strong></span> 
     </span>
     <span class='ocr_line' id='line_1_109' title="bbox 2224 1829 2288 1965; baseline 0 0"><span class='ocrx_word' id='word_1_809' title='bbox 2224 1829 2288 1965; x_wconf 95' lang='lat' dir='ltr'><strong>   </strong></span> 
     </span>
     <span class='ocr_line' id='line_1_110' title="bbox 2249 1976 2288 2221; baseline 0 -49"><span class='ocrx_word' id='word_1_810' title='bbox 2249 1976 2288 2221; x_wconf 95' lang='lat' dir='ltr'><strong>     </strong></span> 
     </span>
     <span class='ocr_line' id='line_1_111' title="bbox 2208 2221 2288 2279; baseline 0 1321"><span class='ocrx_word' id='word_1_811' title='bbox 2208 2221 2288 2279; x_wconf 95' lang='lat' dir='ltr'><strong> </strong></span> 
     </span>
     <span class='ocr_line' id='line_1_112' title="bbox 2172 2680 2288 2976; baseline 0 0"><span class='ocrx_word' id='word_1_812' title='bbox 2172 2680 2288 2976; x_wconf 95' lang='lat' dir='ltr'><strong>     </strong></span> 
     </span>
     <span class='ocr_line' id='line_1_113' title="bbox 2172 2976 2288 3223; baseline -0.034 -146"><span class='ocrx_word' id='word_1_813' title='bbox 2172 2976 2288 3223; x_wconf 95' lang='lat' dir='ltr'><strong>    </strong></span> 
     </span>
     <span class='ocr_line' id='line_1_114' title="bbox 2176 3223 2288 3427; baseline 0 0"><span class='ocrx_word' id='word_1_814' title='bbox 2176 3223 2288 3427; x_wconf 95' lang='lat' dir='ltr'><strong>  </strong></span> 
     </span>
     <span class='ocr_line' id='line_1_115' title="bbox 2188 3427 2288 3600; baseline 0 -55"><span class='ocrx_word' id='word_1_815' title='bbox 2188 3427 2288 3600; x_wconf 95' lang='lat' dir='ltr'><strong>  </strong></span> 
     </span>
    </p>
   </div>
   <div class='ocr_carea' id='block_1_14' title="bbox 1352 1446 2263 1588">
    <p class='ocr_par' dir='ltr' id='par_1_15' title="bbox 1352 1446 2263 1588">
     <span class='ocr_line' id='line_1_116' title="bbox 1425 1446 2263 1497; baseline -0.002 -13"><span class='ocrx_word' id='word_1_816' title='bbox 1425 1446 1598 1495; x_wconf 87' lang='grc' dir='ltr'>Νέομαι</span> <span class='ocrx_word' id='word_1_817' title='bbox 1614 1452 1721 1482; x_wconf 78' lang='lat' dir='ltr'><strong>venio.</strong></span> <span class='ocrx_word' id='word_1_818' title='bbox 1752 1446 1910 1496; x_wconf 85' lang='grc' dir='ltr'>Κρέοντα</span> <span class='ocrx_word' id='word_1_819' title='bbox 1991 1449 2090 1497; x_wconf 83' lang='grc' dir='ltr'>δεῦρο</span> <span class='ocrx_word' id='word_1_820' title='bbox 2114 1446 2263 1483; x_wconf 64' lang='grc' dir='ltr'>νεῖσθαι</span> 
     </span>
     <span class='ocr_line' id='line_1_117' title="bbox 1352 1493 2254 1544; baseline -0.002 -14"><span class='ocrx_word' id='word_1_821' title='bbox 1352 1500 1442 1532; x_wconf 84' lang='grc' dir='ltr'>τοῖσι</span> <span class='ocrx_word' id='word_1_822' title='bbox 1469 1496 1517 1543; x_wconf 84' lang='grc' dir='ltr'><strong>μὴ</strong></span> <span class='ocrx_word' id='word_1_823' title='bbox 1535 1496 1658 1531; x_wconf 83' lang='grc' dir='ltr'>εἰδόσιν</span> <span class='ocrx_word' id='word_1_824' title='bbox 1679 1501 1772 1544; x_wconf 86' lang='grc' dir='ltr'>σαφῆ</span> <span class='ocrx_word' id='word_1_825' title='bbox 1797 1496 2058 1544; x_wconf 74' lang='grc' dir='ltr'>προκηρύξοντα</span> <span class='ocrx_word' id='word_1_826' title='bbox 2075 1498 2157 1529; x_wconf 88' lang='lat' dir='ltr'><strong>Ant.</strong></span> <span class='ocrx_word' id='word_1_827' title='bbox 2180 1493 2254 1528; x_wconf 86' lang='grc'><strong>33.’</strong></span> 
     </span>
     <span class='ocr_line' id='line_1_118' title="bbox 1353 1546 2134 1588; baseline -0.001 -11"><span class='ocrx_word' id='word_1_828' title='bbox 1353 1555 1428 1577; x_wconf 89' lang='lat' dir='ltr'><strong>rum</strong></span> <span class='ocrx_word' id='word_1_829' title='bbox 1446 1556 1487 1577; x_wconf 82' lang='lat' dir='ltr'><strong>an</strong></span> <span class='ocrx_word' id='word_1_830' title='bbox 1505 1555 1664 1586; x_wconf 87' lang='lat' dir='ltr'><strong>praesens</strong></span> <span class='ocrx_word' id='word_1_831' title='bbox 1683 1555 1757 1577; x_wconf 81' lang='lat' dir='ltr'><strong>esse</strong></span> <span class='ocrx_word' id='word_1_832' title='bbox 1774 1550 1887 1587; x_wconf 86' lang='lat' dir='ltr'><strong>putes,</strong></span> <span class='ocrx_word' id='word_1_833' title='bbox 1909 1546 2051 1588; x_wconf 86' lang='lat' dir='ltr'><strong>perinde</strong></span> <span class='ocrx_word' id='word_1_834' title='bbox 2070 1549 2134 1577; x_wconf 81' lang='lat' dir='ltr'><strong>est.</strong></span> 
     </span>
    </p>
   </div>
   <div class='ocr_carea' id='block_1_15' title="bbox 1424 1599 2110 1649">
    <p class='ocr_par' dir='ltr' id='par_1_16' title="bbox 1424 1599 2110 1649">
     <span class='ocr_line' id='line_1_119' title="bbox 1424 1599 2110 1649; baseline 0.001 -12"><span class='ocrx_word' id='word_1_835' title='bbox 1424 1599 1653 1649; x_wconf 86' lang='grc' dir='ltr'>*Νεόομαι</span> <span class='ocrx_word' id='word_1_836' title='bbox 1672 1605 1723 1636; x_wconf 87' lang='lat' dir='ltr'><strong>vel</strong></span> <span class='ocrx_word' id='word_1_837' title='bbox 1749 1608 1817 1637; x_wconf 84' lang='grc' dir='ltr'><strong>νεῶ</strong></span> <span class='ocrx_word' id='word_1_838' title='bbox 1837 1616 1869 1638; x_wconf 88' lang='lat' dir='ltr'><strong>v.</strong></span> <span class='ocrx_word' id='word_1_839' title='bbox 1892 1601 2110 1649; x_wconf 82' lang='grc' dir='ltr'>ἀνανεόομαι.</span> 
     </span>
    </p>
   </div>
   <div class='ocr_carea' id='block_1_16' title="bbox 1356 1654 2277 1804">
    <p class='ocr_par' dir='ltr' id='par_1_17' title="bbox 1356 1654 2277 1804">
     <span class='ocr_line' id='line_1_120' title="bbox 1424 1654 2277 1708; baseline -0.002 -11"><span class='ocrx_word' id='word_1_840' title='bbox 1424 1660 1461 1681; x_wconf 78' lang='grc'><strong>**</strong></span> <span class='ocrx_word' id='word_1_841' title='bbox 1471 1658 1503 1697; x_wconf 91' lang='grc' dir='ltr'>Ν</span> <span class='ocrx_word' id='word_1_842' title='bbox 1514 1674 1529 1695; x_wconf 85' lang='grc' dir='ltr'><strong>ε</strong></span> <span class='ocrx_word' id='word_1_843' title='bbox 1539 1658 1560 1696; x_wconf 74' lang='grc' dir='ltr'><strong>δ’</strong></span> <span class='ocrx_word' id='word_1_844' title='bbox 1569 1674 1593 1695; x_wconf 90' lang='grc' dir='ltr'>π</span> <span class='ocrx_word' id='word_1_845' title='bbox 1603 1660 1624 1696; x_wconf 88' lang='grc' dir='ltr'>λ</span> <span class='ocrx_word' id='word_1_846' title='bbox 1634 1655 1653 1696; x_wconf 81' lang='grc' dir='ltr'>ὖ</span> <span class='ocrx_word' id='word_1_847' title='bbox 1663 1674 1680 1695; x_wconf 94' lang='grc' dir='ltr'><strong>ν</strong></span> <span class='ocrx_word' id='word_1_848' title='bbox 1689 1661 1712 1708; x_wconf 75' lang='grc' dir='ltr'>ἡ</span> <span class='ocrx_word' id='word_1_849' title='bbox 1724 1675 1740 1701; x_wconf 87' lang='grc' dir='ltr'><strong>ς</strong></span> <span class='ocrx_word' id='word_1_850' title='bbox 1756 1674 1867 1696; x_wconf 71' lang='lat' dir='ltr'><strong>&#39;recens</strong></span> <span class='ocrx_word' id='word_1_851' title='bbox 1881 1665 1977 1696; x_wconf 73' lang='lat' dir='ltr'><strong>lotus.</strong></span> <span class='ocrx_word' id='word_1_852' title='bbox 2005 1659 2206 1700; x_wconf 86' lang='grc' dir='ltr'>νεοπλυνεῖς</span> <span class='ocrx_word' id='word_1_853' title='bbox 2221 1654 2262 1695; x_wconf 48' lang='grc' dir='ltr'><strong>δ”</strong></span> <span class='ocrx_word' id='word_1_854' title='bbox 2275 1696 2277 1699; x_wconf 26' lang='lat'><strong>⁴</strong></span> 
     </span>
     <span class='ocr_line' id='line_1_121' title="bbox 1356 1705 2258 1752; baseline -0.001 -9"><span class='ocrx_word' id='word_1_855' title='bbox 1356 1708 1457 1748; x_wconf 81' lang='grc' dir='ltr'>δὺτας</span> <span class='ocrx_word' id='word_1_856' title='bbox 1483 1711 1619 1744; x_wconf 88' lang='lat' dir='ltr'><strong>Nausic.</strong></span> <span class='ocrx_word' id='word_1_857' title='bbox 1654 1712 1695 1742; x_wconf 86' lang='lat' dir='ltr'><strong>fr.</strong></span> <span class='ocrx_word' id='word_1_858' title='bbox 1725 1707 1806 1743; x_wconf 85' lang='lat'><strong>391.</strong></span> <span class='ocrx_word' id='word_1_859' title='bbox 1852 1710 2017 1752; x_wconf 84' lang='lat' dir='ltr'><strong>Corrupte</strong></span> <span class='ocrx_word' id='word_1_860' title='bbox 2043 1711 2122 1741; x_wconf 91' lang='lat' dir='ltr'><strong>olim</strong></span> <span class='ocrx_word' id='word_1_861' title='bbox 2154 1705 2229 1742; x_wconf 84' lang='grc' dir='ltr'>λινο</span> <span class='ocrx_word' id='word_1_862' title='bbox 2240 1720 2258 1733; x_wconf 85' lang='lat'><strong>=·</strong></span> 
     </span>
     <span class='ocr_line' id='line_1_122' title="bbox 1356 1754 2182 1804; baseline 0 -15"><span class='ocrx_word' id='word_1_863' title='bbox 1356 1759 1567 1790; x_wconf 86' lang='lat' dir='ltr'><strong>scribebatur</strong></span> <span class='ocrx_word' id='word_1_864' title='bbox 1594 1755 1702 1802; x_wconf 84' lang='lat' dir='ltr'><strong>[nunc</strong></span> <span class='ocrx_word' id='word_1_865' title='bbox 1719 1755 1905 1804; x_wconf 79' lang='grc' dir='ltr'>λινογενεῖς</span> <span class='ocrx_word' id='word_1_866' title='bbox 1922 1759 2047 1798; x_wconf 85' lang='lat' dir='ltr'><strong>legitur</strong></span> <span class='ocrx_word' id='word_1_867' title='bbox 2063 1767 2096 1798; x_wconf 88' lang='lat' dir='ltr'><strong>q.</strong></span> <span class='ocrx_word' id='word_1_868' title='bbox 2119 1754 2182 1800; x_wconf 84' lang='lat' dir='ltr'><strong>v.].</strong></span> 
     </span>
    </p>
   </div>
   <div class='ocr_carea' id='block_1_17' title="bbox 1354 1812 2287 1990">
    <p class='ocr_par' dir='ltr' id='par_1_18' title="bbox 1354 1812 2287 1990">
     <span class='ocr_line' id='line_1_123' title="bbox 1425 1812 2202 1854; baseline -0.003 -4"><span class='ocrx_word' id='word_1_869' title='bbox 1425 1812 1458 1850; x_wconf 91' lang='lat' dir='ltr'>N</span> <span class='ocrx_word' id='word_1_870' title='bbox 1467 1827 1482 1849; x_wconf 92' lang='grc' dir='ltr'><strong>ε</strong></span> <span class='ocrx_word' id='word_1_871' title='bbox 1493 1814 1509 1850; x_wconf 91' lang='grc' dir='ltr'><strong>ό</strong></span> <span class='ocrx_word' id='word_1_872' title='bbox 1520 1827 1544 1849; x_wconf 87' lang='grc' dir='ltr'>π</span> <span class='ocrx_word' id='word_1_873' title='bbox 1555 1827 1572 1849; x_wconf 94' lang='grc' dir='ltr'><strong>ο</strong></span> <span class='ocrx_word' id='word_1_874' title='bbox 1582 1827 1605 1849; x_wconf 87' lang='grc' dir='ltr'>κ</span> <span class='ocrx_word' id='word_1_875' title='bbox 1615 1828 1631 1849; x_wconf 92' lang='grc' dir='ltr'><strong>ο</strong></span> <span class='ocrx_word' id='word_1_876' title='bbox 1643 1828 1658 1854; x_wconf 84' lang='grc' dir='ltr'><strong>ς</strong></span> <span class='ocrx_word' id='word_1_877' title='bbox 1675 1826 1788 1849; x_wconf 78' lang='lat' dir='ltr'><strong>recem</strong></span> <span class='ocrx_word' id='word_1_878' title='bbox 1797 1817 1961 1852; x_wconf 67' lang='lat' dir='ltr'><strong>detonsus.</strong></span> <span class='ocrx_word' id='word_1_879' title='bbox 1985 1813 2057 1854; x_wconf 83' lang='grc' dir='ltr'>οἰὸς</span> <span class='ocrx_word' id='word_1_880' title='bbox 2073 1812 2202 1849; x_wconf 84' lang='grc' dir='ltr'>νεοπόκ</span> 
     </span>
     <span class='ocr_line' id='line_1_124' title="bbox 1354 1858 2261 1896; baseline 0.001 -1"><span class='ocrx_word' id='word_1_881' title='bbox 1354 1863 1409 1895; x_wconf 86' lang='lat' dir='ltr'><strong>OG</strong></span> <span class='ocrx_word' id='word_1_882' title='bbox 1421 1861 1501 1895; x_wconf 90' lang='grc'><strong>475.</strong></span> <span class='ocrx_word' id='word_1_883' title='bbox 1525 1863 1660 1895; x_wconf 82' lang='lat' dir='ltr'><strong>Canteri</strong></span> <span class='ocrx_word' id='word_1_884' title='bbox 1679 1865 1870 1896; x_wconf 86' lang='lat' dir='ltr'><strong>emendatio</strong></span> <span class='ocrx_word' id='word_1_885' title='bbox 1886 1865 1982 1896; x_wconf 82' lang='lat' dir='ltr'><strong>haec.</strong></span> <span class='ocrx_word' id='word_1_886' title='bbox 2011 1863 2105 1896; x_wconf 87' lang='lat' dir='ltr'><strong>Libri</strong></span> <span class='ocrx_word' id='word_1_887' title='bbox 2121 1873 2179 1896; x_wconf 87' lang='grc' dir='ltr'><strong>νεο</strong></span> <span class='ocrx_word' id='word_1_888' title='bbox 2234 1858 2261 1886; x_wconf 66' lang='grc'><strong>-’“”</strong></span> 
     </span>
     <span class='ocr_line' id='line_1_125' title="bbox 1354 1907 2287 1953; baseline 0 -11"><span class='ocrx_word' id='word_1_889' title='bbox 1354 1911 1442 1952; x_wconf 90' lang='lat' dir='ltr'><strong>quod</strong></span> <span class='ocrx_word' id='word_1_890' title='bbox 1468 1911 1527 1942; x_wconf 89' lang='lat' dir='ltr'><strong>LA</strong></span> <span class='ocrx_word' id='word_1_891' title='bbox 1545 1908 1744 1945; x_wconf 83' lang='grc' dir='ltr'>οἷνεοτόκωι</span> <span class='ocrx_word' id='word_1_892' title='bbox 1771 1921 1871 1953; x_wconf 88' lang='lat' dir='ltr'><strong>supra</strong></span> <span class='ocrx_word' id='word_1_893' title='bbox 1888 1912 2014 1953; x_wconf 88' lang='lat' dir='ltr'><strong>scripto</strong></span> <span class='ocrx_word' id='word_1_894' title='bbox 2032 1907 2210 1950; x_wconf 81' lang='grc' dir='ltr'>οἰοπόκωι,</span> <span class='ocrx_word' id='word_1_895' title='bbox 2284 1919 2287 1924; x_wconf 91' lang='grc'><strong>’</strong></span> 
     </span>
     <span class='ocr_line' id='line_1_126' title="bbox 1355 1958 2264 1990; baseline 0 -1"><span class='ocrx_word' id='word_1_896' title='bbox 1355 1958 1571 1990; x_wconf 88' lang='lat' dir='ltr'><strong>Triclinianis</strong></span> <span class='ocrx_word' id='word_1_897' title='bbox 1587 1962 1650 1990; x_wconf 90' lang='lat' dir='ltr'><strong>est.</strong></span> <span class='ocrx_word' id='word_1_898' title='bbox 2262 1962 2264 1966; x_wconf 79' lang='grc'>’</span> 
     </span>
    </p>
   </div>
   <div class='ocr_carea' id='block_1_18' title="bbox 1353 1991 2288 2247">
    <p class='ocr_par' dir='ltr' id='par_1_19' title="bbox 1353 1991 2288 2247">
     <span class='ocr_line' id='line_1_127' title="bbox 2223 1991 2249 2006; baseline 0 -3"><span class='ocrx_word' id='word_1_899' title='bbox 2223 1991 2249 2006; x_wconf 73' lang='grc' dir='ltr'><strong>ιΙ</strong></span> 
     </span>
     <span class='ocr_line' id='line_1_128' title="bbox 1424 2012 2288 2062; baseline -0.002 -12"><span class='ocrx_word' id='word_1_900' title='bbox 1424 2012 1739 2062; x_wconf 86' lang='grc' dir='ltr'>Νεοπτόλεμος</span> <span class='ocrx_word' id='word_1_901' title='bbox 1770 2027 1802 2049; x_wconf 91' lang='lat' dir='ltr'><strong>n.</strong></span> <span class='ocrx_word' id='word_1_902' title='bbox 1824 2027 1873 2058; x_wconf 89' lang='lat' dir='ltr'><strong>pr.</strong></span> <span class='ocrx_word' id='word_1_903' title='bbox 1903 2014 2062 2060; x_wconf 78' lang='grc' dir='ltr'>αὐδῶμαι</span> <span class='ocrx_word' id='word_1_904' title='bbox 2086 2013 2124 2050; x_wconf 85' lang='grc' dir='ltr'><strong>δὲ</strong></span> <span class='ocrx_word' id='word_1_905' title='bbox 2141 2015 2224 2052; x_wconf 83' lang='grc' dir='ltr'>παῖς</span> <span class='ocrx_word' id='word_1_906' title='bbox 2247 2037 2250 2039; x_wconf 31' lang='lat'><strong>⁴</strong></span> <span class='ocrx_word' id='word_1_907' title='bbox 2286 2029 2288 2058; x_wconf 72' lang='lat' dir='ltr'>j</span> 
     </span>
     <span class='ocr_line' id='line_1_129' title="bbox 1353 2060 2241 2109; baseline -0.004 -13"><span class='ocrx_word' id='word_1_908' title='bbox 1353 2061 1463 2104; x_wconf 85' lang='grc' dir='ltr'>λέως,</span> <span class='ocrx_word' id='word_1_909' title='bbox 1493 2060 1739 2109; x_wconf 84' lang='grc' dir='ltr'>Νεοπτόλεμος</span> <span class='ocrx_word' id='word_1_910' title='bbox 1768 2064 1828 2096; x_wconf 89' lang='lat' dir='ltr'><strong>Ph.</strong></span> <span class='ocrx_word' id='word_1_911' title='bbox 1850 2060 1931 2096; x_wconf 84' lang='lat'><strong>241.</strong></span> <span class='ocrx_word' id='word_1_912' title='bbox 1960 2060 2199 2109; x_wconf 79' lang='grc' dir='ltr'>ὦἈχιλλέως</span> <span class='ocrx_word' id='word_1_913' title='bbox 2225 2073 2241 2092; x_wconf 72' lang='lat'><strong>--1</strong></span> 
     </span>
     <span class='ocr_line' id='line_1_130' title="bbox 1354 2107 2288 2157; baseline -0.003 -13"><span class='ocrx_word' id='word_1_914' title='bbox 1354 2109 1526 2156; x_wconf 86' lang='grc' dir='ltr'>οπτόλεμε</span> <span class='ocrx_word' id='word_1_915' title='bbox 1551 2112 1612 2144; x_wconf 93' lang='lat' dir='ltr'><strong>Ph.</strong></span> <span class='ocrx_word' id='word_1_916' title='bbox 1633 2108 1655 2142; x_wconf 84' lang='lat'>4</span> <span class='ocrx_word' id='word_1_917' title='bbox 1681 2121 1758 2142; x_wconf 87' lang='lat' dir='ltr'><strong>cum</strong></span> <span class='ocrx_word' id='word_1_918' title='bbox 1777 2111 1925 2151; x_wconf 86' lang='lat' dir='ltr'><strong>synizesi</strong></span> <span class='ocrx_word' id='word_1_919' title='bbox 1943 2111 2086 2142; x_wconf 89' lang='lat' dir='ltr'><strong>duorum</strong></span> <span class='ocrx_word' id='word_1_920' title='bbox 2103 2110 2191 2151; x_wconf 83' lang='lat' dir='ltr'><strong>prior</strong></span> <span class='ocrx_word' id='word_1_921' title='bbox 2224 2122 2249 2157; x_wconf 67' lang='lat'><strong>&#39;-</strong></span> <span class='ocrx_word' id='word_1_922' title='bbox 2273 2107 2288 2133; x_wconf 52' lang='lat'><strong>&#39;⁸¹</strong></span> 
     </span>
     <span class='ocr_line' id='line_1_131' title="bbox 1354 2156 2248 2200; baseline -0.003 -10"><span class='ocrx_word' id='word_1_923' title='bbox 1354 2160 1483 2190; x_wconf 90' lang='lat' dir='ltr'><strong>barum.</strong></span> <span class='ocrx_word' id='word_1_924' title='bbox 1506 2169 1537 2191; x_wconf 78' lang='lat' dir='ltr'><strong>v,</strong></span> <span class='ocrx_word' id='word_1_925' title='bbox 1559 2158 1675 2190; x_wconf 88' lang='lat' dir='ltr'><strong>Herm.</strong></span> <span class='ocrx_word' id='word_1_926' title='bbox 1698 2162 1787 2190; x_wconf 85' lang='lat' dir='ltr'><strong>recte</strong></span> <span class='ocrx_word' id='word_1_927' title='bbox 1806 2161 1920 2190; x_wconf 87' lang='lat' dir='ltr'><strong>contra</strong></span> <span class='ocrx_word' id='word_1_928' title='bbox 1938 2158 2095 2190; x_wconf 86' lang='lat' dir='ltr'><strong>Elmsleii</strong></span> <span class='ocrx_word' id='word_1_929' title='bbox 2113 2156 2199 2198; x_wconf 74' lang='lat' dir='ltr'><strong>placi</strong></span> <span class='ocrx_word' id='word_1_930' title='bbox 2225 2158 2248 2200; x_wconf 60' lang='lat' dir='ltr'><strong>»J</strong></span> 
     </span>
     <span class='ocr_line' id='line_1_132' title="bbox 1354 2200 2243 2247; baseline 0.001 -10"><span class='ocrx_word' id='word_1_931' title='bbox 1354 2209 1458 2247; x_wconf 89' lang='lat' dir='ltr'><strong>petuo</strong></span> <span class='ocrx_word' id='word_1_932' title='bbox 1474 2207 1523 2237; x_wconf 89' lang='lat' dir='ltr'><strong>ita</strong></span> <span class='ocrx_word' id='word_1_933' title='bbox 1540 2206 1614 2237; x_wconf 87' lang='lat' dir='ltr'><strong>fleri</strong></span> <span class='ocrx_word' id='word_1_934' title='bbox 1632 2210 1824 2245; x_wconf 83' lang='lat' dir='ltr'><strong>negantem.</strong></span> <span class='ocrx_word' id='word_1_935' title='bbox 2239 2200 2243 2224; x_wconf 76' lang='lat'>1</span> 
     </span>
    </p>
   </div>
   <div class='ocr_carea' id='block_1_19' title="bbox 1425 2260 1876 2310">
    <p class='ocr_par' dir='ltr' id='par_1_20' title="bbox 1425 2260 1876 2310">
     <span class='ocr_line' id='line_1_133' title="bbox 1425 2260 1876 2310; baseline -0.004 -12"><span class='ocrx_word' id='word_1_936' title='bbox 1425 2260 1652 2310; x_wconf 79' lang='grc' dir='ltr'>*Νέοργος</span> <span class='ocrx_word' id='word_1_937' title='bbox 1673 2275 1705 2295; x_wconf 91' lang='lat' dir='ltr'><strong>v.</strong></span> <span class='ocrx_word' id='word_1_938' title='bbox 1725 2262 1876 2310; x_wconf 87' lang='grc' dir='ltr'>νέορτος.</span> 
     </span>
    </p>
   </div>
   <div class='ocr_carea' id='block_1_20' title="bbox 1354 2318 2273 3480">
    <p class='ocr_par' dir='ltr' id='par_1_21' title="bbox 1354 2313 2267 2463">
     <span class='ocr_line' id='line_1_134' title="bbox 1425 2318 2217 2369; baseline -0.005 -14"><span class='ocrx_word' id='word_1_939' title='bbox 1425 2318 1681 2369; x_wconf 88' lang='grc' dir='ltr'>Νεόρραντο</span> <span class='ocrx_word' id='word_1_940' title='bbox 1694 2334 1709 2360; x_wconf 89' lang='grc' dir='ltr'><strong>ς</strong></span> <span class='ocrx_word' id='word_1_941' title='bbox 1741 2332 1851 2354; x_wconf 79' lang='lat' dir='ltr'><strong>recens</strong></span> <span class='ocrx_word' id='word_1_942' title='bbox 1885 2322 2097 2353; x_wconf 52' lang='lat' dir='ltr'><strong>humectatum</strong></span> <span class='ocrx_word' id='word_1_943' title='bbox 2142 2320 2217 2352; x_wconf 65' lang='lat' dir='ltr'><strong>Non*</strong></span> 
     </span>
     <span class='ocr_line' id='line_1_135' title="bbox 1355 2364 2237 2415; baseline -0.001 -14"><span class='ocrx_word' id='word_1_944' title='bbox 1355 2371 1420 2401; x_wconf 84' lang='lat' dir='ltr'><strong>nisi</strong></span> <span class='ocrx_word' id='word_1_945' title='bbox 1446 2370 1487 2401; x_wconf 87' lang='lat' dir='ltr'><strong>de</strong></span> <span class='ocrx_word' id='word_1_946' title='bbox 1505 2370 1615 2409; x_wconf 86' lang='lat' dir='ltr'><strong>gladio</strong></span> <span class='ocrx_word' id='word_1_947' title='bbox 1640 2374 1789 2402; x_wconf 80' lang='lat' dir='ltr'><strong>cruento.</strong></span> <span class='ocrx_word' id='word_1_948' title='bbox 1821 2367 1879 2402; x_wconf 85' lang='grc' dir='ltr'><strong>σὺν</strong></span> <span class='ocrx_word' id='word_1_949' title='bbox 1905 2366 2097 2415; x_wconf 82' lang='grc' dir='ltr'>νεορράντῳ</span> <span class='ocrx_word' id='word_1_950' title='bbox 2122 2364 2237 2413; x_wconf 77' lang='grc' dir='ltr'>ξίφει,</span> 
     </span>
     <span class='ocr_line' id='line_1_136' title="bbox 1354 2413 2267 2463; baseline -0.001 -14"><span class='ocrx_word' id='word_1_951' title='bbox 1354 2415 1431 2463; x_wconf 83' lang='grc' dir='ltr'>περὶ</span> <span class='ocrx_word' id='word_1_952' title='bbox 1445 2415 1638 2463; x_wconf 83' lang='grc' dir='ltr'>νεορράντῳ</span> <span class='ocrx_word' id='word_1_953' title='bbox 1657 2415 1745 2463; x_wconf 81' lang='grc' dir='ltr'>ξίφει</span> <span class='ocrx_word' id='word_1_954' title='bbox 1762 2413 1841 2449; x_wconf 86' lang='grc'><strong>828.</strong></span> <span class='ocrx_word' id='word_1_955' title='bbox 2236 2435 2241 2459; x_wconf 72' lang='lat'><em>5</em></span> <span class='ocrx_word' id='word_1_956' title='bbox 2263 2430 2267 2432; x_wconf 54' lang='lat'>&gt;</span> 
     </span>
    </p>

    <p class='ocr_par' dir='ltr' id='par_1_22' title="bbox 1355 2461 2242 2568">
     <span class='ocr_line' id='line_1_137' title="bbox 1426 2468 2191 2522; baseline -0.002 -14"><span class='ocrx_word' id='word_1_957' title='bbox 1426 2471 1457 2509; x_wconf 91' lang='lat' dir='ltr'>N</span> <span class='ocrx_word' id='word_1_958' title='bbox 1469 2486 1483 2507; x_wconf 84' lang='grc' dir='ltr'><strong>ε</strong></span> <span class='ocrx_word' id='word_1_959' title='bbox 1495 2474 1511 2508; x_wconf 90' lang='grc' dir='ltr'><strong>ό</strong></span> <span class='ocrx_word' id='word_1_960' title='bbox 1524 2487 1540 2522; x_wconf 91' lang='grc' dir='ltr'>ρ</span> <span class='ocrx_word' id='word_1_961' title='bbox 1552 2486 1568 2521; x_wconf 88' lang='grc' dir='ltr'>ρ</span> <span class='ocrx_word' id='word_1_962' title='bbox 1579 2468 1626 2508; x_wconf 79' lang='grc' dir='ltr'><strong>ὔτ</strong></span> <span class='ocrx_word' id='word_1_963' title='bbox 1636 2486 1653 2508; x_wconf 91' lang='grc' dir='ltr'><strong>ο</strong></span> <span class='ocrx_word' id='word_1_964' title='bbox 1664 2487 1680 2512; x_wconf 85' lang='grc' dir='ltr'><strong>ς</strong></span> <span class='ocrx_word' id='word_1_965' title='bbox 1697 2484 1807 2506; x_wconf 75' lang='lat' dir='ltr'><strong>recens</strong></span> <span class='ocrx_word' id='word_1_966' title='bbox 1819 2475 1926 2515; x_wconf 74' lang='lat' dir='ltr'><strong>fusus.</strong></span> <span class='ocrx_word' id='word_1_967' title='bbox 1950 2471 2020 2518; x_wconf 80' lang='grc' dir='ltr'>ὁρῶ</span> <span class='ocrx_word' id='word_1_968' title='bbox 2037 2469 2191 2520; x_wconf 77' lang='grc' dir='ltr'>νεορρύτ</span> 
     </span>
     <span class='ocr_line' id='line_1_138' title="bbox 1355 2519 2233 2568; baseline 0.001 -13"><span class='ocrx_word' id='word_1_969' title='bbox 1355 2520 1527 2568; x_wconf 82' lang='grc' dir='ltr'>γάλακτος</span> <span class='ocrx_word' id='word_1_970' title='bbox 1546 2522 1598 2555; x_wconf 88' lang='lat' dir='ltr'><strong>El.</strong></span> <span class='ocrx_word' id='word_1_971' title='bbox 1618 2519 1698 2554; x_wconf 84' lang='grc'><strong>894.</strong></span> <span class='ocrx_word' id='word_1_972' title='bbox 2208 2523 2233 2556; x_wconf 66' lang='lat' dir='ltr'><strong><em>s</em></strong></span> 
     </span>
    </p>

    <p class='ocr_par' dir='ltr' id='par_1_23' title="bbox 1355 2571 2273 3481">
     <span class='ocr_line' id='line_1_139' title="bbox 1426 2573 2204 2628; baseline -0.004 -14"><span class='ocrx_word' id='word_1_973' title='bbox 1426 2577 1511 2614; x_wconf 86' lang='grc' dir='ltr'><strong>Νέο</strong></span> <span class='ocrx_word' id='word_1_974' title='bbox 1522 2592 1566 2628; x_wconf 89' lang='grc' dir='ltr'><strong>ρτ</strong></span> <span class='ocrx_word' id='word_1_975' title='bbox 1578 2592 1620 2618; x_wconf 84' lang='grc' dir='ltr'><strong>ος</strong></span> <span class='ocrx_word' id='word_1_976' title='bbox 1637 2590 1746 2612; x_wconf 79' lang='lat' dir='ltr'><strong>recens</strong></span> <span class='ocrx_word' id='word_1_977' title='bbox 1763 2584 1904 2612; x_wconf 63' lang='lat' dir='ltr'><strong>exortus.</strong></span> <span class='ocrx_word' id='word_1_978' title='bbox 1932 2578 1965 2613; x_wconf 86' lang='grc' dir='ltr'><strong>τί</strong></span> <span class='ocrx_word' id='word_1_979' title='bbox 1989 2573 2017 2612; x_wconf 83' lang='grc' dir='ltr'><strong>δ’</strong></span> <span class='ocrx_word' id='word_1_980' title='bbox 2036 2576 2125 2612; x_wconf 83' lang='grc' dir='ltr'>ἐστὶν</span> <span class='ocrx_word' id='word_1_981' title='bbox 2148 2575 2204 2618; x_wconf 77' lang='grc' dir='ltr'><strong>νέο</strong></span> 
     </span>
     <span class='ocr_line' id='line_1_140' title="bbox 1355 2619 2270 2672; baseline -0.001 -13"><span class='ocrx_word' id='word_1_982' title='bbox 1355 2628 1409 2659; x_wconf 88' lang='lat' dir='ltr'><strong>OC</strong></span> <span class='ocrx_word' id='word_1_983' title='bbox 1434 2625 1532 2660; x_wconf 78' lang='grc'><strong>1507.</strong></span> <span class='ocrx_word' id='word_1_984' title='bbox 1562 2627 1676 2661; x_wconf 82' lang='grc' dir='ltr'>ἔτεκεν</span> <span class='ocrx_word' id='word_1_985' title='bbox 1702 2625 1854 2672; x_wconf 83' lang='grc' dir='ltr'>μεγάλαν</span> <span class='ocrx_word' id='word_1_986' title='bbox 1880 2626 1902 2660; x_wconf 80' lang='grc' dir='ltr'><strong><em>ἁ</em></strong></span> <span class='ocrx_word' id='word_1_987' title='bbox 1925 2625 2065 2672; x_wconf 88' lang='grc' dir='ltr'>νέορτος</span> <span class='ocrx_word' id='word_1_988' title='bbox 2089 2622 2151 2659; x_wconf 82' lang='grc' dir='ltr'><strong>ἅδε</strong></span> <span class='ocrx_word' id='word_1_989' title='bbox 2210 2619 2224 2632; x_wconf 90' lang='grc'><em>“</em></span> <span class='ocrx_word' id='word_1_990' title='bbox 2268 2667 2270 2670; x_wconf 15' lang='lat' dir='ltr'>y</span> 
     </span>
     <span class='ocr_line' id='line_1_141' title="bbox 1357 2669 2248 2720; baseline -0.006 -12"><span class='ocrx_word' id='word_1_991' title='bbox 1357 2685 1449 2720; x_wconf 91' lang='grc' dir='ltr'>μοισι</span> <span class='ocrx_word' id='word_1_992' title='bbox 1475 2669 1581 2708; x_wconf 79' lang='grc' dir='ltr'>τοῖσδ’</span> <span class='ocrx_word' id='word_1_993' title='bbox 1607 2671 1739 2720; x_wconf 78' lang='grc' dir='ltr'>Ἐρινύν</span> <span class='ocrx_word' id='word_1_994' title='bbox 1759 2675 1814 2707; x_wconf 86' lang='lat' dir='ltr'><strong>Tr.</strong></span> <span class='ocrx_word' id='word_1_995' title='bbox 1835 2671 1904 2706; x_wconf 84' lang='grc'><strong>894</strong></span> <span class='ocrx_word' id='word_1_996' title='bbox 1922 2675 1974 2707; x_wconf 88' lang='lat' dir='ltr'><strong>ch.</strong></span> <span class='ocrx_word' id='word_1_997' title='bbox 2005 2674 2099 2704; x_wconf 78' lang='lat' dir='ltr'><strong>Libri</strong></span> <span class='ocrx_word' id='word_1_998' title='bbox 2116 2682 2161 2703; x_wconf 82' lang='grc' dir='ltr'><strong>οιι</strong></span> <span class='ocrx_word' id='word_1_999' title='bbox 2180 2674 2189 2694; x_wconf 60' lang='lat'><strong>·⁴</strong></span> <span class='ocrx_word' id='word_1_1000' title='bbox 2246 2679 2248 2684; x_wconf 80' lang='grc'><em>’</em></span> 
     </span>
     <span class='ocr_line' id='line_1_142' title="bbox 1355 2718 2223 2768; baseline 0.001 -16"><span class='ocrx_word' id='word_1_1001' title='bbox 1355 2733 1413 2759; x_wconf 79' lang='grc' dir='ltr'><strong>τος</strong></span> <span class='ocrx_word' id='word_1_1002' title='bbox 1438 2719 1521 2766; x_wconf 83' lang='lat' dir='ltr'><strong>[nisi</strong></span> <span class='ocrx_word' id='word_1_1003' title='bbox 1548 2722 1635 2763; x_wconf 88' lang='lat' dir='ltr'><strong>quod</strong></span> <span class='ocrx_word' id='word_1_1004' title='bbox 1661 2719 1700 2754; x_wconf 84' lang='grc' dir='ltr'><strong>ἀν</strong></span> <span class='ocrx_word' id='word_1_1005' title='bbox 1728 2718 1847 2768; x_wconf 79' lang='grc' dir='ltr'>ἕορτοσ</span> <span class='ocrx_word' id='word_1_1006' title='bbox 1876 2718 1951 2765; x_wconf 79' lang='lat' dir='ltr'><strong>LA]</strong></span> <span class='ocrx_word' id='word_1_1007' title='bbox 1983 2730 2048 2761; x_wconf 89' lang='lat' dir='ltr'><strong>quo</strong></span> <span class='ocrx_word' id='word_1_1008' title='bbox 2071 2722 2223 2761; x_wconf 35' lang='lat' dir='ltr'><strong>spec-stet„</strong></span> 
     </span>
     <span class='ocr_line' id='line_1_143' title="bbox 1356 2764 2222 2815; baseline -0.002 -14"><span class='ocrx_word' id='word_1_1009' title='bbox 1356 2766 1541 2814; x_wconf 81' lang='grc' dir='ltr'>ἀνέορτο</span> <span class='ocrx_word' id='word_1_1010' title='bbox 1554 2781 1568 2806; x_wconf 89' lang='grc' dir='ltr'><strong>ς</strong></span> <span class='ocrx_word' id='word_1_1011' title='bbox 1587 2766 1637 2808; x_wconf 82' lang='grc' dir='ltr'><strong>δέ,</strong></span> <span class='ocrx_word' id='word_1_1012' title='bbox 1655 2766 1727 2802; x_wconf 82' lang='grc' dir='ltr'>ἀντὶ</span> <span class='ocrx_word' id='word_1_1013' title='bbox 1741 2770 1800 2802; x_wconf 81' lang='grc' dir='ltr'><strong>τοῦ</strong></span> <span class='ocrx_word' id='word_1_1014' title='bbox 1815 2765 1838 2813; x_wconf 79' lang='grc' dir='ltr'>ἡ</span> <span class='ocrx_word' id='word_1_1015' title='bbox 1853 2766 1979 2815; x_wconf 83' lang='grc' dir='ltr'>αἰσχρὰ</span> <span class='ocrx_word' id='word_1_1016' title='bbox 1990 2764 2050 2801; x_wconf 79' lang='grc' dir='ltr'><strong>καὶ</strong></span> <span class='ocrx_word' id='word_1_1017' title='bbox 2062 2764 2147 2813; x_wconf 78' lang='grc' dir='ltr'>ἀπρε</span> <span class='ocrx_word' id='word_1_1018' title='bbox 2183 2805 2186 2806; x_wconf 19' lang='lat'><em>⁷</em></span> <span class='ocrx_word' id='word_1_1019' title='bbox 2206 2771 2222 2807; x_wconf 58' lang='lat' dir='ltr'><strong>fij</strong></span> 
     </span>
     <span class='ocr_line' id='line_1_144' title="bbox 1356 2812 2219 2862; baseline -0.007 -13"><span class='ocrx_word' id='word_1_1020' title='bbox 1356 2814 1378 2849; x_wconf 84' lang='grc' dir='ltr'><em>ἁ</em></span> <span class='ocrx_word' id='word_1_1021' title='bbox 1394 2814 1544 2862; x_wconf 85' lang='grc' dir='ltr'>νέορτος,</span> <span class='ocrx_word' id='word_1_1022' title='bbox 1572 2826 1673 2856; x_wconf 83' lang='lat' dir='ltr'><strong>quam</strong></span> <span class='ocrx_word' id='word_1_1023' title='bbox 1690 2817 1823 2848; x_wconf 79' lang='lat' dir='ltr'><strong>felicem</strong></span> <span class='ocrx_word' id='word_1_1024' title='bbox 1841 2815 2110 2847; x_wconf 87' lang='lat' dir='ltr'><strong>emendationem</strong></span> <span class='ocrx_word' id='word_1_1025' title='bbox 2127 2812 2219 2853; x_wconf 58' lang='lat' dir='ltr'><strong>deff</strong></span> 
     </span>
     <span class='ocr_line' id='line_1_145' title="bbox 1357 2856 2218 2907; baseline -0.001 -13"><span class='ocrx_word' id='word_1_1026' title='bbox 1357 2865 1435 2895; x_wconf 85' lang='lat' dir='ltr'><strong>deas</strong></span> <span class='ocrx_word' id='word_1_1027' title='bbox 1459 2872 1500 2894; x_wconf 84' lang='lat' dir='ltr'><strong>ex</strong></span> <span class='ocrx_word' id='word_1_1028' title='bbox 1529 2863 1651 2894; x_wconf 78' lang='lat' dir='ltr'><strong>scholio</strong></span> <span class='ocrx_word' id='word_1_1029' title='bbox 1676 2863 1799 2900; x_wconf 77' lang='lat' dir='ltr'><strong>altem,</strong></span> <span class='ocrx_word' id='word_1_1030' title='bbox 1829 2859 1852 2907; x_wconf 69' lang='grc' dir='ltr'>η</span> <span class='ocrx_word' id='word_1_1031' title='bbox 1878 2860 1999 2894; x_wconf 85' lang='grc' dir='ltr'>νεωστὶ</span> <span class='ocrx_word' id='word_1_1032' title='bbox 2025 2856 2218 2897; x_wconf 70' lang='grc' dir='ltr'>ἐνταῦθα,</span> 
     </span>
     <span class='ocr_line' id='line_1_146' title="bbox 1356 2904 2161 2955; baseline -0.003 -12"><span class='ocrx_word' id='word_1_1033' title='bbox 1356 2904 1460 2955; x_wconf 80' lang='grc' dir='ltr'>Ἰόλη.</span> <span class='ocrx_word' id='word_1_1034' title='bbox 1480 2928 1528 2933; x_wconf 92' lang='lat'>—</span> <span class='ocrx_word' id='word_1_1035' title='bbox 1543 2907 1603 2942; x_wconf 87' lang='grc' dir='ltr'><strong>τὰν</strong></span> <span class='ocrx_word' id='word_1_1036' title='bbox 1621 2907 1759 2955; x_wconf 87' lang='grc' dir='ltr'>νέορτον</span> <span class='ocrx_word' id='word_1_1037' title='bbox 1774 2905 1963 2953; x_wconf 83' lang='grc' dir='ltr'>“Ερμιόναν</span> <span class='ocrx_word' id='word_1_1038' title='bbox 1980 2908 2057 2941; x_wconf 90' lang='lat' dir='ltr'><strong>Hel.</strong></span> <span class='ocrx_word' id='word_1_1039' title='bbox 2078 2908 2118 2939; x_wconf 82' lang='lat' dir='ltr'><strong>sr.</strong></span> <span class='ocrx_word' id='word_1_1040' title='bbox 2139 2904 2161 2940; x_wconf 90' lang='grc'><strong>7</strong></span> 
     </span>
     <span class='ocr_line' id='line_1_147' title="bbox 1356 2954 2272 2996; baseline -0.002 -9"><span class='ocrx_word' id='word_1_1041' title='bbox 1356 2958 1578 2989; x_wconf 79' lang='lat' dir='ltr'><strong>lescentulnm.</strong></span> <span class='ocrx_word' id='word_1_1042' title='bbox 1619 2957 1674 2987; x_wconf 68' lang='lat' dir='ltr'><strong>Sic</strong></span> <span class='ocrx_word' id='word_1_1043' title='bbox 1692 2966 1774 2987; x_wconf 71' lang='lat' dir='ltr'><strong>corr.</strong></span> <span class='ocrx_word' id='word_1_1044' title='bbox 1798 2957 1926 2996; x_wconf 80' lang='lat' dir='ltr'><strong>Valck.‚</strong></span> <span class='ocrx_word' id='word_1_1045' title='bbox 1955 2955 2075 2986; x_wconf 85' lang='lat' dir='ltr'><strong>vitiose</strong></span> <span class='ocrx_word' id='word_1_1046' title='bbox 2092 2954 2171 2986; x_wconf 83' lang='lat' dir='ltr'><strong>olim</strong></span> <span class='ocrx_word' id='word_1_1047' title='bbox 2270 2970 2272 2981; x_wconf 56' lang='grc' dir='ltr'>ι</span> 
     </span>
     <span class='ocr_line' id='line_1_148' title="bbox 1355 2986 2273 3054; baseline 0.007 -18"><span class='ocrx_word' id='word_1_1048' title='bbox 1355 3002 1508 3050; x_wconf 76' lang='grc' dir='ltr'>νέοργον.</span> <span class='ocrx_word' id='word_1_1049' title='bbox 2078 3010 2082 3013; x_wconf 55' lang='lat'><strong>⁴</strong></span> <span class='ocrx_word' id='word_1_1050' title='bbox 2099 3000 2147 3044; x_wconf 82' lang='grc' dir='ltr'><strong>(ῙῙ</strong></span> <span class='ocrx_word' id='word_1_1051' title='bbox 2158 3008 2207 3054; x_wconf 56' lang='grc' dir='ltr'><strong>·Ρᾶ</strong></span> <span class='ocrx_word' id='word_1_1052' title='bbox 2264 2986 2273 3033; x_wconf 63' lang='grc' dir='ltr'>ί</span> 
     </span>
     <span class='ocr_line' id='line_1_149' title="bbox 1428 3034 2272 3104; baseline -0.008 -9"><span class='ocrx_word' id='word_1_1053' title='bbox 1428 3057 1515 3095; x_wconf 88' lang='grc' dir='ltr'><strong>Νέο</strong></span> <span class='ocrx_word' id='word_1_1054' title='bbox 1527 3073 1554 3099; x_wconf 90' lang='grc' dir='ltr'><strong>ς.</strong></span> <span class='ocrx_word' id='word_1_1055' title='bbox 1572 3063 1582 3104; x_wconf 74' lang='lat' dir='ltr'><strong>j{</strong></span> <span class='ocrx_word' id='word_1_1056' title='bbox 1597 3063 1645 3093; x_wconf 81' lang='lat' dir='ltr'><strong>De</strong></span> <span class='ocrx_word' id='word_1_1057' title='bbox 1658 3062 1802 3101; x_wconf 86' lang='lat' dir='ltr'><strong>homine,</strong></span> <span class='ocrx_word' id='word_1_1058' title='bbox 1822 3060 2009 3091; x_wconf 71' lang='lat' dir='ltr'><strong>adolescens</strong></span> <span class='ocrx_word' id='word_1_1059' title='bbox 2026 3061 2144 3098; x_wconf 76' lang='lat' dir='ltr'><strong>aetate,</strong></span> <span class='ocrx_word' id='word_1_1060' title='bbox 2263 3034 2272 3071; x_wconf 58' lang='lat'>³</span> 
     </span>
     <span class='ocr_line' id='line_1_150' title="bbox 1358 3100 2270 3152; baseline -0.007 -11"><span class='ocrx_word' id='word_1_1061' title='bbox 1358 3107 1404 3141; x_wconf 83' lang='grc' dir='ltr'><strong>ὢν</strong></span> <span class='ocrx_word' id='word_1_1062' title='bbox 1429 3107 1506 3145; x_wconf 89' lang='grc' dir='ltr'>νέος</span> <span class='ocrx_word' id='word_1_1063' title='bbox 1531 3106 1614 3141; x_wconf 89' lang='grc' dir='ltr'>ποτέ</span> <span class='ocrx_word' id='word_1_1064' title='bbox 1639 3108 1698 3140; x_wconf 89' lang='lat' dir='ltr'><strong>Ph.</strong></span> <span class='ocrx_word' id='word_1_1065' title='bbox 1721 3105 1778 3140; x_wconf 84' lang='grc'><strong>96.</strong></span> <span class='ocrx_word' id='word_1_1066' title='bbox 1808 3103 1954 3152; x_wconf 81' lang='grc' dir='ltr'>Κάδμου</span> <span class='ocrx_word' id='word_1_1067' title='bbox 1972 3107 2033 3139; x_wconf 79' lang='grc' dir='ltr'><strong>τοῦ</strong></span> <span class='ocrx_word' id='word_1_1068' title='bbox 2050 3102 2171 3138; x_wconf 52' lang='grc' dir='ltr'>πάλαι»</span> <span class='ocrx_word' id='word_1_1069' title='bbox 2259 3100 2270 3147; x_wconf 64' lang='grc'>3</span> 
     </span>
     <span class='ocr_line' id='line_1_151' title="bbox 1357 3144 2217 3197; baseline -0.006 -10"><span class='ocrx_word' id='word_1_1070' title='bbox 1357 3156 1415 3187; x_wconf 87' lang='lat' dir='ltr'><strong>OR</strong></span> <span class='ocrx_word' id='word_1_1071' title='bbox 1428 3153 1458 3187; x_wconf 91' lang='grc'><strong>1.</strong></span> <span class='ocrx_word' id='word_1_1072' title='bbox 1481 3152 1528 3188; x_wconf 75' lang='grc' dir='ltr'><strong>ὅδ’</strong></span> <span class='ocrx_word' id='word_1_1073' title='bbox 1547 3153 1636 3187; x_wconf 80' lang='grc' dir='ltr'>ἐστὶν</span> <span class='ocrx_word' id='word_1_1074' title='bbox 1653 3157 1782 3194; x_wconf 82' lang='grc' dir='ltr'>κεῖνος,</span> <span class='ocrx_word' id='word_1_1075' title='bbox 1812 3153 1848 3191; x_wconf 83' lang='grc' dir='ltr'><strong>ὃς</strong></span> <span class='ocrx_word' id='word_1_1076' title='bbox 1865 3147 1935 3187; x_wconf 72' lang='grc' dir='ltr'>τότ’</span> <span class='ocrx_word' id='word_1_1077' title='bbox 1950 3150 1994 3197; x_wconf 80' lang='grc' dir='ltr'><strong>ἦν</strong></span> <span class='ocrx_word' id='word_1_1078' title='bbox 2011 3151 2088 3189; x_wconf 88' lang='grc' dir='ltr'>νέος</span> <span class='ocrx_word' id='word_1_1079' title='bbox 2108 3144 2197 3183; x_wconf 70' lang='grc'><strong>1145</strong></span> <span class='ocrx_word' id='word_1_1080' title='bbox 2214 3181 2217 3183; x_wconf 71' lang='grc'><strong>,</strong></span> 
     </span>
     <span class='ocr_line' id='line_1_152' title="bbox 1357 3195 2222 3248; baseline -0.008 -13"><span class='ocrx_word' id='word_1_1081' title='bbox 1357 3196 1384 3235; x_wconf 82' lang='grc' dir='ltr'><strong>δ’</strong></span> <span class='ocrx_word' id='word_1_1082' title='bbox 1404 3199 1529 3248; x_wconf 73' lang='grc' dir='ltr'>ὀρθοῦν</span> <span class='ocrx_word' id='word_1_1083' title='bbox 1549 3200 1712 3247; x_wconf 80' lang='grc' dir='ltr'>φλαῦρον,</span> <span class='ocrx_word' id='word_1_1084' title='bbox 1743 3199 1873 3246; x_wconf 35' lang='grc' dir='ltr'>ὃς-νέος</span> <span class='ocrx_word' id='word_1_1085' title='bbox 1890 3199 1978 3245; x_wconf 81' lang='grc' dir='ltr'>πέσῃ</span> <span class='ocrx_word' id='word_1_1086' title='bbox 1995 3199 2051 3231; x_wconf 79' lang='lat' dir='ltr'><strong>OC</strong></span> <span class='ocrx_word' id='word_1_1087' title='bbox 2065 3195 2143 3230; x_wconf 88' lang='grc'><strong>395.</strong></span> <span class='ocrx_word' id='word_1_1088' title='bbox 2189 3214 2197 3223; x_wconf 63' lang='grc' dir='ltr'>ι</span> <span class='ocrx_word' id='word_1_1089' title='bbox 2210 3234 2222 3243; x_wconf 58' lang='lat'><strong>..</strong></span> 
     </span>
     <span class='ocr_line' id='line_1_153' title="bbox 1355 3242 2223 3294; baseline -0.006 -12"><span class='ocrx_word' id='word_1_1090' title='bbox 1355 3247 1409 3282; x_wconf 78' lang='grc' dir='ltr'><strong>κεί</strong></span> <span class='ocrx_word' id='word_1_1091' title='bbox 1432 3246 1493 3282; x_wconf 90' lang='grc' dir='ltr'><strong>νέα</strong></span> <span class='ocrx_word' id='word_1_1092' title='bbox 1517 3247 1710 3294; x_wconf 88' lang='grc' dir='ltr'>παραινέσω</span> <span class='ocrx_word' id='word_1_1093' title='bbox 1738 3245 1837 3278; x_wconf 85' lang='grc'><strong>1181.</strong></span> <span class='ocrx_word' id='word_1_1094' title='bbox 1867 3242 1934 3280; x_wconf 82' lang='grc' dir='ltr'>εὖτ’</span> <span class='ocrx_word' id='word_1_1095' title='bbox 1951 3245 1991 3280; x_wconf 79' lang='grc' dir='ltr'><strong>ἂν</strong></span> <span class='ocrx_word' id='word_1_1096' title='bbox 2008 3245 2047 3278; x_wconf 83' lang='grc' dir='ltr'><strong>τὸ</strong></span> <span class='ocrx_word' id='word_1_1097' title='bbox 2063 3243 2141 3278; x_wconf 82' lang='grc' dir='ltr'>νέον</span> <span class='ocrx_word' id='word_1_1098' title='bbox 2195 3247 2202 3282; x_wconf 59' lang='grc' dir='ltr'>ζ</span> <span class='ocrx_word' id='word_1_1099' title='bbox 2221 3278 2223 3280; x_wconf 82' lang='grc'>,</span> 
     </span>
     <span class='ocr_line' id='line_1_154' title="bbox 1357 3289 2217 3339; baseline -0.003 -13"><span class='ocrx_word' id='word_1_1100' title='bbox 1357 3296 1408 3328; x_wconf 79' lang='lat' dir='ltr'><strong>ch.</strong></span> <span class='ocrx_word' id='word_1_1101' title='bbox 1430 3297 1547 3327; x_wconf 79' lang='lat' dir='ltr'><strong>aetatis</strong></span> <span class='ocrx_word' id='word_1_1102' title='bbox 1564 3296 1635 3336; x_wconf 77' lang='lat' dir='ltr'><strong>flos.</strong></span> <span class='ocrx_word' id='word_1_1103' title='bbox 1665 3293 1695 3327; x_wconf 82' lang='grc' dir='ltr'><strong>εἰ</strong></span> <span class='ocrx_word' id='word_1_1104' title='bbox 1713 3291 1740 3325; x_wconf 74' lang='grc' dir='ltr'><strong>δ’</strong></span> <span class='ocrx_word' id='word_1_1105' title='bbox 1767 3293 1834 3339; x_wconf 83' lang='grc' dir='ltr'><strong>ἐγὼ</strong></span> <span class='ocrx_word' id='word_1_1106' title='bbox 1851 3293 1929 3331; x_wconf 91' lang='grc' dir='ltr'>νέος</span> <span class='ocrx_word' id='word_1_1107' title='bbox 1948 3295 2030 3325; x_wconf 87' lang='lat' dir='ltr'><strong>Ant.</strong></span> <span class='ocrx_word' id='word_1_1108' title='bbox 2051 3289 2132 3324; x_wconf 83' lang='grc'><strong>728.</strong></span> <span class='ocrx_word' id='word_1_1109' title='bbox 2158 3300 2175 3323; x_wconf 91' lang='grc' dir='ltr'><strong>ε</strong></span> <span class='ocrx_word' id='word_1_1110' title='bbox 2211 3310 2217 3327; x_wconf 63' lang='lat' dir='ltr'><strong>a</strong></span> 
     </span>
     <span class='ocr_line' id='line_1_155' title="bbox 1357 3339 2218 3392; baseline -0.008 -16"><span class='ocrx_word' id='word_1_1111' title='bbox 1357 3340 1441 3388; x_wconf 76' lang='grc' dir='ltr'>ἄγαν</span> <span class='ocrx_word' id='word_1_1112' title='bbox 1465 3340 1542 3378; x_wconf 90' lang='grc' dir='ltr'>νέος</span> <span class='ocrx_word' id='word_1_1113' title='bbox 1560 3339 1626 3373; x_wconf 82' lang='grc'><strong>735</strong></span> <span class='ocrx_word' id='word_1_1114' title='bbox 1653 3341 1885 3380; x_wconf 75' lang='lat' dir='ltr'><strong>adsignificata</strong></span> <span class='ocrx_word' id='word_1_1115' title='bbox 1909 3339 2143 3382; x_wconf 83' lang='lat' dir='ltr'><strong>imprudentia.</strong></span> <span class='ocrx_word' id='word_1_1116' title='bbox 2192 3354 2218 3392; x_wconf 70' lang='grc'><strong>-,</strong></span> 
     </span>
     <span class='ocr_line' id='line_1_156' title="bbox 1356 3380 2260 3436; baseline -0.008 -14"><span class='ocrx_word' id='word_1_1117' title='bbox 1356 3386 1482 3436; x_wconf 80' lang='grc' dir='ltr'>ἄνδρας</span> <span class='ocrx_word' id='word_1_1118' title='bbox 1499 3385 1652 3433; x_wconf 87' lang='grc' dir='ltr'>πόλεμος</span> <span class='ocrx_word' id='word_1_1119' title='bbox 1671 3387 1713 3434; x_wconf 78' lang='grc' dir='ltr'><strong>ἀγ</strong></span> <span class='ocrx_word' id='word_1_1120' title='bbox 1737 3386 1823 3421; x_wconf 79' lang='grc' dir='ltr'>εὐειν</span> <span class='ocrx_word' id='word_1_1121' title='bbox 1847 3385 1946 3424; x_wconf 87' lang='grc' dir='ltr'>νέους</span> <span class='ocrx_word' id='word_1_1122' title='bbox 1965 3388 2054 3426; x_wconf 78' lang='lat' dir='ltr'><strong>Scyt.</strong></span> <span class='ocrx_word' id='word_1_1123' title='bbox 2076 3386 2116 3416; x_wconf 81' lang='lat' dir='ltr'><strong>fr.</strong></span> <span class='ocrx_word' id='word_1_1124' title='bbox 2135 3380 2172 3415; x_wconf 79' lang='lat'><strong>4·</strong></span> <span class='ocrx_word' id='word_1_1125' title='bbox 2189 3396 2207 3428; x_wconf 66' lang='lat' dir='ltr'><strong>vj</strong></span> <span class='ocrx_word' id='word_1_1126' title='bbox 2253 3412 2260 3428; x_wconf 35' lang='lat'>⁵</span> 
     </span>
     <span class='ocr_line' id='line_1_157' title="bbox 1355 3398 2211 3480; baseline -0.008 -12"><span class='ocrx_word' id='word_1_1127' title='bbox 1355 3432 1493 3480; x_wconf 77' lang='grc' dir='ltr'>ἥδιστον</span> <span class='ocrx_word' id='word_1_1128' title='bbox 1522 3434 1634 3479; x_wconf 74' lang='grc' dir='ltr'>ζῶμεν</span> <span class='ocrx_word' id='word_1_1129' title='bbox 1665 3398 1858 3480; x_wconf 48' lang='lat' dir='ltr'><strong>&amp;Spu-stow</strong></span> <span class='ocrx_word' id='word_1_1130' title='bbox 1894 3431 1966 3478; x_wconf 84' lang='grc' dir='ltr'>βίον</span> <span class='ocrx_word' id='word_1_1131' title='bbox 2001 3432 2077 3465; x_wconf 87' lang='lat' dir='ltr'><strong>Ter.</strong></span> <span class='ocrx_word' id='word_1_1132' title='bbox 2107 3427 2211 3470; x_wconf 61' lang='lat'><strong>5172,</strong></span> 
     </span>
    </p>
   </div>
   <div class='ocr_carea' id='block_1_21' title="bbox 2171 3509 2260 3545">
    <p class='ocr_par' dir='ltr' id='par_1_24' title="bbox 2171 3509 2260 3545">
     <span class='ocr_line' id='line_1_158' title="bbox 2171 3509 2260 3545; baseline 0 -27"><span class='ocrx_word' id='word_1_1133' title='bbox 2171 3509 2197 3522; x_wconf 64' lang='grc'><strong>..,</strong></span> <span class='ocrx_word' id='word_1_1134' title='bbox 2249 3510 2260 3545; x_wconf 58' lang='lat'><strong>,³</strong></span> 
     </span>
    </p>
   </div>
  </div>
 </body>
</html>
