2288 3600
0 187 66 230 ry.
86 184 307 233 εει-636]

0 289 48 325 ,12
63 293 117 326 ch.
154 289 346 339 [ἐπικρατεῖ
369 292 451 324 ch.
479 302 507 324 c.
534 288 692 335 Koechl.]
720 308 760 315 —-·
788 292 832 323 V.
860 291 989 322 Buttm.

0 340 92 373 auxil.
114 337 146 381 1,
169 337 200 372 1.
220 336 256 380 2,
275 336 357 372 251.

49 394 393 446 Ἐπαρκούντως
418 399 465 429 ita
481 400 518 428 ut
535 398 638 428 alicui
663 398 741 429 satis
765 396 835 438 fiat.
864 393 904 428 οὐ
922 394 989 436 ζῶς

0 450 97 484 ,ακῶς
114 445 188 492 μέν,
209 443 283 486 οἶδ’,
312 441 555 491 ἐπαρκούντως
573 442 610 477 δέ
629 455 687 489 μοι
709 443 761 475 ΕΙ.
783 440 863 474 354.
886 443 990 474 Dind.

0 502 45 526 ec.
75 492 235 525 Thomam
259 504 290 524 ν.
312 490 462 538 ἀπαρκεῖ
485 492 577 523 dedit
601 487 859 536 ἀπαρκούντως.
886 487 995 534 [Neu-

0 549 69 573 rum
86 541 281 572 adverbium
306 539 442 571 aliunde
468 540 636 579 cognitum
662 547 737 570 esse
755 541 868 569 monet
886 537 989 568 Dind.

0 587 47 620 isi
63 588 152 629 quod
177 585 237 620 ἀπ.
266 587 433 619 annotarit
456 586 576 617 Pollux
594 582 626 625 9,
652 581 730 625 154,
751 581 993 630 ἐπαρκούντως

0 642 94 667 ωηη.
115 635 215 667 Alex.
237 631 318 668 Τον.
338 643 484 679 παραγγ.
511 643 544 674 p.
567 629 622 673 39,
648 630 720 676 17.]

49 700 129 738 ’.Επ
141 697 185 737 άσ
196 714 250 738 σω
275 705 422 736 consilio.
452 695 580 749 ἐπᾲξας
597 700 695 739 αὖθις
714 700 762 739 είς
779 700 908 747 δόμους
925 700 995 735 πά-

3 762 32 786 ιν
58 753 113 784 Ai.
135 739 214 784 305.
250 751 397 784 Brunck.
424 761 467 783 ex
500 759 611 791 apogr.
641 750 813 782 nonnullis
846 742 991 794 ὑπᾴξας,

0 799 136 840 leraque
164 791 294 845 ἐπᾲξας
318 799 372 830 vel
398 795 540 837 ἐπαίξας
563 797 744 829 exhibent:
774 795 919 836 ἀπάΕαις
938 798 995 829 LA

0 855 30 878 rr.
51 843 202 886 ἀπαῖξεις
219 855 285 878 sec.

50 898 58 912 ’
67 901 96 939 E
105 916 190 939 παυ
202 903 219 938 δ
229 903 279 939 oto
291 916 315 949 μ
324 915 366 938 αι
391 906 519 936 ἰπυοεο.
564 913 599 936 σε
632 899 747 942 κάκεῖ,
778 904 884 948 μᾶτερ
909 898 996 948 (Γῆ)

0 949 189 997 πηυὸώμαν
210 952 271 984 Ph.
293 947 361 984 395
378 951 430 983 oh.

43 1002 251 1045 Ἔπαυλα
267 1009 337 1054 (τά,
358 1011 488 1051 plurale
505 1007 656 1052 tantum)
672 1012 793 1040 cortem
811 1009 863 1040 vel
881 1008 994 1039 stabu-

0 1066 50 1090 nm
62 1059 240 1098 significat.
269 1056 362 1103 τάμά
378 1051 406 1090 τ’
424 1055 471 1094 εἰς
490 1051 608 1090 ἔπαυλ’
628 1055 695 1102 ἐγὼ
712 1053 873 1100 ἤλαυνον,
897 1053 996 1092 οὗτός

0 1101 7 1115 ’
30 1102 79 1137 εἰς
99 1103 142 1138 τὰ
165 1102 276 1139 Λαΐου
304 1102 440 1150 σταθμά
458 1103 516 1135 OR
535 1101 634 1136 1138.
657 1101 790 1137 ἔπαυλα
807 1107 841 1134 et
858 1099 997 1146 σταθμά

0 1161 49 1184 ton
66 1152 238 1184 differunt.
268 1152 333 1185 Sed
358 1153 466 1192 spatia
489 1153 660 1191 reqionum
686 1151 864 1182 dicuntur:
892 1148 996 1182 τάσδε

0 1197 99 1232 τᾶσδε
116 1196 191 1243 LA]
207 1199 325 1246 χώρας
342 1196 420 1232 ἵκου
443 1197 486 1231 τὰ
508 1197 672 1244 κράτιστα
695 1199 758 1243 γᾶς
783 1194 916 1230 ἔπαυλα
941 1196 996 1228 OC

0 1242 48 1278 169
66 1246 118 1278 ch.
154 1247 195 1278 de
228 1251 318 1278 recte
351 1247 590 1287 componendis
614 1246 725 1277 verbis
759 1255 788 1275 v.
813 1245 928 1276 Herm.
952 1261 993 1267 —

0 1295 206 1335 ›asperatum
222 1294 307 1326 illud
324 1287 430 1339 Ἰδαία
477 1291 563 1338 ίμνω
580 1290 747 1337 λειμωνία
769 1289 854 1336 ποιᾷ
873 1288 996 1336 μήλων

0 1350 23 1373 s.
43 1337 150 1374 Ἰδαῖα
166 1338 348 1386 λειμώνια)
363 1342 418 1372 Ai.
441 1305 506 1372 &01
527 1340 579 1371 ch.
607 1339 783 1371 verisimili
809 1348 889 1370 corr.
911 1339 992 1370 Lob.

0 1388 119 1420 ustulit
143 1389 318 1420 scribendo
334 1384 440 1421 Ἰδαῖα
457 1386 574 1432 μίμνω
591 1383 743 1431 λειμώνι’
773 1383 906 1419 ἔπαυλα
925 1384 996 1430 μή·

0 1445 62 1468 ων.

51 1489 290 1540 Ἐπαυχέω
315 1494 447 1533 ρῑοτίοτ.
477 1490 571 1572 ὕὲβρις
594 1490 728 1530 τούτοις
747 1489 913 1539 ἐπαυχεῖν
939 1489 997 1524 καὶ

0 1537 185 1587 εὒρακυῖαν
210 1538 311 1587 γελᾶν
339 1541 419 1571 Ant.
442 1537 487 1572 48
516 1565 522 1571 .
549 1534 632 1585 κᾶμ’
656 1538 800 1586 ἐπαυγῶ
825 1531 998 1585 δεδορκότ’

25 1584 124 1634 apat<
157 1585 279 1633 ἄστρον
310 1586 357 1624 ὡς
389 1584 537 1633 λάμψειν
571 1585 621 1620 ἔτι
654 1587 706 1618 ΕΙ.
729 1578 785 1619 65.
830 1587 924 1620 Suid.
962 1597 993 1616 v.

2 1653 8 1664 r
27 1645 70 1669 αυ
98 1638 127 1668 ὦ
150 1639 183 1667 et
201 1634 320 1666 Zonar.
343 1644 376 1676 p.
396 1631 465 1666 819
491 1636 574 1666 mire
593 1635 861 1676 interpretantur
880 1630 998 1678 βεβαί-

12 1692 29 1720 ς
46 1644 134 1716 οἶδα.
164 1682 216 1713 De
233 1683 340 1713 Acris.
362 1683 404 1713 fr.
425 1678 470 1713 66
488 1692 519 1713 ν.
541 1679 713 1726 ἐπαρκέω.

53 1734 195 1774 Ἐπαυ
240 1738 329 1785 μὲω
363 1744 490 1772 aestum
526 1743 555 1771 et
586 1739 744 1772 torridam
778 1742 998 1780 tempestatem

5 1802 42 1816 ··›1
63 1789 133 1820 itto.
211 1780 267 1824 eb:
300 1781 370 1821 οὔτ’
404 1785 624 1832 ἐξεπομβρῶν
657 1783 725 1820 οὔτ’
768 1784 997 1832 ἐπαυχμήσας

8 1829 97 1874 olyx.
119 1835 159 1866 fr.
180 1831 262 1874 470,
283 1831 316 1866 4.
347 1835 399 1866 De
417 1837 587 1867 sententia
604 1845 635 1866 V.
658 1835 774 1867 Valck.
796 1835 836 1865 ad
855 1833 994 1865 Theocr.

21 1882 78 1923 yll.
98 1879 132 1923 4,
153 1879 210 1914 43.

50 1936 343 1986 Ἐπεγγελάω
360 1940 488 1980 irrideo,
512 1941 645 1972 insulto.
672 1941 781 1972 κεῖνοι
806 1933 835 1972 δ’
853 1938 997 1985 ἐπεγγε-

9 1996 86 2020 σιν
102 1989 158 2020 Ai.
179 1984 260 2019 454.
294 1985 327 2020 τί
352 1984 441 2032 δῆτα
467 1984 559 2020 τοῦδ’
583 1984 793 2032 ἐπεγγελῷεν
818 1984 859 2020 ἂν
883 1986 991 2026 κάτα;

15 2034 64 2066 ·:.
108 2035 314 2076 Praepositio
337 2043 413 2065 cum
437 2035 533 2065 iuxta
558 2035 698 2066 verbum
721 2034 878 2065 similiter
907 2044 996 2066 com-

15 2082 131 2114 itum
155 2082 325 2114 abundare
351 2081 534 2122 videretur,
572 2081 662 2113 Pors.
691 2081 732 2112 ad
749 2082 830 2113 Hec.
855 2078 945 2113 1214
962 2085 996 2113 et

12 2129 98 2169 w-pl.
127 2129 232 2169 praef.
260 2138 295 2170 p.
324 2125 370 2160 28
401 2130 584 2168 corrigebat
615 2126 716 2161 τοῦδέ
749 2125 778 2174 γ’
812 2126 992 2174 ἐγγελῷεν,

27 2175 106 2207 .·‹:l.
133 2173 225 2208 τοῦδ’
249 2172 289 2208 ἂν
322 2172 498 2221 ἐγγελῷεν.
534 2176 712 2215 Vulgatam
737 2179 827 2207 recte
844 2176 997 2208 defendit

23 2223 67 2254 ·b.
89 2231 132 2254 ex
145 2222 198 2254 El.
211 2219 292 2254 835.
307 2239 348 2244 -
366 2224 441 2259 τοῖς
458 2220 600 2255 θανοῦσί
617 2219 793 2268 [ἐγθροῖσί
805 2220 998 2267 Herwerd.]

14 2284 17 2292 ι
54 2267 190 2316 φιλοῦσι
206 2268 330 2303 πάντες
351 2268 522 2314 κειμένοις
541 2263 725 2315 ἐπεγγελᾶν
742 2270 798 2300 Ai.
819 2266 900 2302 989.

53 2334 300 2386 Ἐπεγείρω
317 2341 430 2371 eaecito.
460 2338 566 2373 δεινὸν
621 2338 656 2373 ὲν
681 2339 718 2373 τὸ
747 2337 854 2373 πάλαι
877 2338 997 2386 κείμε-

21 2384 25 2426 ,⁴
58 2383 128 2432 ἤδη
146 2385 253 2420 κακὸν
272 2385 453 2433 ἐπεγείρειν
470 2386 525 2418 Oc
543 2352 619 2419 51⁵5
628 2387 679 2418 ch.
708 2388 758 2418 De
776 2388 946 2419 sententia
963 2392 997 2419 et

26 2435 159 2465 verbio
185 2433 234 2479 μὴ
259 2436 364 2468 κινεῖν
389 2432 497 2467 κακὸν
522 2431 560 2466 εὖ
583 2432 740 2479 κείμενον
766 2445 797 2466 ν.
827 2435 940 2476 Intpp.
962 2438 997 2466 et

20 2480 86 2522 ¹iol.
105 2481 192 2513 Plat.
212 2480 341 2513 Phileb.
362 2491 395 2522 p.
416 2477 472 2512 40.
495 2498 536 2503 -
555 2477 656 2527 Λέγει
681 2478 719 2513 δέ
744 2491 810 2514 που
827 2480 885 2514 καὶ
905 2477 993 2528 Σοφ.

26 2535 68 2560 c.
91 2528 130 2559 fr.
151 2524 258 2572 752)·
291 2529 510 2574 τηροῦντα
542 2526 644 2565 τοὺς
676 2525 890 2573 λέγοντας
922 2527 996 2562 καὶ

22 2572 238 2620 ‘xoifovra
278 2573 388 2621 ὀφρῦ
402 2580 417 2607 ς
447 2573 522 2607 καὶ
553 2573 628 2612 τὰς
668 2573 864 2613 ἀκάνθας
898 2574 997 2608 έπε-

10 2626 24 2646 κ’
38 2617 52 2654 ί
66 2637 74 2648 ι
86 2630 190 2654 οντα
202 2631 210 2638 ·
243 2619 347 2655 εἰπὼν
379 2623 480 2655 τοῦτο
514 2619 644 2659 ἐκεῖνος
676 2621 723 2659 ὡς
748 2620 816 2655 ἀπὸ
851 2619 993 2668 ἰχθύων,

36 2661 67 2708 ‘-
79 2678 96 2705 ς
112 2663 265 2705 ἀκάνθας
292 2665 431 2714 ὀρθοῦσι
447 2667 559 2714 καιρῷ
576 2665 701 2714 θυμοῦ.
722 2669 820 2701 Eust.
841 2679 874 2710 p.
891 2666 993 2709 1538,

34 2708 53 2725 Ὢ
62 2714 163 2759 Hunc
175 2715 319 2747 Brunck.
336 2716 495 2747 memoria
511 2716 689 2756 deceptum
707 2720 814 2757 putat,
836 2720 874 2748 ut
893 2716 992 2758 Soph.

20 2765 142 2808 guent
154 2786 162 2802 ,
189 2771 274 2803 quae
292 2763 407 2794 comici
426 2767 539 2794 essent
556 2763 716 2795 alicuiusz
746 2765 800 2795 cui
817 2765 992 2802 assentior,

19 2803 36 2844 ’·,
61 2807 204 2850 ‘propter
221 2807 355 2854 φράσιν,
382 2810 491 2850 qualis
509 2810 683 2849 satyricam
706 2811 853 2842 fabulam
871 2811 996 2851 optime

132 2856 190 2887 sed
220 2860 358 2897 propter
389 2856 475 2887 illud
505 2858 677 2902 τηροῦντα
708 2856 788 2894 τοὺς
819 2854 991 2904 λέγοντας,

62 2915 66 2929 ι
78 2927 87 2943 ,
121 2903 151 2934 si
174 2902 432 2944 Aristophanem
463 2905 565 2945 probe
589 2904 825 2944 perdidiceris‚
853 2909 996 2936 oratores

28 2954 60 2995 Γ*
71 2948 137 2981 icos
154 2953 302 2990 spectare
318 2950 458 2982 videbis.
479 2967 520 2973 —
547 2950 599 2982 De
616 2950 671 2982 OG
688 2947 778 2982 1774
796 2962 825 2982 v.
848 2947 914 2983 ἐπί.

38 3014 191 3055 ἰἶΕπεί.
229 3021 254 3051 1.
290 3021 373 3052 Rem
395 3022 520 3061 profert
547 3021 656 3061 priore
680 3021 822 3061 quodam
846 3024 996 3061 tempore

32 3070 115 3105 'lgm
140 3070 178 3098 ut
195 3071 230 3098 et
250 3067 513 3108 quandoquidem
527 3077 657 3099 causam
673 3068 836 3108 indicans,
858 3071 891 3099 et
903 3071 996 3107 post-

30 3110 38 3120 ’“
74 3128 79 3143 ι
100 3122 172 3145 που]
194 3117 342 3155 tempore
367 3115 510 3154 priorem
536 3115 725 3154 significans
750 3115 992 3155 interpreteris.

53 3156 105 3194 ’ζ’-,ιι
130 3159 307 3192 indicativo
325 3162 451 3192 dictum
477 3171 547 3192 rem
565 3171 679 3192 revera
697 3162 816 3193 factam
834 3161 991 3193 ostendit.

28 3248 29 3251 Ἴ
64 3203 119 3238 δὲ
158 3204 304 3252 ᾐέκειτο
320 3205 476 3253 τλήμων,
506 3206 598 3240 δεινὰ
616 3202 643 3240 δ’
667 3206 710 3252 ἦν
734 3204 889 3241 τάνθένδ’
914 3206 996 3253 ὁρᾶν

28 3255 32 3299 ’1
49 3217 166 3304 1265.
194 3255 348 3295 plerique
373 3255 449 3287 libri
474 3253 531 3287 ἐπὶ
554 3251 629 3297 [sed
647 3255 706 3286 LA
730 3255 795 3286 iam
821 3264 871 3295 pr.
894 3264 937 3285 m.
959 3258 998 3286 ut

30 3321 32 3331 .
61 3319 69 3339 3
107 3309 123 3331 r
139 3301 176 3332 in
194 3299 267 3334 ἐπεὶ
284 3298 478 3344 mutatum}
501 3300 574 3334 ἐπεὶ
591 3299 629 3334 δὲ
646 3300 770 3337 παντὸς
795 3298 824 3334 εἷ
851 3312 867 3333 ε
885 3299 997 3346 δρῶν,-

31 3374 50 3391 .,
67 3343 221 3392 ἡδονήν,
249 3346 404 3394 κτύπησε
430 3348 493 3392 μὲν
518 3345 607 3384 Ζεύς
630 3348 686 3379 OC
707 3345 807 3380 1604.
854 3347 908 3380 πεὶ
955 3346 996 3393 ἀρ

31 3394 88 3438 ζ”ἶι
135 3388 179 3439 'ip'
203 3390 371 3441 Ἀχιλλέα
394 3392 511 3428 θανεῖν
524 3391 678 3426 Ph.331.
707 3395 870 3435 Apodosis
886 3393 933 3439 ἠλ
959 3406 996 3428 ον

32 3464 36 3490 '1
51 3445 89 3475 J·
124 3439 374 3487 ποικιλοστόλῳ
393 3440 480 3486 μέτα
504 3451 655 3473 sermone
672 3442 874 3474 Philoctetae
891 3451 995 3483 quae-

716 168 728 187 ’
738 172 1074 241 Επαρκούντως
1102 201 1164 209 —-
1187 168 1325 221 Ἐπεί

1948 173 2049 221 255

1031 291 1140 322 stione
1157 291 1346 329 interrupto
1364 298 1395 319 v.
1417 284 1487 320 343
1503 288 1668 328 sequitur.
1699 286 1774 320 ἐπεὶ
1790 284 1954 333 ’δάκρυσα
1970 290 2049 321 κεῖ-

1030 347 1099 377 νον,
1127 334 1171 369 τά
1194 330 1226 370 θ’
1251 333 1327 368 ὅπλ’
1352 327 1506 382 ἀπῄτουν
1532 331 1613 366 360.
1642 332 1716 367 ἐπεὶ
1741 333 1805 380 γὰρ
1829 332 1940 380 ἦλθον
1958 328 2050 380 ”Ap-

1030 394 1108 430 γος,
1145 380 1342 428 ξυνωμότας
1377 379 1489 427 {omis
1520 379 1664 426 ἐμαυτῷ
1697 378 1873 415 001301.
1911 381 1985 415 ἐπεὶ
2019 379 2046 414 δ’

1035 428 1162 477 ἀφῖκτο
1194 429 1252 463 τὸν
1277 427 1518 476 καταρράκτην
1537 427 1616 462 ὀδόν
1697 427 1779 474 ἔστη
1808 425 1908 461 1590.
1945 427 2049 462 κάπεὶ

1031 489 1056 511 π
1080 474 1248 523 οσῆλθεν,
1286 474 1379 509 εἶπεν
1415 473 1517 508 1631.
1555 474 1628 508 ἐπεὶ
1655 473 1780 521 ὀλβίως
1813 473 1841 521 γ’
1867 474 1985 510 ἔλυσεν
2010 475 2048 510 τὸ

1030 536 1049 557 τ
1069 522 1129 558 λος
1145 522 1233 569 βίου,
1262 522 1385 570 λήγετε
1408 520 1499 556 τοῦδ’
1525 521 1634 569 ἄγους
1655 520 1744 556 1720
1761 523 1812 555 ch.
1842 521 1946 556 κάπεὶ
1963 521 2047 556 διώ-

1030 569 1121 613 λετο,
1151 569 1317 617 μένοντας
1350 569 1439 615 ὑμᾶς
1473 562 1635 615 ἐμπέδοις
1669 569 1882 616 φρονήμασιν
1932 569 2048 614 εἰδώς)

1032 621 1113 651 Ant.
1138 615 1215 650 168.
1246 616 1321 651 ἐπεὶ
1347 615 1374 650 δ’
1400 615 1537 657 ἀπεῖπε,
1623 615 1693 650 εἶδέ
1746 629 1761 650 ε
1788 617 1842 648 Tr.
1864 614 1910 649 78
1938 643 1944 649 .
1975 616 2049 650 ἐπεὶ

1032 663 1667 752 ιίρεέὲθε.ἒειμὲτω”ἐῳιτιεῖ
1684 661 1743 744 ⁹..
1758 659 2050 744 ·.5⁷‘5²9⁶1'22“³’132

1033 724 1168 805 μήὲπεῖ
1186 723 1302 814 qest?
1316 723 1444 806 {¹3on
1470 722 1625 799 ἐερλθεν,
1654 722 1771 792 0ἷῖἑέ
1790 723 1878 791 εἶξεν
1897 737 2044 790 Ει.’777.

1033 806 1108 842 ἐπεὶ
1131 805 1196 854 γὰρ
1246 805 1331 840 λθον
1357 805 1483 851 πατρὸς
1505 770 1655 853 Ἄρχαῖον
1681 804 1809 851 τάφον,
1840 805 1911 852 ὁρῶ
1936 805 2048 852 πηγὰς

1031 853 1201 902 γάλακτος
1221 818 1315 886 Ὗθ93.
1356 851 1460 886 κάπεί
1493 847 1521 886 α’
1555 851 1705 893 ἐσεῖδον,
1741 850 1779 886 οὔ
1813 847 1887 886 ποτ’
1914 851 2050 899 ἐκλήξω

1030 901 1124 949 χαρᾷ
1149 899 1406 947 δακρυρροοῦσα
1434 897 1534 932 1312.
1565 902 1699 933 Aoristo
1723 910 1765 931 an
1783 901 1932 942 plusqpf.
1954 906 2049 932 utare

1031 949 1173 990 perinde
1199 952 1262 980 est.
1299 948 1365 980 Sed
1390 957 1466 979 cum
1492 950 1640 989 perfecto
1665 949 1884 988 compositum
1909 952 1962 979 est
1992 949 2050 980 ubi

1033 1006 1096 1028 nec
1119 1006 1193 1027 cum
1218 1005 1279 1027 nee
1287 999 1473 1036 postquam,
1503 996 1561 1027 sed
1589 993 1744 1040 ἐπειδή
1771 997 1926 1035 quoniam
1942 996 2050 1027 inter-

1032 1048 1164 1085 pretere
1182 1044 1379 1074 necessario.
1410 1041 1484 1075 ἐπεὶ
1510 1041 1613 1087 μόνος
1638 1042 1753 1088 πατὴρ
1776 1040 1915 1075 ταύταιν
1933 1040 2050 1075 λέλει-

1031 1089 1113 1137 ψαι,
1150 1089 1200 1135 μή
1227 1100 1290 1136 σφε
1315 1087 1470 1136 περιίδῃς
1550 1087 1733 1134 ἀλωμένας
1760 1086 1939 1121 OR1503.
1976 1088 2049 1122 ἐπεὶ

1032 1137 1225 1183 πέπρακται
1258 1138 1325 1170 πᾶν
1358 1135 1396 1170 τὸ
1420 1138 1481 1169 τοῦ
1507 1134 1589 1170 θεοῦ
1614 1134 1733 1174 καλῶς
1748 1163 1755 1175 ,
1782 1140 1953 1183 χωρῶμεν
1979 1133 2049 1183 ἤδη

1034 1187 1074 1217 fr.
1095 1186 1162 1217 inc.
1183 1181 1263 1224 779,
1284 1181 1317 1215 2.
1363 1184 1418 1216 Sic
1443 1185 1536 1224 capio
1562 1181 1656 1228 ὕβρις
1681 1180 1727 1222 δ’,
1766 1181 1839 1215 ἐπεὶ
1872 1181 2046 1229 δέδρακεν,

1033 1230 1096 1277 ἥδε
1114 1229 1255 1277 δευτέρα
1270 1228 1404 1268 τούτοις
1423 1229 1587 1277 ἐπαυχεῖν
1606 1232 1688 1262 Ant.
1709 1227 1778 1262 482
1797 1232 1953 1271 quoniam
1969 1240 2049 1262 con-

1032 1282 1110 1319 stat,
1138 1280 1345 1310 commisisse.
1368 1278 1402 1310 Si
1428 1283 1518 1310 esset
1537 1279 1696 1310 orationis
1713 1278 1867 1318 obliquae
1884 1278 1924 1309 ad
1943 1276 2049 1311 ἐπαυ-

1032 1328 1109 1372 χεῖν
1127 1327 1281 1366 relatum,
1302 1326 1429 1356 dictum
1447 1327 1533 1357 foret
1550 1324 1622 1358 ἐπεὶ
1641 1336 1668 1357 s.
1690 1323 1778 1369 ἐμὴν
1798 1323 1917 1370 δράσῃ.
1938 1342 1979 1348 -
2001 1326 2050 1356 Ea:

1034 1383 1095 1414 quo
1119 1377 1259 1413 tempore
1283 1371 1443 1415 (Hesych.
1474 1371 1589 1413 ἐπεί,
1617 1369 1675 1418 ἀφ’
1701 1369 1757 1414 οὗ)
1774 1381 1843 1403 uno
1860 1373 1928 1404 loco
1946 1373 2051 1412 signi-

1035 1422 1129 1452 ficat:
1158 1418 1234 1453 ἐπεὶ
1251 1418 1289 1452 δὲ
1307 1418 1454 1466 φροῦδός
1471 1417 1560 1452 ἐστιν
1585 1417 1751 1465 Ἀργείων
1769 1417 1922 1464 στρατός,
1950 1417 2048 1452 οὐδὲν

1034 1462 1098 1501 οἶδ’
1123 1465 1307 1513 ὑπέρτερον
1341 1468 1421 1498 Ant.
1447 1464 1501 1498 15.
1547 1466 1776 1498 observarunt
1802 1467 1842 1498 de
1868 1467 1927 1498 hac
1944 1468 2049 1508 parti-

1035 1516 1127 1547 culae
1145 1516 1178 1545 vi
1196 1514 1355 1546 Abresch.
1377 1515 1417 1545 ad
1435 1515 1556 1546 Aesch.
1575 1515 1638 1554 Ag.
1658 1511 1715 1545 40.
1746 1512 1886 1546 Seidler.
1904 1514 1944 1545 ad
1962 1515 2043 1546 Eur.

1035 1562 1080 1594 IT
1097 1559 1177 1593 247.
1208 1562 1314 1602 quue
1339 1571 1446 1592 unum
1470 1571 1513 1593 ex
1539 1562 1639 1602 Soph.
1669 1562 1866 1602 exemplum
1885 1567 1956 1601 est,
1985 1570 2050 1602 quo

1034 1610 1194 1650 temporis
1210 1609 1404 1649 significans
1432 1606 1506 1641 ἐπεί
1531 1618 1607 1639 cum
1625 1613 1802 1649 praesente
1820 1610 2045 1649 coniungitur.

1035 1657 1192 1697 Euripidi
1210 1656 1269 1688 hoc
1286 1656 1522 1697 perfamiliare,
1543 1666 1574 1686 v.
1589 1656 1750 1688 Valcken.
1772 1656 1812 1686 ad
1829 1655 1966 1696 Hippol.
1988 1653 2045 1688 34.

1014 1707 1016 1712 ’
1034 1704 1121 1735 Male
1139 1703 1299 1735 Abresch.
1320 1703 1386 1734 huc
1403 1704 1508 1734 refert
1523 1704 1578 1734 Ai.
1600 1699 1680 1734 493.
1712 1703 1848 1734 Rectius
1867 1703 2050 1734 referretur

1033 1751 1085 1782 El.
1107 1748 1188 1782 777.
1207 1768 1248 1773 -
1268 1750 1474 1782 Subauditur
1491 1750 1651 1781 indicat:
1680 1747 1823 1796 πράσσει
1840 1751 1899 1782 νῦν
1917 1754 2047 1791 κακῶς,

1033 1796 1107 1831 ἐπεὶ
1120 1794 1234 1830 θανὼν
1252 1793 1450 1843 Ἀντίλοχος
1469 1794 1563 1843 αὐτῷ
1571 1795 1719 1843 φροῦδος
1735 1797 1796 1829 Ph.
1809 1793 1889 1837 424,
1911 1798 1998 1839 quod
2016 1802 2051 1829 et

1033 1855 1153 1877 causae
1167 1845 1360 1884 significans
1380 1847 1434 1876 sit.
1465 1843 1530 1891 ὁρᾷ
1547 1841 1644 1877 πάντ’
1669 1842 1723 1877 ἀεὶ
1738 1842 1874 1889 γρόνος,
1897 1842 1972 1877 ἐπεὶ
1986 1843 2049 1888 μὲν

1034 1889 1142 1937 ἕτερα,
1165 1890 1208 1925 τὰ
1233 1889 1271 1924 δὲ
1296 1885 1376 1937 παρ’
1402 1890 1500 1936 ἦμαρ
1518 1888 1629 1930 αὔξων
1646 1891 1701 1923 OG
1721 1883 1810 1923 1455
1828 1892 1879 1923 ch.
1902 1892 2051 1924 Subaudi

1033 1950 1060 1971 c.
1075 1940 1191 1971 Herm.
1214 1937 1288 1972 ἐπεὶ
1307 1937 1370 1983 μὲν
1389 1935 1487 1984 ἕτερα
1503 1935 1632 1984 ηὔξησε
1647 1935 1802 1982 (ἔδωκε).
1838 1940 1889 1971 De
1906 1939 2045 1972 indicat.

1032 1987 1188 2028 obliquae
1214 1987 1373 2018 orationis
1397 1987 1510 2017 statim
1536 1986 1677 2017 dicetur.
1696 2002 1737 2008 —
1770 1985 1785 2028 ΙΙ
1810 1995 1886 2017 cum
1904 1988 2050 2026 optativo

1032 2034 1092 2066 hae
1110 2034 1355 2073 significatione
1369 2037 1466 2064 extra
1482 2034 1651 2074 obliquam
1664 2034 1846 2064 orationem
1859 2042 1970 2064 rarum
1983 2038 2045 2065 est.

1031 2079 1091 2114 καὶ
1122 2079 1186 2127 γὰρ
1221 2078 1352 2125 ὑστέρῳ
1384 2078 1423 2113 τό
1455 2077 1484 2126 γ’
1514 2078 1551 2113 εὖ
1576 2078 1749 2126 πράσσειν,
1787 2078 1862 2112 ἐπεὶ
1886 2077 2045 2121 πύθοιτο,

1031 2125 1153 2173 κέρδος
1179 2125 1320 2172 ἐμπολᾷ
1339 2127 1396 2158 Tr.
1417 2123 1473 2158 93.
1518 2127 1705 2158 Pervellem
1729 2128 1830 2158 scribi
1851 2136 1950 2168 posse
1976 2126 2052 2160 ἐπεὶ

1032 2172 1196 2221 πύθηται,
1226 2184 1252 2206 s.
1276 2173 1363 2221 ἐπὴν
1381 2171 1546 2220 πύθηται.
1575 2174 1672 2213 Quod
1684 2174 1800 2206 Herm.
1818 2174 1913 2215 dicit,
1933 2179 2049 2216 aptum

1031 2223 1065 2254 id
1083 2231 1150 2254 non
1166 2222 1284 2262 fuisse,
1315 2223 1393 2263 quia
1411 2223 1458 2253 sic
1475 2226 1564 2253 certo
1581 2222 1666 2252 sacta
1690 2231 1743 2252 res
1760 2222 1970 2262 respiciatur,
1991 2222 2050 2253 sed

1032 2270 1079 2301 ita
1095 2269 1219 2301 dictam
1235 2278 1309 2300 esse
1326 2269 1411 2300 hanc
1428 2269 1644 2309 sententiam,
1682 2273 1721 2299 ut
1737 2269 1778 2300 ad
1794 2270 1961 2309 quemvis,
1983 2277 2049 2301 non

1033 2317 1074 2348 ad
1107 2317 1213 2348 solum
1238 2317 1419 2348 Herculem
1443 2320 1591 2357 spectet,
1628 2315 1688 2347 hoc
1713 2316 1881 2356 posterius
1911 2317 2048 2357 quidem

1034 2373 1151 2395 verum
1168 2367 1231 2403 est,
1259 2363 1318 2395 sed
1335 2372 1402 2394 non
1419 2364 1533 2394 minus
1550 2367 1626 2403 apte
1643 2363 1803 2394 Deianira
1826 2364 1891 2394 sibi
1907 2373 2047 2404 persua-

1033 2421 1109 2442 sum
1133 2420 1207 2442 esse
1225 2411 1427 2450 significaret
1454 2410 1634 2441 Herculem
1653 2414 1821 2450 comperto
1839 2411 2043 2450 gavisurum.

1033 2458 1211 2499 Optativus
1237 2461 1351 2489 autem
1375 2458 1562 2488 subtilioris
1580 2457 1751 2488 Atticismi
1775 2458 1905 2497 legibus
1929 2458 2047 2489 adver-

1033 2509 1136 2537 satur.
1181 2505 1265 2536 Nam
1292 2505 1321 2536 is
1346 2505 1463 2536 modus
1482 2507 1571 2535 recta
1593 2505 1741 2536 oratione
1760 2505 1871 2536 dictus
1897 2509 1955 2536 aut
1973 2514 2049 2536 cum

1032 2552 1230 2593 praeterito,
1268 2556 1326 2583 aut
1349 2561 1426 2583 cum
1451 2552 1515 2582 alio
1531 2552 1679 2591 optativo
1696 2551 1853 2592 inprimis
1869 2553 2046 2592 potentiali

1033 2603 1092 2630 aut
1109 2599 1325 2631 conditionali
1342 2599 1490 2640 ponitur,
1510 2599 1547 2629 in
1564 2599 1698 2638 obliqua
1714 2602 1827 2629 autem
1851 2600 1899 2630 sic
1916 2603 2047 2630 tantum

1033 2647 1179 2678 usitatus
1196 2650 1266 2686 est,
1295 2650 1334 2677 ut
1359 2655 1397 2676 ea
1420 2648 1478 2676 aut
1496 2655 1514 2676 a
1530 2646 1712 2685 praeterito
1729 2646 1839 2686 aliquo
1858 2646 1953 2677 finito
1970 2655 2046 2677 sus—

1032 2693 1218 2733 pendatur,
1256 2697 1316 2724 aut
1338 2693 1411 2733 ipsa
1434 2693 1615 2733 praeterito
1638 2696 1788 2733 tempore
1819 2702 1847 2724 s.
1876 2693 2047 2724 infinitivo

1033 2741 1256 2772 contineatur.
1302 2740 1405 2771 Velut
1433 2737 1619 2784 ήμπόλησε
1647 2737 1770 2785 κέρδος
1800 2737 1873 2772 ἐπεὶ
1903 2737 2047 2773 πύθοιτο

1033 2785 1164 2823 ἐκεῖνος
1181 2787 1234 2817 vel
1258 2784 1381 2832 κέρδος
1409 2783 1450 2819 ἄν
1474 2792 1524 2818 τις
1548 2783 1776 2831 ἐμπολήσειεν
1795 2783 1868 2819 ἐπεὶ
1886 2784 2042 2828 πύθοιτο,

1033 2843 1224 2874 quanquam
1250 2834 1297 2864 sic
1314 2830 1370 2865 ὅτε
1388 2834 1557 2864 usitatius.
1595 2832 1690 2871 Quod
1706 2834 1759 2864 illi
1775 2833 1886 2865 simile
1903 2835 2046 2865 alterum

1033 2884 1144 2912 exstat
1168 2881 1362 2921 exemplum
1379 2880 1550 2920 Amphitr.
1571 2881 1611 2911 fr.
1636 2876 1703 2911 124
1728 2878 1803 2913 ἐπεὶ
1828 2878 1865 2913 δὲ
1891 2878 2043 2925 βλάστοι,

1031 2931 1100 2961 τῶν
1122 2930 1225 2973 τριῶν
1251 2925 1331 2971 μίαν
1355 2924 1475 2971 λαβεῖν
1498 2923 1634 2959 εύσοιαν
1659 2925 1778 2972 ἀρκεῖ,
1808 2936 1876 2959 non
1892 2929 2048 2971 >,multum

1033 2976 1170 3014 absum,
1201 2975 1284 3015 quin
1311 2975 1469 3013 corrigam
1496 2971 1639 3018 βλάστῃ.
1682 2975 1722 3005 In
1739 2975 1874 3016 obliqua
1898 2975 2047 3007 oratione

1034 3030 1095 3053 suo
1112 3022 1186 3052 iure
1204 3024 1331 3052 constat
1348 3022 1607 3062 praeteritorum
1625 3029 1735 3052 comes
1752 3023 1941 3062 optativus,
1971 3031 2046 3053 cum

1033 3072 1092 3099 aut
1116 3069 1255 3099 verbum
1282 3068 1417 3099 finitum
1440 3071 1498 3098 aut
1523 3076 1709 3108 suspensus
1732 3069 1773 3100 ab
1799 3077 1838 3100 eo
1855 3069 2047 3100 infinitivus

1032 3115 1288 3155 praeteritorum
1305 3119 1375 3154 est,
1405 3119 1464 3146 aut
1479 3118 1661 3155 utrumque
1674 3139 1682 3155 ,
1703 3125 1895 3156 quanquam
1914 3125 1987 3147 cum
2006 3116 2047 3146 ss-

1033 3163 1144 3193 nitum
1160 3171 1319 3202 praesens
1337 3165 1390 3193 est
1409 3166 1468 3192 aut
1493 3163 1657 3200 futurum,
1687 3162 1880 3193 infinitivus
1896 3166 2047 3203 praeter-

1033 3209 1091 3248 iti,
1121 3218 1187 3240 non
1205 3209 1318 3239 minus
1334 3210 1423 3240 bene
1448 3206 1536 3252 ἐπὴν
1554 3205 1613 3241 ἐὰν
1631 3206 1712 3241 ὅταν
1729 3206 1856 3243 ὁπόταν
1873 3220 1949 3241 cum
1965 3219 2045 3241 con-

1034 3256 1182 3287 iunctivo
1195 3255 1365 3286 dicuntur.
1387 3255 1450 3287 Sed
1463 3259 1622 3287 neutrum
1639 3265 1692 3295 ap.
1710 3256 1810 3297 Soph.
1828 3266 1918 3288 nunc
1931 3266 2047 3288 exem-

1032 3303 1087 3343 pla
1111 3303 1221 3334 habet.
1256 3302 1379 3334 Exstat
1401 3306 1514 3334 autem
1538 3301 1638 3333 indic.
1667 3303 1702 3333 in
1727 3304 1875 3334 oratione
1896 3304 2042 3344 obliqua,

1033 3350 1091 3380 ubi
1107 3350 1294 3390 optativum
1308 3350 1468 3389 requiras.
1489 3347 1645 3394 λέγοντες
1659 3348 1706 3386 ὡς
1725 3347 1763 3382 οὐ
1781 3347 1881 3395 θέμις
1896 3348 2041 3396 γίγνοιτ’,

1033 3393 1106 3428 ἐπεὶ
1132 3393 1216 3428 κατέ
1245 3392 1321 3428 θιτο
1345 3394 1459 3441 πατὴρ
1486 3394 1578 3441 ἐμός,
1606 3393 1649 3428 τὰ
1666 3390 1812 3442 πέργαμ’
1835 3394 1980 3442 ἄλλονῆ
2000 3391 2046 3442 ’μ’

1033 3439 1124 3475 ἑλεῖν
1143 3442 1204 3474 ΡΙι.
1264 3439 1297 3474 6.
1318 3443 1402 3474 Nam
1420 3441 1494 3476 ἐπεὶ
1510 3439 1698 3488 κατέφθιτο
1716 3452 1782 3475 non
1797 3447 1850 3475 est
1862 3446 1910 3476 rei
1925 3446 2042 3485 factae,
