2288 3600
757 120 1012 180 PRAEFATIO
1039 145 1262 178 ammius
2021 159 2066 189 ,χ

0 267 214 315 doctorum
254 266 512 311 coniecturis
551 278 629 323 pro
669 263 919 322 depravatis
959 261 1214 320 Sophocleis
1260 261 1439 305 inventa
1478 274 1591 304 nunc
1628 259 1671 303 in
1714 258 1875 303 fabulis
1917 262 2071 314 poetae

0 351 208 408 leguntur,
259 353 436 407 recepta
479 348 557 392 illa
597 346 770 405 quidem
818 351 894 390 aut
936 345 1150 390 communi
1198 344 1387 388 omnium
1420 356 1633 388 consensu
1681 345 1758 385 aut
1801 340 1949 396 aliqua
1981 339 2071 383 veri

0 431 274 480 similitudine
307 430 621 476 commendata.
677 429 773 482 Quo
804 430 848 473 in
869 442 1029 486 genere
1060 427 1170 475 haee
1199 426 1352 471 addita
1372 430 1474 471 sunt
1505 440 1532 469 a
1560 438 1628 469 me
1660 423 1829 468 duobus
1850 421 2071 466 asteriscis

0 519 42 561 ut
69 515 159 560 veri
192 514 414 559 simillima
444 515 636 570 signata:
705 511 822 561 αἶπος
854 507 1022 571 ἄκαιρος
1055 509 1220 569 ἀκηδέω
1252 504 1403 558 ἄκοπος
1435 503 1632 567 ἄκραντος
1664 501 1841 554 ἔναυλος
1872 503 2072 549 ἀπειστέω

0 593 177 648 ἷπιωτος
209 597 416 655 γλυκαίνω
449 592 744 645 δυσπάλαιστος
775 594 1033 654 ἐκθερμαίνω
1051 593 1275 652 -ἐκστρέφω
1305 591 1459 648 ἑμπίνω
1493 585 1662 639 νΕνεετοε,
1705 585 1911 647 ἐνῦριάζω
1942 584 2071 645 ἐπάρ-

0 691 115 739 {epm
152 680 386 740 ἐπισπέρχω
425 679 625 738 ἐπιτρέπω
665 675 751 737 ἠχή
782 678 914 736 κέλωρ
946 677 1138 736 κηρίωμα
1177 676 1284 719 κλέω
1318 674 1521 732 μαίμακος
1561 670 1695 731 νάτωρ
1738 671 1937 729 ξυναίμων
1971 669 2074 728 ῥιπίς

0 759 191 822 πμογερός
223 762 528 807 συνναυστολέω
568 758 777 820 ταναῦφής
810 757 956 819 ἐρυράω
995 757 1134 819 φότωρ
1177 757 1384 816 Χαρίβοια
1415 758 1567 816 χεῖλος.
1624 755 1748 807 Quae
1779 753 1923 798 minus
1954 767 2074 797 oom—

0 845 308 892 mendabantur
326 845 588 889 maioremve
616 843 849 888 movebant
878 842 1191 887 dubitationem
1224 846 1272 885 ut
1302 836 1562 896 ἀντατιμάζω
1595 835 1827 895 ἀπλάκητος
1860 834 2075 895 ἀχείρητος

0 925 229 988 βαρόψυχος
262 928 417 987 βυθίζω
458 927 640 985 γνυπτέω
681 923 800 985 διψάς
839 922 1082 982 δολιόμυθος
1115 921 1325 968 &nonedam
1356 922 1583 981 ἐναίῦρειος
1619 919 1805 978 vunnim
1836 916 2077 978 ὀχμάζομαι

0 1011 229 1070 παλίρρυτος
275 1008 434 1069 πάομαι
489 1010 702 1069 παραιρέω
745 1006 997 1067 πολυπήμων
1053 1004 1283 1067 πρεπόντως
1330 1002 1614 1064 προσηκόντως
1667 1000 1886 1061 προσόψιος
1934 999 2076 1060 ’ρυπάω

0 1091 239 1154 ἱνπερόρνυμι
279 1107 364 1139 uno
405 1093 615 1137 asterisco
655 1091 804 1136 addito
846 1091 1033 1148 exiguae
1073 1095 1149 1135 aut
1190 1090 1352 1134 nullius
1395 1088 1495 1132 fidei
1537 1101 1635 1132 esse
1675 1085 1881 1130 indicavi.
1947 1084 2074 1137 Quod

0 1176 107 1222 idem
140 1177 222 1222 feci
254 1177 298 1220 in
330 1177 494 1233 aliquot
525 1174 734 1220 eiusmodi
768 1174 992 1219 vocabulis
1013 1187 1125 1231 quae
1155 1187 1286 1229 quum
1320 1172 1375 1216 ab
1398 1170 1620 1215 Ellendtio
1652 1173 1857 1226 excerpta
1878 1167 2069 1225 quidem,

0 1259 70 1305 sed
102 1260 222 1305 nulla
252 1259 534 1304 dubitationis
566 1262 669 1303 nota
699 1257 849 1302 addita
879 1262 1027 1302 essent
1058 1257 1198 1301 lexico
1230 1256 1414 1309 inserta,
1453 1268 1566 1298 nunc
1597 1268 1625 1297 a
1656 1252 1871 1310 Sophocle
1902 1251 2076 1295 omnino

0 1342 239 1388 viderentur
271 1341 575 1386 abiudicanda.
635 1341 813 1385 Factum
855 1346 999 1385 autem
1041 1339 1085 1383 id
1127 1339 1171 1382 in
1213 1338 1279 1382 his
1320 1343 1407 1382 est:
1459 1333 1669 1395 ἀγάμητος
1711 1330 1887 1392 ἄκλητος
1923 1330 2077 1390 ἄλοιμα

0 1423 182 1484 ἰνάρετος
215 1421 432 1473 ἀπευνάζω
474 1423 679 1482 ἀποκρίνει)
720 1421 906 1482 ἀριθμέω
942 1420 1172 1471 Αὐτόλυκος
1215 1418 1373 1480 βαῦμός
1417 1420 1690 1468 ὃυσπέλαστος
1732 1415 1921 1477 ἐκκράζω
1961 1414 2077 1466 ἑλλός

0 1509 174 1566 ἐμπέδως
205 1510 326 1552 ἕνεκα
348 1508 601 1566 ἐνθερμαίνω
633 1508 932 1566 ἐπαμφιέννυμι
972 1502 1235 1565 Ἐριχθόνιος
1278 1500 1433 1548 enodem
1471 1501 1683 1560 ἡμίλιγόος
1727 1502 1857 1559 inissa»
1889 1498 1977 1545 κάω
2008 1519 2076 1544 κι-

0 1592 147 1651 ῢαρίζω
179 1592 345 1635 κτέανον
378 1589 519 1650 νεαρός
553 1608 735 1650 νηχομαι
767 1590 948 1639 παίδειος
980 1589 1187 1646 παίδευμα
1229 1587 1414 1645 παραπέτ
1417 1603 1516 1643 ομαι
1557 1586 1737 1644 παρείρω
1769 1582 1909 1628 πελάω
1940 1582 2079 1643 πόρρω

0 1672 252 1733 ποτιμάοτιος
292 1676 442 1733 προῖκα
481 1674 698 1732 προκαλέω
735 1671 960 1732 πρόρρητος
1002 1669 1239 1730 npdeoestm
1279 1667 1557 1728 προμανιὶάνω
1604 1665 1875 1726 προσπελάζω
1918 1685 2077 1726 προχοη

0 1756 130 1817 τάγμα
162 1758 271 1807 Σίνις
311 1754 441 1815 Σιπυη
486 1754 763 1814 συνοπάζομαι
804 1751 1068 1813 συνταράσσω
1101 1756 1266 1813 σχεθεῖν
1307 1770 1569 1812 τετρωριστος
1601 1748 1851 1810 χειμάμυνα.
1918 1751 2081 1795 Contra

0 1842 160 1886 lirmavi
204 1841 294 1885 alia
337 1845 381 1884 et
419 1840 634 1884 illustravi
673 1853 785 1896 quae
823 1854 851 1883 a
891 1843 1171 1896 praeceptore
1212 1851 1308 1881 meo
1347 1842 1513 1880 tantum
1555 1849 1633 1893 pro
1665 1834 1787 1878 varia
1819 1834 2003 1879 lectione
2036 1834 2078 1878 in

0 1924 209 1969 lemmatis
242 1928 390 1968 notata
422 1927 545 1967 erant
578 1927 624 1965 ut
656 1919 903 1980 ἁλίπληκτος
934 1917 1051 1970 ὄτλος
1093 1920 1303 1978 προσαίρω
1335 1919 1438 1963 alia.

155 2007 410 2063 Quanquam
435 2005 543 2050 haec
566 2019 649 2050 non
682 2011 744 2049 ita
774 2005 1023 2049 enumeravi
1047 2010 1091 2048 et
1121 2004 1166 2047 in
1199 2007 1431 2060 conspectu
1466 2002 1667 2059 proposui
1702 2005 1747 2044 ut
1778 2014 1909 2057 quum
1932 2005 2080 2044 osten-

0 2089 139 2135 derem
173 2095 337 2146 quanta
366 2094 485 2134 esset
504 2087 768 2133 Ellendtiani
802 2088 946 2145 operis
981 2088 1097 2131 facta
1127 2086 1321 2131 accessio
1354 2086 1601 2129 haerentem
1628 2098 1788 2141 magna
1819 2098 1916 2127 cum
1950 2082 2079 2126 laude

0 2172 132 2232 ipsius
172 2171 363 2217 Ellendti
404 2172 545 2229 capite
592 2186 793 2215 coronam
834 2170 1120 2215 detraherem.
1197 2169 1309 2212 Nam
1360 2169 1430 2212 vel
1481 2168 1524 2211 in
1566 2168 1664 2225 ipsa
1703 2166 1786 2211 hac
1836 2166 2078 2223 spicea-rum

0 2259 94 2316 post
139 2255 258 2299 illius
297 2255 376 2299 viri
417 2269 603 2299 messem
646 2254 921 2298 collectarum
966 2254 1164 2297 ubertate
1204 2252 1347 2296 facere
1387 2266 1472 2296 non
1513 2251 1631 2308 potui
1674 2250 1775 2307 quin
1817 2262 2080 2306 magnopere

0 2337 232 2385 ndmirarer
281 2337 501 2394 egregiam
546 2336 839 2395 praeceptoris
879 2336 963 2380 mei
1014 2349 1189 2393 operam
1214 2340 1216 2342 ’
1240 2316 1289 2378 in
1324 2334 1456 2378 tantis
1497 2334 1696 2378 lectionis
1736 2332 1872 2390 copiis
1914 2331 2080 2376 ratione

0 2418 246 2478 digerendis
278 2421 548 2465 collocatam.
606 2420 701 2472 Quo
732 2419 885 2464 eodem
927 2418 1227 2463 admirationis
1269 2432 1400 2462 sensu
1442 2417 1486 2460 in
1527 2431 1582 2461 ea
1611 2430 1770 2473 operae
1803 2429 1926 2460 meae
1957 2422 2080 2472 parte

0 2508 138 2549 motus
170 2518 265 2548 sum
288 2517 399 2560 quae
431 2503 675 2561 pertinebat
706 2502 762 2547 ad
785 2503 1111 2547 conversionem
1142 2506 1186 2545 et
1217 2501 1594 2545 commutationem
1623 2514 1770 2544 earum
1806 2513 1946 2543 rerum
1968 2512 2080 2554 quae

0 2600 110 2632 nunc
141 2587 269 2631 aliter
288 2585 597 2644 proponendae
629 2591 672 2630 et
703 2585 990 2630 illustrandae
1012 2590 1135 2629 erant
1167 2589 1297 2640 atque
1319 2582 1567 2628 Ellendtius
1599 2583 1774 2627 fecerat.
1833 2582 1934 2625 Alia
1963 2582 2076 2626 enim

0 2674 94 2728 post
123 2669 232 2713 illud
264 2673 433 2726 tempus
467 2669 583 2713 facta
613 2674 681 2713 est
712 2669 940 2726 Sophoclis
973 2667 1232 2712 emendandi
1266 2681 1351 2721 ars,
1389 2667 1550 2710 rectius
1581 2666 1856 2710 existimatur
1887 2665 2079 2721 tragicae

0 2751 171 2797 dialecti
192 2752 449 2809 proprietas,
486 2752 645 2796 rectius
667 2765 869 2796 versuum
902 2756 945 2795 et
962 2727 1208 2795 'metrorum
1238 2755 1395 2794 natura
1425 2749 1657 2793 iudicatur:
1695 2763 1746 2792 ac
1778 2752 1944 2792 tantum
1979 2762 2079 2805 pro-

0 2832 155 2881 fectum
195 2839 264 2878 est
301 2834 346 2878 in
388 2838 580 2879 veterum
622 2834 1026 2891 lexicographorum
1070 2819 1534 2890 grammaticorumque
1566 2831 1857 2875 monumentis
1897 2845 2079 2888 perpur-

0 2914 153 2979 mdis
185 2922 229 2962 et
258 2922 350 2961 arte
383 2917 675 2966 recensendis
713 2921 760 2960 ut
790 2931 843 2960 ex
876 2917 1062 2960 virorum
1094 2915 1441 2960 doctissimorum
1463 2929 1597 2973 opera
1627 2928 1681 2959 ea
1715 2914 1757 2957 in
1791 2928 1836 2958 re
1868 2914 2081 2958 collocata

0 3018 57 3043 --
76 3015 131 3044 ne
161 2999 394 3044 obliviscar
424 2999 505 3043 hoc
536 3001 630 3044 loeo
661 2999 715 3043 G.
741 2999 1028 3056 Bernhardyi
1066 2999 1123 3042 M
1152 2998 1379 3053 Schmidti,
1417 2998 1470 3042 G.
1498 2998 1648 3043 Lentzi
1675 3023 1724 3029 -
1750 2997 1892 3041 laetus
1919 2995 2079 3040 ledun-

0 3072 110 3145 [brit
139 3084 303 3127 fructus
326 3082 456 3126 etiam
480 3081 537 3126 ad
558 3082 687 3127 huius
710 3081 940 3139 Sophoclei
963 3081 1091 3125 lexici
1114 3095 1255 3126 usum.
1312 3081 1400 3126 Sed
1421 3095 1506 3138 quo
1527 3081 1724 3138 pluribus
1747 3093 1963 3137 exponere
1986 3093 2074 3123 rem

0 3149 110 3221 «fuae
139 3179 217 3223 per
248 3179 296 3210 se
327 3170 506 3222 pateat?
538 3165 692 3209 Paucis
725 3165 965 3208 absolvam.
1023 3163 1227 3216 Quintam
1261 3169 1486 3221 poetarum
1518 3143 1783 3208 scenicorum
1818 3161 2079 3206 Graecorum

0 3244 231 3293 editionem
264 3262 291 3291 a
322 3247 541 3292 Guilelmo
572 3247 798 3292 Dindorfio
830 3262 870 3291 a.
895 3246 1283 3311 MDCCCLXVIII
1315 3246 1475 3291 factam
1508 3251 1716 3303 sequutus
1748 3245 1882 3289 verba
1909 3244 2095 3301 Sopho-'

0 3327 83 3406 3¹¹⁸
112 3329 294 3387 adposui
326 3330 519 3374 indicata
539 3330 713 3387 quidem
745 3331 904 3387 ubique
936 3329 1032 3373 libri
1056 3330 1337 3373 Laurentiani
1365 3330 1468 3385 (LA)
1506 3334 1548 3373 et
1580 3328 1744 3383 addita,
1781 3327 1817 3372 si
1850 3341 1905 3371 ex
1935 3341 1981 3371 re
2013 3327 2080 3370 vi-

0 3407 197 3600 {ebatum
233 3412 472 3472 apographi
507 3413 690 3458 Parisini
724 3415 838 3456 2712
868 3413 967 3464 (ΡΑ)
1005 3412 1231 3456 varietate.
1295 3413 1344 3454 In
1377 3413 1568 3456 numeris
1600 3425 1802 3455 versuum
1835 3409 2080 3453 indicandis
