<?xml version="1.0" encoding="UTF-8"?>
<!DOCTYPE html PUBLIC "-//W3C//DTD XHTML 1.0 Transitional//EN"
    "http://www.w3.org/TR/xhtml1/DTD/xhtml1-transitional.dtd">
<html xmlns="http://www.w3.org/1999/xhtml" xml:lang="en" lang="en">
 <head>
  <title>
</title>
<meta http-equiv="Content-Type" content="text/html;charset=utf-8" />
  <meta name='ocr-system' content='tesseract 3.04.00' />
  <meta name='ocr-capabilities' content='ocr_page ocr_carea ocr_par ocr_line ocrx_word'/>
</head>
<body>
  <div class='ocr_page' id='page_1' title='image "./lexiconsophocleu00elleuoft_0813.png"; bbox 0 0 2288 3600; ppageno 0'>
   <div class='ocr_carea' id='block_1_1' title="bbox 212 0 1064 47">
    <p class='ocr_par' dir='ltr' id='par_1_1' title="bbox 190 0 1064 47">
     <span class='ocr_line' id='line_1_1' title="bbox 212 0 1064 39; baseline -0.014 -7.302"><span class='ocrx_word' id='word_1_1' title='bbox 212 22 218 32; x_wconf 82' lang='lat'><strong>.</strong></span> <span class='ocrx_word' id='word_1_2' title='bbox 240 0 274 39; x_wconf 52' lang='grc' dir='ltr'><strong>*ῖς</strong></span> <span class='ocrx_word' id='word_1_3' title='bbox 300 0 560 36; x_wconf 43' lang='lat' dir='ltr'><strong>&#39;fivia-&lt;2</strong></span> <span class='ocrx_word' id='word_1_4' title='bbox 581 0 681 34; x_wconf 51' lang='lat' dir='ltr'><strong>vm</strong></span> <span class='ocrx_word' id='word_1_5' title='bbox 696 0 830 22; x_wconf 49' lang='lat' dir='ltr'><strong>sius:</strong></span> <span class='ocrx_word' id='word_1_6' title='bbox 1060 0 1064 6; x_wconf 75' lang='lat'><strong>.</strong></span> 
     </span>
     <span class='ocr_line' id='line_1_2' title="bbox 575 34 718 47; baseline 0.007 -2"><span class='ocrx_word' id='word_1_7' title='bbox 575 38 580 45; x_wconf 70' lang='lat' dir='ltr'><strong>a</strong></span> <span class='ocrx_word' id='word_1_8' title='bbox 594 43 597 47; x_wconf 69' lang='grc'><strong>,</strong></span> <span class='ocrx_word' id='word_1_9' title='bbox 635 37 640 46; x_wconf 68' lang='lat'>5</span> <span class='ocrx_word' id='word_1_10' title='bbox 708 34 718 41; x_wconf 63' lang='lat'><strong>¹³</strong></span> 
     </span>
    </p>
   </div>
   <div class='ocr_carea' id='block_1_2' title="bbox 0 0 362 393">
    <p class='ocr_par' dir='ltr' id='par_1_2' title="bbox 0 0 362 393">
     <span class='ocr_line' id='line_1_3' title="bbox 0 0 362 393; baseline -0.008 -133"><span class='ocrx_word' id='word_1_11' title='bbox 0 0 362 393; x_wconf 95' lang='lat' dir='ltr'><strong>    </strong></span> <span class='ocrx_word' id='word_1_12' title='bbox 277 116 362 257; x_wconf 95' lang='lat' dir='ltr'><strong> </strong></span> 
     </span>
    </p>
   </div>
   <div class='ocr_carea' id='block_1_3' title="bbox 19 152 277 224">
    <p class='ocr_par' dir='ltr' id='par_1_3' title="bbox 19 152 277 224">
     <span class='ocr_line' id='line_1_4' title="bbox 19 152 277 224; baseline -0.023 -7"><span class='ocrx_word' id='word_1_13' title='bbox 19 152 42 185; x_wconf 75' lang='lat'><em>³</em></span> <span class='ocrx_word' id='word_1_14' title='bbox 55 175 277 224; x_wconf 61' lang='grc' dir='ltr'>θαι-967]</span> 
     </span>
    </p>
   </div>
   <div class='ocr_carea' id='block_1_4' title="bbox 14 267 972 371">
    <p class='ocr_par' dir='ltr' id='par_1_4' title="bbox 14 266 972 371">
     <span class='ocr_line' id='line_1_5' title="bbox 14 267 972 326; baseline -0.008 -9"><span class='ocrx_word' id='word_1_15' title='bbox 14 267 52 311; x_wconf 40' lang='lat' dir='ltr'>f</span> <span class='ocrx_word' id='word_1_16' title='bbox 79 285 262 326; x_wconf 73' lang='lat' dir='ltr'><strong>antiquatis</strong></span> <span class='ocrx_word' id='word_1_17' title='bbox 279 282 585 321; x_wconf 84' lang='lat' dir='ltr'><strong>substituentibus,</strong></span> <span class='ocrx_word' id='word_1_18' title='bbox 616 284 656 312; x_wconf 88' lang='lat' dir='ltr'><strong>ut</strong></span> <span class='ocrx_word' id='word_1_19' title='bbox 672 281 744 312; x_wconf 88' lang='lat' dir='ltr'><strong>iure</strong></span> <span class='ocrx_word' id='word_1_20' title='bbox 761 280 892 318; x_wconf 81' lang='lat' dir='ltr'>mirere,</span> <span class='ocrx_word' id='word_1_21' title='bbox 922 281 972 310; x_wconf 88' lang='lat' dir='ltr'><strong>tot</strong></span> 
     </span>
     <span class='ocr_line' id='line_1_6' title="bbox 15 326 970 371; baseline -0.008 -7"><span class='ocrx_word' id='word_1_22' title='bbox 15 350 23 371; x_wconf 37' lang='grc' dir='ltr'><strong>,ἢ</strong></span> <span class='ocrx_word' id='word_1_23' title='bbox 43 332 180 364; x_wconf 66' lang='lat' dir='ltr'><strong>veteris</strong></span> <span class='ocrx_word' id='word_1_24' title='bbox 203 335 238 363; x_wconf 86' lang='lat' dir='ltr'><strong>et</strong></span> <span class='ocrx_word' id='word_1_25' title='bbox 254 331 420 371; x_wconf 74' lang='lat' dir='ltr'><strong>genuinae</strong></span> <span class='ocrx_word' id='word_1_26' title='bbox 437 329 621 369; x_wconf 70' lang='lat' dir='ltr'><strong>scripturae</strong></span> <span class='ocrx_word' id='word_1_27' title='bbox 646 327 763 359; x_wconf 82' lang='lat' dir='ltr'><strong>relicta</strong></span> <span class='ocrx_word' id='word_1_28' title='bbox 779 335 854 358; x_wconf 82' lang='lat' dir='ltr'><strong>esse</strong></span> <span class='ocrx_word' id='word_1_29' title='bbox 872 326 970 357; x_wconf 83' lang='lat' dir='ltr'><strong>testi-</strong></span> 
     </span>
    </p>
   </div>
   <div class='ocr_carea' id='block_1_5' title="bbox 3 416 996 2816">
    <p class='ocr_par' dir='ltr' id='par_1_5' title="bbox 3 416 996 2816">
     <span class='ocr_line' id='line_1_7' title="bbox 3 416 973 471; baseline -0.008 -13"><span class='ocrx_word' id='word_1_30' title='bbox 3 416 198 471; x_wconf 37' lang='lat' dir='ltr'><strong>&amp;madefiat</strong></span> <span class='ocrx_word' id='word_1_31' title='bbox 227 431 261 457; x_wconf 84' lang='lat' dir='ltr'><strong>et</strong></span> <span class='ocrx_word' id='word_1_32' title='bbox 292 416 443 469; x_wconf 73' lang='grc' dir='ltr'><strong>ἐγκλῄω.</strong></span> <span class='ocrx_word' id='word_1_33' title='bbox 481 423 547 464; x_wconf 84' lang='lat' dir='ltr'><strong>Ap.</strong></span> <span class='ocrx_word' id='word_1_34' title='bbox 576 422 730 462; x_wconf 85' lang='lat' dir='ltr'><strong>Euripid.</strong></span> <span class='ocrx_word' id='word_1_35' title='bbox 761 417 866 464; x_wconf 83' lang='lat' dir='ltr'><strong>[certa</strong></span> <span class='ocrx_word' id='word_1_36' title='bbox 892 423 973 452; x_wconf 80' lang='lat' dir='ltr'><strong>sunt</strong></span> 
     </span>
     <span class='ocr_line' id='line_1_8' title="bbox 66 460 967 514; baseline -0.007 -9.382"><span class='ocrx_word' id='word_1_37' title='bbox 66 468 281 504; x_wconf 59' lang='lat' dir='ltr'><strong>saecum.</strong></span> <span class='ocrx_word' id='word_1_38' title='bbox 309 471 398 502; x_wconf 78' lang='lat' dir='ltr'><strong>Med.</strong></span> <span class='ocrx_word' id='word_1_39' title='bbox 419 466 519 502; x_wconf 82' lang='lat'><strong>1314.</strong></span> <span class='ocrx_word' id='word_1_40' title='bbox 550 465 703 501; x_wconf 77' lang='lat' dir='ltr'><strong>Tr.493.</strong></span> <span class='ocrx_word' id='word_1_41' title='bbox 732 460 832 514; x_wconf 65' lang='grc' dir='ltr'>κλῄω</span> <span class='ocrx_word' id='word_1_42' title='bbox 852 466 967 498; x_wconf 72' lang='lat' dir='ltr'><strong>Bacch.</strong></span> 
     </span>
     <span class='ocr_line' id='line_1_9' title="bbox 76 509 968 551; baseline -0.008 0.496"><span class='ocrx_word' id='word_1_43' title='bbox 76 519 152 551; x_wconf 78' lang='lat' dir='ltr'><strong>nei.</strong></span> <span class='ocrx_word' id='word_1_44' title='bbox 174 515 256 550; x_wconf 82' lang='lat'><strong>977.</strong></span> <span class='ocrx_word' id='word_1_45' title='bbox 291 518 390 549; x_wconf 79' lang='lat' dir='ltr'><strong>nere.</strong></span> <span class='ocrx_word' id='word_1_46' title='bbox 421 517 456 548; x_wconf 81' lang='lat' dir='ltr'><strong>F.</strong></span> <span class='ocrx_word' id='word_1_47' title='bbox 478 512 557 548; x_wconf 85' lang='lat'><strong>997.</strong></span> <span class='ocrx_word' id='word_1_48' title='bbox 597 516 660 547; x_wconf 85' lang='lat' dir='ltr'><strong>Rh.</strong></span> <span class='ocrx_word' id='word_1_49' title='bbox 690 511 770 547; x_wconf 82' lang='lat'><strong>304.</strong></span> <span class='ocrx_word' id='word_1_50' title='bbox 808 514 866 545; x_wconf 84' lang='lat' dir='ltr'><strong>Ph.</strong></span> <span class='ocrx_word' id='word_1_51' title='bbox 888 509 968 546; x_wconf 79' lang='lat'><strong>865.</strong></span> 
     </span>
     <span class='ocr_line' id='line_1_10' title="bbox 7 557 968 612; baseline -0.006 -15"><span class='ocrx_word' id='word_1_52' title='bbox 7 559 10 563; x_wconf 71' lang='grc'><strong><em>’</em></strong></span> <span class='ocrx_word' id='word_1_53' title='bbox 39 567 114 612; x_wconf 70' lang='lat' dir='ltr'><strong>&#39;pov</strong></span> <span class='ocrx_word' id='word_1_54' title='bbox 131 565 207 598; x_wconf 86' lang='lat' dir='ltr'><strong>Hel.</strong></span> <span class='ocrx_word' id='word_1_55' title='bbox 227 561 308 598; x_wconf 87' lang='lat'><strong>860.</strong></span> <span class='ocrx_word' id='word_1_56' title='bbox 332 561 433 596; x_wconf 84' lang='lat'><strong>1180.</strong></span> <span class='ocrx_word' id='word_1_57' title='bbox 456 564 552 595; x_wconf 86' lang='lat' dir='ltr'><strong>Herc.</strong></span> <span class='ocrx_word' id='word_1_58' title='bbox 574 563 611 594; x_wconf 78' lang='lat' dir='ltr'><strong>F.</strong></span> <span class='ocrx_word' id='word_1_59' title='bbox 634 559 713 594; x_wconf 86' lang='lat'><strong>332.</strong></span> <span class='ocrx_word' id='word_1_60' title='bbox 739 557 841 593; x_wconf 86' lang='grc'><strong>1029.</strong></span> <span class='ocrx_word' id='word_1_61' title='bbox 865 560 968 602; x_wconf 84' lang='lat' dir='ltr'><strong>Hipp.</strong></span> 
     </span>
     <span class='ocr_line' id='line_1_11' title="bbox 22 604 970 648; baseline -0.006 -2"><span class='ocrx_word' id='word_1_62' title='bbox 22 630 28 648; x_wconf 66' lang='grc'><strong>.-</strong></span> <span class='ocrx_word' id='word_1_63' title='bbox 73 614 120 645; x_wconf 91' lang='lat' dir='ltr'><strong>IA</strong></span> <span class='ocrx_word' id='word_1_64' title='bbox 146 608 223 644; x_wconf 86' lang='grc'><strong>149.</strong></span> <span class='ocrx_word' id='word_1_65' title='bbox 254 609 334 644; x_wconf 89' lang='grc'><strong>345.</strong></span> <span class='ocrx_word' id='word_1_66' title='bbox 366 611 411 648; x_wconf 80' lang='grc' dir='ltr'><strong>ΙΤ</strong></span> <span class='ocrx_word' id='word_1_67' title='bbox 437 607 493 642; x_wconf 90' lang='grc'><strong>99.</strong></span> <span class='ocrx_word' id='word_1_68' title='bbox 518 606 619 642; x_wconf 88' lang='grc'><strong>1304.</strong></span> <span class='ocrx_word' id='word_1_69' title='bbox 656 609 712 641; x_wconf 88' lang='lat' dir='ltr'><strong>Or.</strong></span> <span class='ocrx_word' id='word_1_70' title='bbox 736 604 837 640; x_wconf 87' lang='lat'><strong>1366.</strong></span> <span class='ocrx_word' id='word_1_71' title='bbox 868 604 970 640; x_wconf 87' lang='lat'><strong>1551.</strong></span> 
     </span>
     <span class='ocr_line' id='line_1_12' title="bbox 6 651 974 705; baseline -0.005 -13"><span class='ocrx_word' id='word_1_72' title='bbox 6 657 24 678; x_wconf 59' lang='lat'><strong>³0</strong></span> <span class='ocrx_word' id='word_1_73' title='bbox 45 657 124 692; x_wconf 97' lang='lat'><strong>114.</strong></span> <span class='ocrx_word' id='word_1_74' title='bbox 145 656 225 691; x_wconf 91' lang='lat'><strong>261.</strong></span> <span class='ocrx_word' id='word_1_75' title='bbox 262 656 458 705; x_wconf 77' lang='grc' dir='ltr'>κλῃδοῦχος</span> <span class='ocrx_word' id='word_1_76' title='bbox 483 658 585 698; x_wconf 89' lang='lat' dir='ltr'><strong>Hipp.</strong></span> <span class='ocrx_word' id='word_1_77' title='bbox 608 653 688 689; x_wconf 88' lang='grc'><strong>541.</strong></span> <span class='ocrx_word' id='word_1_78' title='bbox 718 655 762 687; x_wconf 91' lang='lat' dir='ltr'><strong>IT</strong></span> <span class='ocrx_word' id='word_1_79' title='bbox 781 651 858 688; x_wconf 83' lang='lat'><strong>131.</strong></span> <span class='ocrx_word' id='word_1_80' title='bbox 887 652 974 701; x_wconf 77' lang='grc' dir='ltr'>κλῃ-</span> 
     </span>
     <span class='ocr_line' id='line_1_13' title="bbox 66 701 974 743; baseline -0.008 -3.519"><span class='ocrx_word' id='word_1_81' title='bbox 66 709 98 740; x_wconf 88' lang='grc' dir='ltr'><strong>ῖν</strong></span> <span class='ocrx_word' id='word_1_82' title='bbox 123 707 222 740; x_wconf 84' lang='lat' dir='ltr'><strong>Herc.</strong></span> <span class='ocrx_word' id='word_1_83' title='bbox 245 706 280 738; x_wconf 86' lang='lat' dir='ltr'><strong>F.</strong></span> <span class='ocrx_word' id='word_1_84' title='bbox 305 702 406 738; x_wconf 89' lang='grc'><strong>1288.</strong></span> <span class='ocrx_word' id='word_1_85' title='bbox 443 705 487 736; x_wconf 87' lang='lat' dir='ltr'><strong>IT</strong></span> <span class='ocrx_word' id='word_1_86' title='bbox 510 701 598 735; x_wconf 81' lang='lat'><strong>1463</strong></span> <span class='ocrx_word' id='word_1_87' title='bbox 626 703 685 735; x_wconf 88' lang='lat' dir='ltr'><strong>sed</strong></span> <span class='ocrx_word' id='word_1_88' title='bbox 709 711 770 743; x_wconf 90' lang='lat' dir='ltr'><strong>per</strong></span> <span class='ocrx_word' id='word_1_89' title='bbox 793 713 822 735; x_wconf 89' lang='grc' dir='ltr'><strong>ει</strong></span> <span class='ocrx_word' id='word_1_90' title='bbox 850 702 974 742; x_wconf 87' lang='lat' dir='ltr'><strong>scripta</strong></span> 
     </span>
     <span class='ocr_line' id='line_1_14' title="bbox 82 746 969 798; baseline -0.008 -11.616"><span class='ocrx_word' id='word_1_91' title='bbox 82 755 171 786; x_wconf 86' lang='lat' dir='ltr'><strong>And.</strong></span> <span class='ocrx_word' id='word_1_92' title='bbox 189 750 268 785; x_wconf 91' lang='lat'><strong>502.</strong></span> <span class='ocrx_word' id='word_1_93' title='bbox 302 749 446 798; x_wconf 77' lang='grc' dir='ltr'>ἐγκλείω</span> <span class='ocrx_word' id='word_1_94' title='bbox 466 752 546 783; x_wconf 87' lang='lat' dir='ltr'><strong>Hec.</strong></span> <span class='ocrx_word' id='word_1_95' title='bbox 570 747 670 782; x_wconf 86' lang='lat'><strong>1284.</strong></span> <span class='ocrx_word' id='word_1_96' title='bbox 699 746 862 795; x_wconf 75' lang='grc' dir='ltr'>κλεῖθρον</span> <span class='ocrx_word' id='word_1_97' title='bbox 879 748 969 780; x_wconf 87' lang='lat' dir='ltr'><strong>And.</strong></span> 
     </span>
     <span class='ocr_line' id='line_1_15' title="bbox 61 791 969 841; baseline -0.009 -6.434"><span class='ocrx_word' id='word_1_98' title='bbox 61 801 140 833; x_wconf 84' lang='lat' dir='ltr'><strong>Hel.</strong></span> <span class='ocrx_word' id='word_1_99' title='bbox 159 797 240 833; x_wconf 80' lang='grc'><strong>288.</strong></span> <span class='ocrx_word' id='word_1_100' title='bbox 270 800 373 841; x_wconf 89' lang='lat' dir='ltr'><strong>Hipp.</strong></span> <span class='ocrx_word' id='word_1_101' title='bbox 394 796 475 830; x_wconf 82' lang='grc'><strong>808.</strong></span> <span class='ocrx_word' id='word_1_102' title='bbox 503 799 558 830; x_wconf 92' lang='lat' dir='ltr'><strong>Or.</strong></span> <span class='ocrx_word' id='word_1_103' title='bbox 584 793 684 830; x_wconf 92' lang='lat'><strong>1567.</strong></span> <span class='ocrx_word' id='word_1_104' title='bbox 709 793 809 828; x_wconf 88' lang='grc'><strong>1571.</strong></span> <span class='ocrx_word' id='word_1_105' title='bbox 831 795 891 828; x_wconf 88' lang='lat' dir='ltr'><strong>Ph.</strong></span> <span class='ocrx_word' id='word_1_106' title='bbox 913 791 969 826; x_wconf 84' lang='lat'><strong>64.</strong></span> 
     </span>
     <span class='ocr_line' id='line_1_16' title="bbox 18 843 969 886; baseline -0.007 -6"><span class='ocrx_word' id='word_1_107' title='bbox 18 849 128 881; x_wconf 69' lang='grc' dir='ltr'><strong>·”Ζ.1“ι·.</strong></span> <span class='ocrx_word' id='word_1_108' title='bbox 150 848 206 879; x_wconf 86' lang='lat' dir='ltr'><strong>Er.</strong></span> <span class='ocrx_word' id='word_1_109' title='bbox 228 843 309 886; x_wconf 82' lang='lat'><strong>364,</strong></span> <span class='ocrx_word' id='word_1_110' title='bbox 329 843 375 878; x_wconf 93' lang='grc'><strong>20</strong></span> <span class='ocrx_word' id='word_1_111' title='bbox 393 856 423 876; x_wconf 87' lang='lat' dir='ltr'><strong>v.</strong></span> <span class='ocrx_word' id='word_1_112' title='bbox 445 846 482 877; x_wconf 90' lang='lat' dir='ltr'><strong>B.</strong></span> <span class='ocrx_word' id='word_1_113' title='bbox 501 845 631 884; x_wconf 89' lang='lat' dir='ltr'><strong>Gerth.,</strong></span> <span class='ocrx_word' id='word_1_114' title='bbox 652 845 693 876; x_wconf 90' lang='lat' dir='ltr'><strong>de</strong></span> <span class='ocrx_word' id='word_1_115' title='bbox 712 843 769 874; x_wconf 83' lang='lat' dir='ltr'><strong>Gr.</strong></span> <span class='ocrx_word' id='word_1_116' title='bbox 790 847 873 883; x_wconf 82' lang='lat' dir='ltr'><strong>trag.</strong></span> <span class='ocrx_word' id='word_1_117' title='bbox 893 843 969 874; x_wconf 80' lang='lat' dir='ltr'><strong>dial.</strong></span> 
     </span>
     <span class='ocr_line' id='line_1_17' title="bbox 8 887 969 938; baseline -0.006 -11"><span class='ocrx_word' id='word_1_118' title='bbox 8 891 184 938; x_wconf 58' lang='lat' dir='ltr'><strong>]}&#39;1³Ssq.]:</strong></span> <span class='ocrx_word' id='word_1_119' title='bbox 204 895 239 925; x_wconf 91' lang='lat' dir='ltr'><strong>in</strong></span> <span class='ocrx_word' id='word_1_120' title='bbox 259 894 394 925; x_wconf 83' lang='lat' dir='ltr'><strong>Hecuba</strong></span> <span class='ocrx_word' id='word_1_121' title='bbox 412 903 443 923; x_wconf 87' lang='lat' dir='ltr'><strong>v.</strong></span> <span class='ocrx_word' id='word_1_122' title='bbox 461 889 528 924; x_wconf 84' lang='lat'><strong>487</strong></span> <span class='ocrx_word' id='word_1_123' title='bbox 547 891 631 923; x_wconf 79' lang='lat' dir='ltr'><strong>Flor.</strong></span> <span class='ocrx_word' id='word_1_124' title='bbox 653 888 694 922; x_wconf 90' lang='lat'><strong>10</strong></span> <span class='ocrx_word' id='word_1_125' title='bbox 711 887 969 936; x_wconf 76' lang='grc' dir='ltr'>ξυγκεκλιμὲνη,</span> 
     </span>
     <span class='ocr_line' id='line_1_18' title="bbox 16 935 972 983; baseline -0.005 -9"><span class='ocrx_word' id='word_1_126' title='bbox 16 942 25 983; x_wconf 48' lang='lat' dir='ltr'>ss</span> <span class='ocrx_word' id='word_1_127' title='bbox 42 942 152 975; x_wconf 71' lang='lat' dir='ltr'><strong>ortum</strong></span> <span class='ocrx_word' id='word_1_128' title='bbox 170 941 273 981; x_wconf 84' lang='lat' dir='ltr'><strong>illud,</strong></span> <span class='ocrx_word' id='word_1_129' title='bbox 305 945 343 972; x_wconf 90' lang='lat' dir='ltr'><strong>ut</strong></span> <span class='ocrx_word' id='word_1_130' title='bbox 362 939 479 971; x_wconf 80' lang='lat' dir='ltr'><strong>Matth.</strong></span> <span class='ocrx_word' id='word_1_131' title='bbox 500 939 649 980; x_wconf 73' lang='lat' dir='ltr'><strong>putavit,</strong></span> <span class='ocrx_word' id='word_1_132' title='bbox 670 947 713 969; x_wconf 77' lang='lat' dir='ltr'><strong>ex</strong></span> <span class='ocrx_word' id='word_1_133' title='bbox 731 935 972 983; x_wconf 78' lang='grc' dir='ltr'>Ευγκεκλειμέ-</span> 
     </span>
     <span class='ocr_line' id='line_1_19' title="bbox 9 984 974 1034; baseline -0.007 -13"><span class='ocrx_word' id='word_1_134' title='bbox 9 984 95 1026; x_wconf 43' lang='lat' dir='ltr'><strong>&amp;sed</strong></span> <span class='ocrx_word' id='word_1_135' title='bbox 113 998 156 1020; x_wconf 81' lang='lat' dir='ltr'><strong>ex</strong></span> <span class='ocrx_word' id='word_1_136' title='bbox 181 985 438 1034; x_wconf 73' lang='grc' dir='ltr'>ξυγκεκλῃμὲνη</span> <span class='ocrx_word' id='word_1_137' title='bbox 451 1012 459 1026; x_wconf 83' lang='lat'><strong>,</strong></span> <span class='ocrx_word' id='word_1_138' title='bbox 489 986 577 1018; x_wconf 87' lang='lat' dir='ltr'><strong>unde</strong></span> <span class='ocrx_word' id='word_1_139' title='bbox 596 985 680 1016; x_wconf 78' lang='lat' dir='ltr'><strong>mele</strong></span> <span class='ocrx_word' id='word_1_140' title='bbox 697 985 738 1016; x_wconf 86' lang='lat' dir='ltr'><strong>ab</strong></span> <span class='ocrx_word' id='word_1_141' title='bbox 756 985 828 1025; x_wconf 92' lang='lat' dir='ltr'><strong>ipso</strong></span> <span class='ocrx_word' id='word_1_142' title='bbox 846 985 974 1015; x_wconf 90' lang='lat' dir='ltr'><strong>editum</strong></span> 
     </span>
     <span class='ocr_line' id='line_1_20' title="bbox 49 1032 970 1080; baseline -0.006 -12.238"><span class='ocrx_word' id='word_1_143' title='bbox 49 1036 171 1076; x_wconf 82' lang='lat' dir='ltr'><strong>eliquis</strong></span> <span class='ocrx_word' id='word_1_144' title='bbox 205 1032 510 1080; x_wconf 76' lang='grc' dir='ltr'>Ευγκεκλεισμένη,</span> <span class='ocrx_word' id='word_1_145' title='bbox 548 1032 759 1064; x_wconf 73' lang='lat' dir='ltr'><strong>emendatius</strong></span> <span class='ocrx_word' id='word_1_146' title='bbox 786 1032 825 1063; x_wconf 80' lang='lat' dir='ltr'><strong>ab</strong></span> <span class='ocrx_word' id='word_1_147' title='bbox 856 1032 970 1063; x_wconf 87' lang='lat' dir='ltr'><strong>Herm.</strong></span> 
     </span>
     <span class='ocr_line' id='line_1_21' title="bbox 22 1074 970 1124; baseline -0.006 -9"><span class='ocrx_word' id='word_1_148' title='bbox 22 1086 143 1124; x_wconf 82' lang='lat' dir='ltr'><strong>¹·tum;</strong></span> <span class='ocrx_word' id='word_1_149' title='bbox 165 1088 199 1114; x_wconf 84' lang='lat' dir='ltr'><strong>et</strong></span> <span class='ocrx_word' id='word_1_150' title='bbox 216 1083 290 1123; x_wconf 83' lang='lat' dir='ltr'><strong>ipse</strong></span> <span class='ocrx_word' id='word_1_151' title='bbox 305 1081 494 1113; x_wconf 80' lang='lat' dir='ltr'><strong>retractavit</strong></span> <span class='ocrx_word' id='word_1_152' title='bbox 512 1080 630 1111; x_wconf 82' lang='lat' dir='ltr'><strong>Matth.</strong></span> <span class='ocrx_word' id='word_1_153' title='bbox 651 1080 691 1111; x_wconf 88' lang='lat' dir='ltr'><strong>ad</strong></span> <span class='ocrx_word' id='word_1_154' title='bbox 709 1079 868 1110; x_wconf 84' lang='lat' dir='ltr'><strong>Androm.</strong></span> <span class='ocrx_word' id='word_1_155' title='bbox 891 1074 970 1109; x_wconf 87' lang='lat'><strong>495.</strong></span> 
     </span>
     <span class='ocr_line' id='line_1_22' title="bbox 58 1126 973 1175; baseline -0.006 -13.323"><span class='ocrx_word' id='word_1_156' title='bbox 58 1130 258 1168; x_wconf 80' lang='lat' dir='ltr'>Aeschylum</span> <span class='ocrx_word' id='word_1_157' title='bbox 282 1126 415 1175; x_wconf 72' lang='grc' dir='ltr'>κλῇδας</span> <span class='ocrx_word' id='word_1_158' title='bbox 438 1128 536 1167; x_wconf 87' lang='lat' dir='ltr'><strong>vulgo</strong></span> <span class='ocrx_word' id='word_1_159' title='bbox 554 1127 710 1158; x_wconf 83' lang='lat' dir='ltr'><strong>scribitur</strong></span> <span class='ocrx_word' id='word_1_160' title='bbox 727 1127 800 1157; x_wconf 87' lang='lat' dir='ltr'><strong>sine</strong></span> <span class='ocrx_word' id='word_1_161' title='bbox 817 1126 973 1156; x_wconf 83' lang='lat' dir='ltr'><strong>dissensu</strong></span> 
     </span>
     <span class='ocr_line' id='line_1_23' title="bbox 13 1168 971 1222; baseline -0.006 -13"><span class='ocrx_word' id='word_1_162' title='bbox 13 1175 67 1209; x_wconf 52' lang='lat'><strong>4¹18</strong></span> <span class='ocrx_word' id='word_1_163' title='bbox 82 1177 172 1215; x_wconf 77' lang='lat' dir='ltr'><strong>libri,</strong></span> <span class='ocrx_word' id='word_1_164' title='bbox 199 1168 292 1222; x_wconf 72' lang='grc' dir='ltr'>κλῄθ</span> <span class='ocrx_word' id='word_1_165' title='bbox 315 1187 361 1208; x_wconf 90' lang='grc' dir='ltr'><strong>ων</strong></span> <span class='ocrx_word' id='word_1_166' title='bbox 387 1175 534 1215; x_wconf 88' lang='lat' dir='ltr'><strong>oportuit</strong></span> <span class='ocrx_word' id='word_1_167' title='bbox 551 1183 594 1205; x_wconf 81' lang='lat' dir='ltr'><strong>ex</strong></span> <span class='ocrx_word' id='word_1_168' title='bbox 612 1174 760 1205; x_wconf 85' lang='lat' dir='ltr'><strong>Mediceo</strong></span> <span class='ocrx_word' id='word_1_169' title='bbox 778 1173 869 1213; x_wconf 86' lang='lat' dir='ltr'><strong>Sept.</strong></span> <span class='ocrx_word' id='word_1_170' title='bbox 892 1168 971 1212; x_wconf 88' lang='lat'><strong>396,</strong></span> 
     </span>
     <span class='ocr_line' id='line_1_24' title="bbox 59 1217 976 1313; baseline -0.005 -11.234"><span class='ocrx_word' id='word_1_171' title='bbox 59 1219 370 1302; x_wconf 51' lang='grc' dir='ltr'>ἰᾐσέἐέθῗὶὲηῗα</span> <span class='ocrx_word' id='word_1_172' title='bbox 381 1217 976 1313; x_wconf 47' lang='grc' dir='ltr'><strong>Ὓεῧῖῗμιῖᾒῗωῗὲέηῖῖέλίἓὲζῖἐῖ</strong></span> 
     </span>
     <span class='ocr_line' id='line_1_25' title="bbox 4 1309 975 1361; baseline -0.007 -10"><span class='ocrx_word' id='word_1_173' title='bbox 4 1309 57 1355; x_wconf 57' lang='grc' dir='ltr'>,ιῖῘιι</span> <span class='ocrx_word' id='word_1_174' title='bbox 73 1327 107 1349; x_wconf 78' lang='lat' dir='ltr'><strong>·e</strong></span> <span class='ocrx_word' id='word_1_175' title='bbox 121 1314 429 1361; x_wconf 78' lang='grc' dir='ltr'>ιιΙίὶ]”κεκλιμένην.</span> <span class='ocrx_word' id='word_1_176' title='bbox 458 1316 549 1347; x_wconf 78' lang='lat' dir='ltr'><strong>Haec</strong></span> <span class='ocrx_word' id='word_1_177' title='bbox 563 1315 754 1356; x_wconf 82' lang='lat' dir='ltr'><strong>expendere</strong></span> <span class='ocrx_word' id='word_1_178' title='bbox 773 1314 894 1346; x_wconf 77' lang='lat' dir='ltr'><strong>usitata</strong></span> <span class='ocrx_word' id='word_1_179' title='bbox 911 1314 975 1345; x_wconf 89' lang='lat' dir='ltr'><strong>sibi</strong></span> 
     </span>
     <span class='ocr_line' id='line_1_26' title="bbox 31 1358 975 1410; baseline -0.006 -13.149"><span class='ocrx_word' id='word_1_180' title='bbox 31 1377 55 1392; x_wconf 83' lang='grc' dir='ltr'><strong>ιι·</strong></span> <span class='ocrx_word' id='word_1_181' title='bbox 76 1375 98 1410; x_wconf 79' lang='grc' dir='ltr'>ᾳ</span> <span class='ocrx_word' id='word_1_182' title='bbox 117 1365 323 1396; x_wconf 83' lang='lat' dir='ltr'><strong>Wellauerus</strong></span> <span class='ocrx_word' id='word_1_183' title='bbox 338 1363 501 1402; x_wconf 80' lang='lat' dir='ltr'><strong>neglexit.</strong></span> <span class='ocrx_word' id='word_1_184' title='bbox 521 1363 572 1393; x_wconf 85' lang='lat' dir='ltr'><strong>De</strong></span> <span class='ocrx_word' id='word_1_185' title='bbox 586 1362 811 1402; x_wconf 78' lang='lat' dir='ltr'><strong>Aristophane</strong></span> <span class='ocrx_word' id='word_1_186' title='bbox 826 1358 872 1404; x_wconf 91' lang='lat' dir='ltr'><strong>[v.</strong></span> <span class='ocrx_word' id='word_1_187' title='bbox 890 1369 975 1401; x_wconf 87' lang='lat' dir='ltr'><strong>quae</strong></span> 
     </span>
     <span class='ocr_line' id='line_1_27' title="bbox 14 1405 974 1452; baseline -0.008 -7"><span class='ocrx_word' id='word_1_188' title='bbox 14 1407 98 1447; x_wconf 68' lang='grc' dir='ltr'>”,’”ι</span> <span class='ocrx_word' id='word_1_189' title='bbox 115 1411 155 1443; x_wconf 91' lang='lat' dir='ltr'><strong>N.</strong></span> <span class='ocrx_word' id='word_1_190' title='bbox 178 1411 361 1442; x_wconf 77' lang='lat' dir='ltr'><strong>Wecklein.</strong></span> <span class='ocrx_word' id='word_1_191' title='bbox 384 1419 482 1441; x_wconf 84' lang='lat' dir='ltr'><strong>curae</strong></span> <span class='ocrx_word' id='word_1_192' title='bbox 499 1411 604 1449; x_wconf 85' lang='lat' dir='ltr'><strong>epigr.</strong></span> <span class='ocrx_word' id='word_1_193' title='bbox 625 1419 658 1449; x_wconf 91' lang='lat' dir='ltr'><strong>p.</strong></span> <span class='ocrx_word' id='word_1_194' title='bbox 681 1405 752 1452; x_wconf 90' lang='grc'><strong>66].</strong></span> <span class='ocrx_word' id='word_1_195' title='bbox 784 1409 820 1438; x_wconf 94' lang='lat' dir='ltr'><strong>ln</strong></span> <span class='ocrx_word' id='word_1_196' title='bbox 841 1408 974 1446; x_wconf 82' lang='lat' dir='ltr'><strong>Thucy-</strong></span> 
     </span>
     <span class='ocr_line' id='line_1_28' title="bbox 10 1454 973 1496; baseline -0.006 -5"><span class='ocrx_word' id='word_1_197' title='bbox 10 1454 11 1457; x_wconf 49' lang='lat'>&#39;</span> <span class='ocrx_word' id='word_1_198' title='bbox 60 1458 247 1495; x_wconf 71' lang='lat' dir='ltr'><strong>secundum</strong></span> <span class='ocrx_word' id='word_1_199' title='bbox 265 1458 360 1490; x_wconf 84' lang='lat' dir='ltr'><strong>codd.</strong></span> <span class='ocrx_word' id='word_1_200' title='bbox 380 1457 469 1488; x_wconf 89' lang='lat' dir='ltr'><strong>idem</strong></span> <span class='ocrx_word' id='word_1_201' title='bbox 487 1457 586 1496; x_wconf 84' lang='lat' dir='ltr'><strong>plane</strong></span> <span class='ocrx_word' id='word_1_202' title='bbox 605 1460 733 1487; x_wconf 86' lang='lat' dir='ltr'><strong>constat</strong></span> <span class='ocrx_word' id='word_1_203' title='bbox 756 1464 822 1486; x_wconf 89' lang='lat' dir='ltr'><strong>sec.</strong></span> <span class='ocrx_word' id='word_1_204' title='bbox 843 1456 973 1496; x_wconf 87' lang='lat' dir='ltr'><strong>Poppo-</strong></span> 
     </span>
     <span class='ocr_line' id='line_1_29' title="bbox 24 1498 971 1548; baseline -0.005 -11"><span class='ocrx_word' id='word_1_205' title='bbox 24 1503 194 1548; x_wconf 63' lang='grc' dir='ltr'><strong>’,Ρι-οΙθς.</strong></span> <span class='ocrx_word' id='word_1_206' title='bbox 216 1506 242 1537; x_wconf 94' lang='lat'><strong>1.</strong></span> <span class='ocrx_word' id='word_1_207' title='bbox 264 1515 296 1546; x_wconf 91' lang='lat' dir='ltr'><strong>p.</strong></span> <span class='ocrx_word' id='word_1_208' title='bbox 318 1500 388 1536; x_wconf 89' lang='lat'><strong>212</strong></span> <span class='ocrx_word' id='word_1_209' title='bbox 413 1508 446 1535; x_wconf 87' lang='lat' dir='ltr'><strong>et</strong></span> <span class='ocrx_word' id='word_1_210' title='bbox 471 1508 540 1534; x_wconf 90' lang='lat' dir='ltr'><strong>not.</strong></span> <span class='ocrx_word' id='word_1_211' title='bbox 561 1504 633 1534; x_wconf 82' lang='lat' dir='ltr'><strong>crit.</strong></span> <span class='ocrx_word' id='word_1_212' title='bbox 655 1503 694 1534; x_wconf 74' lang='lat' dir='ltr'><strong>ad</strong></span> <span class='ocrx_word' id='word_1_213' title='bbox 712 1499 746 1539; x_wconf 83' lang='grc'><strong>2,</strong></span> <span class='ocrx_word' id='word_1_214' title='bbox 766 1498 824 1533; x_wconf 88' lang='grc'><strong>93.</strong></span> <span class='ocrx_word' id='word_1_215' title='bbox 844 1499 900 1533; x_wconf 87' lang='grc'><strong>94.</strong></span> <span class='ocrx_word' id='word_1_216' title='bbox 937 1498 971 1541; x_wconf 87' lang='grc'><strong>4,</strong></span> 
     </span>
     <span class='ocr_line' id='line_1_30' title="bbox 104 1548 976 1593; baseline -0.006 -8.589"><span class='ocrx_word' id='word_1_217' title='bbox 104 1550 138 1593; x_wconf 90' lang='grc'><strong>5,</strong></span> <span class='ocrx_word' id='word_1_218' title='bbox 160 1550 215 1584; x_wconf 88' lang='grc'><strong>71.</strong></span> <span class='ocrx_word' id='word_1_219' title='bbox 247 1549 281 1591; x_wconf 84' lang='grc'><strong>6,</strong></span> <span class='ocrx_word' id='word_1_220' title='bbox 301 1548 358 1584; x_wconf 92' lang='grc'><strong>64.</strong></span> <span class='ocrx_word' id='word_1_221' title='bbox 394 1552 432 1582; x_wconf 89' lang='lat' dir='ltr'><strong>In</strong></span> <span class='ocrx_word' id='word_1_222' title='bbox 450 1550 684 1590; x_wconf 81' lang='lat' dir='ltr'><strong>Xenophontis</strong></span> <span class='ocrx_word' id='word_1_223' title='bbox 702 1550 814 1589; x_wconf 90' lang='lat' dir='ltr'><strong>libris,</strong></span> <span class='ocrx_word' id='word_1_224' title='bbox 843 1558 905 1580; x_wconf 88' lang='lat' dir='ltr'><strong>nec</strong></span> <span class='ocrx_word' id='word_1_225' title='bbox 924 1558 976 1580; x_wconf 92' lang='lat' dir='ltr'><strong>re-</strong></span> 
     </span>
     <span class='ocr_line' id='line_1_31' title="bbox 37 1593 974 1642; baseline -0.006 -10"><span class='ocrx_word' id='word_1_226' title='bbox 37 1602 60 1636; x_wconf 72' lang='lat'><strong>,&#39;‘·</strong></span> <span class='ocrx_word' id='word_1_227' title='bbox 96 1600 132 1631; x_wconf 90' lang='lat' dir='ltr'><strong>in</strong></span> <span class='ocrx_word' id='word_1_228' title='bbox 157 1609 196 1631; x_wconf 86' lang='lat' dir='ltr'><strong>eo</strong></span> <span class='ocrx_word' id='word_1_229' title='bbox 222 1600 400 1640; x_wconf 78' lang='lat' dir='ltr'><strong>scriptore,</strong></span> <span class='ocrx_word' id='word_1_230' title='bbox 429 1598 530 1629; x_wconf 89' lang='lat' dir='ltr'><strong>nimis</strong></span> <span class='ocrx_word' id='word_1_231' title='bbox 555 1606 654 1638; x_wconf 75' lang='lat' dir='ltr'><strong>saepe</strong></span> <span class='ocrx_word' id='word_1_232' title='bbox 673 1593 866 1642; x_wconf 74' lang='grc' dir='ltr'>διφθόγγως</span> <span class='ocrx_word' id='word_1_233' title='bbox 891 1596 974 1627; x_wconf 85' lang='lat' dir='ltr'><strong>scri-</strong></span> 
     </span>
     <span class='ocr_line' id='line_1_32' title="bbox 79 1644 970 1685; baseline -0.005 -6.301"><span class='ocrx_word' id='word_1_234' title='bbox 79 1647 236 1678; x_wconf 73' lang='lat' dir='ltr'><strong>.observat</strong></span> <span class='ocrx_word' id='word_1_235' title='bbox 254 1647 405 1685; x_wconf 85' lang='lat' dir='ltr'><strong>Krueger</strong></span> <span class='ocrx_word' id='word_1_236' title='bbox 429 1645 469 1676; x_wconf 85' lang='lat' dir='ltr'><strong>ad</strong></span> <span class='ocrx_word' id='word_1_237' title='bbox 486 1645 587 1676; x_wconf 90' lang='lat' dir='ltr'><strong>Dion.</strong></span> <span class='ocrx_word' id='word_1_238' title='bbox 616 1645 691 1675; x_wconf 81' lang='lat' dir='ltr'><strong>Hal.</strong></span> <span class='ocrx_word' id='word_1_239' title='bbox 714 1644 908 1682; x_wconf 88' lang='lat' dir='ltr'><strong>Historiogr.</strong></span> <span class='ocrx_word' id='word_1_240' title='bbox 937 1653 970 1683; x_wconf 91' lang='lat' dir='ltr'><strong>p.</strong></span> 
     </span>
     <span class='ocr_line' id='line_1_33' title="bbox 12 1691 971 1734; baseline -0.005 -8"><span class='ocrx_word' id='word_1_241' title='bbox 12 1729 14 1731; x_wconf 56' lang='grc'>,</span> <span class='ocrx_word' id='word_1_242' title='bbox 34 1696 41 1730; x_wconf 72' lang='grc' dir='ltr'><strong>ς’</strong></span> <span class='ocrx_word' id='word_1_243' title='bbox 55 1699 172 1734; x_wconf 66' lang='lat' dir='ltr'><strong>‘&#39;quam</strong></span> <span class='ocrx_word' id='word_1_244' title='bbox 197 1697 236 1725; x_wconf 91' lang='lat' dir='ltr'><strong>ut</strong></span> <span class='ocrx_word' id='word_1_245' title='bbox 251 1693 357 1734; x_wconf 83' lang='lat' dir='ltr'><strong>possit</strong></span> <span class='ocrx_word' id='word_1_246' title='bbox 374 1692 510 1733; x_wconf 83' lang='lat' dir='ltr'><strong>expelli.</strong></span> <span class='ocrx_word' id='word_1_247' title='bbox 550 1692 705 1732; x_wconf 88' lang='lat' dir='ltr'><strong>Denique</strong></span> <span class='ocrx_word' id='word_1_248' title='bbox 722 1692 757 1722; x_wconf 90' lang='lat' dir='ltr'><strong>in</strong></span> <span class='ocrx_word' id='word_1_249' title='bbox 776 1691 971 1730; x_wconf 84' lang='lat' dir='ltr'><strong>oratoribus,</strong></span> 
     </span>
     <span class='ocr_line' id='line_1_34' title="bbox 15 1737 976 1785; baseline -0.006 -12"><span class='ocrx_word' id='word_1_250' title='bbox 15 1779 18 1782; x_wconf 68' lang='lat'><em>,</em></span> <span class='ocrx_word' id='word_1_251' title='bbox 35 1743 52 1785; x_wconf 51' lang='grc' dir='ltr'>ᾗ</span> <span class='ocrx_word' id='word_1_252' title='bbox 72 1741 242 1772; x_wconf 79' lang='lat' dir='ltr'><strong>centioris</strong></span> <span class='ocrx_word' id='word_1_253' title='bbox 267 1740 385 1772; x_wconf 83' lang='lat' dir='ltr'><strong>aetatis</strong></span> <span class='ocrx_word' id='word_1_254' title='bbox 403 1743 501 1779; x_wconf 85' lang='lat' dir='ltr'><strong>sunt,</strong></span> <span class='ocrx_word' id='word_1_255' title='bbox 531 1748 569 1770; x_wconf 85' lang='lat' dir='ltr'><strong>ea</strong></span> <span class='ocrx_word' id='word_1_256' title='bbox 592 1739 755 1779; x_wconf 85' lang='lat' dir='ltr'><strong>scriptura</strong></span> <span class='ocrx_word' id='word_1_257' title='bbox 773 1738 859 1768; x_wconf 91' lang='lat' dir='ltr'><strong>nihil</strong></span> <span class='ocrx_word' id='word_1_258' title='bbox 876 1737 976 1768; x_wconf 81' lang='lat' dir='ltr'><strong>habet</strong></span> 
     </span>
     <span class='ocr_line' id='line_1_35' title="bbox 54 1779 975 1828; baseline -0.005 -8.183"><span class='ocrx_word' id='word_1_259' title='bbox 54 1796 130 1828; x_wconf 68' lang='lat' dir='ltr'><strong>-ae,</strong></span> <span class='ocrx_word' id='word_1_260' title='bbox 158 1787 216 1819; x_wconf 87' lang='lat' dir='ltr'><strong>sed</strong></span> <span class='ocrx_word' id='word_1_261' title='bbox 240 1787 327 1828; x_wconf 87' lang='lat' dir='ltr'><strong>quod</strong></span> <span class='ocrx_word' id='word_1_262' title='bbox 351 1796 393 1818; x_wconf 90' lang='lat' dir='ltr'><strong>ne</strong></span> <span class='ocrx_word' id='word_1_263' title='bbox 410 1796 462 1828; x_wconf 84' lang='lat' dir='ltr'><strong>ap.</strong></span> <span class='ocrx_word' id='word_1_264' title='bbox 485 1786 688 1818; x_wconf 81' lang='lat' dir='ltr'><strong>Andocidem</strong></span> <span class='ocrx_word' id='word_1_265' title='bbox 713 1779 850 1826; x_wconf 90' lang='lat' dir='ltr'><strong>quidem</strong></span> <span class='ocrx_word' id='word_1_266' title='bbox 868 1785 975 1816; x_wconf 90' lang='lat' dir='ltr'><strong>ullum</strong></span> 
     </span>
     <span class='ocr_line' id='line_1_36' title="bbox 62 1832 975 1875; baseline -0.004 -9.164"><span class='ocrx_word' id='word_1_267' title='bbox 62 1841 91 1866; x_wconf 78' lang='lat' dir='ltr'><strong>s</strong></span> <span class='ocrx_word' id='word_1_268' title='bbox 108 1835 276 1875; x_wconf 87' lang='lat' dir='ltr'><strong>reliquum</strong></span> <span class='ocrx_word' id='word_1_269' title='bbox 295 1834 474 1874; x_wconf 79' lang='lat' dir='ltr'><strong>vestigium</strong></span> <span class='ocrx_word' id='word_1_270' title='bbox 491 1836 559 1872; x_wconf 83' lang='lat' dir='ltr'><strong>est,</strong></span> <span class='ocrx_word' id='word_1_271' title='bbox 580 1833 724 1864; x_wconf 85' lang='lat' dir='ltr'><strong>Bekkeri</strong></span> <span class='ocrx_word' id='word_1_272' title='bbox 751 1832 975 1872; x_wconf 84' lang='lat' dir='ltr'><strong>negligentiae</strong></span> 
     </span>
     <span class='ocr_line' id='line_1_37' title="bbox 19 1875 976 1930; baseline -0.005 -15"><span class='ocrx_word' id='word_1_273' title='bbox 19 1875 48 1930; x_wconf 47' lang='grc' dir='ltr'><strong>,ζ</strong></span> <span class='ocrx_word' id='word_1_274' title='bbox 60 1878 263 1921; x_wconf 83' lang='lat' dir='ltr'><strong>&#39;&#39;buendum,</strong></span> <span class='ocrx_word' id='word_1_275' title='bbox 290 1880 474 1913; x_wconf 86' lang='lat' dir='ltr'><strong>secundum</strong></span> <span class='ocrx_word' id='word_1_276' title='bbox 492 1890 590 1921; x_wconf 82' lang='lat' dir='ltr'><strong>quam</strong></span> <span class='ocrx_word' id='word_1_277' title='bbox 607 1883 771 1920; x_wconf 85' lang='lat' dir='ltr'><strong>perpetuo</strong></span> <span class='ocrx_word' id='word_1_278' title='bbox 787 1876 924 1924; x_wconf 76' lang='grc' dir='ltr'>γίνομαι</span> <span class='ocrx_word' id='word_1_279' title='bbox 942 1882 976 1910; x_wconf 85' lang='lat' dir='ltr'><strong>et</strong></span> 
     </span>
     <span class='ocr_line' id='line_1_38' title="bbox 77 1927 975 1968; baseline -0.005 -7.284"><span class='ocrx_word' id='word_1_280' title='bbox 77 1933 123 1962; x_wconf 83' lang='grc' dir='ltr'><strong>’ω</strong></span> <span class='ocrx_word' id='word_1_281' title='bbox 140 1929 262 1968; x_wconf 87' lang='lat' dir='ltr'><strong>edidit,</strong></span> <span class='ocrx_word' id='word_1_282' title='bbox 293 1937 335 1960; x_wconf 91' lang='lat' dir='ltr'><strong>ne</strong></span> <span class='ocrx_word' id='word_1_283' title='bbox 353 1928 478 1959; x_wconf 89' lang='lat' dir='ltr'><strong>monito</strong></span> <span class='ocrx_word' id='word_1_284' title='bbox 496 1927 632 1968; x_wconf 90' lang='lat' dir='ltr'><strong>quidem</strong></span> <span class='ocrx_word' id='word_1_285' title='bbox 648 1927 771 1958; x_wconf 88' lang='lat' dir='ltr'><strong>lectore</strong></span> <span class='ocrx_word' id='word_1_286' title='bbox 783 1951 791 1966; x_wconf 94' lang='lat'><strong>,</strong></span> <span class='ocrx_word' id='word_1_287' title='bbox 819 1927 915 1967; x_wconf 83' lang='lat' dir='ltr'><strong>quasi</strong></span> <span class='ocrx_word' id='word_1_288' title='bbox 933 1934 975 1956; x_wconf 89' lang='lat' dir='ltr'><strong>ne</strong></span> 
     </span>
     <span class='ocr_line' id='line_1_39' title="bbox 22 1974 975 2020; baseline -0.005 -12"><span class='ocrx_word' id='word_1_289' title='bbox 22 1988 66 2020; x_wconf 55' lang='lat'><strong>„232</strong></span> <span class='ocrx_word' id='word_1_290' title='bbox 97 1975 231 2017; x_wconf 83' lang='lat' dir='ltr'><strong>quidem</strong></span> <span class='ocrx_word' id='word_1_291' title='bbox 257 1980 315 2006; x_wconf 87' lang='lat' dir='ltr'><strong>ant</strong></span> <span class='ocrx_word' id='word_1_292' title='bbox 349 1975 491 2006; x_wconf 77' lang='lat' dir='ltr'><strong>alterum</strong></span> <span class='ocrx_word' id='word_1_293' title='bbox 516 1974 639 2005; x_wconf 80' lang='lat' dir='ltr'><strong>librum</strong></span> <span class='ocrx_word' id='word_1_294' title='bbox 662 1982 761 2005; x_wconf 86' lang='lat' dir='ltr'><strong>verae</strong></span> <span class='ocrx_word' id='word_1_295' title='bbox 793 1974 975 2013; x_wconf 82' lang='lat' dir='ltr'><strong>scripturae</strong></span> 
     </span>
     <span class='ocr_line' id='line_1_40' title="bbox 73 2021 975 2061; baseline -0.004 -6.226"><span class='ocrx_word' id='word_1_296' title='bbox 73 2036 89 2050; x_wconf 54' lang='grc' dir='ltr'><strong>ἰ</strong></span> <span class='ocrx_word' id='word_1_297' title='bbox 105 2036 110 2051; x_wconf 87' lang='grc' dir='ltr'><strong>ι</strong></span> <span class='ocrx_word' id='word_1_298' title='bbox 135 2023 241 2054; x_wconf 82' lang='lat' dir='ltr'><strong>fuisse</strong></span> <span class='ocrx_word' id='word_1_299' title='bbox 259 2022 416 2054; x_wconf 85' lang='lat' dir='ltr'><strong>credibile</strong></span> <span class='ocrx_word' id='word_1_300' title='bbox 434 2023 488 2053; x_wconf 90' lang='lat' dir='ltr'><strong>sit.</strong></span> <span class='ocrx_word' id='word_1_301' title='bbox 518 2021 570 2052; x_wconf 90' lang='lat' dir='ltr'><strong>De</strong></span> <span class='ocrx_word' id='word_1_302' title='bbox 587 2021 724 2052; x_wconf 86' lang='lat' dir='ltr'><strong>Platone</strong></span> <span class='ocrx_word' id='word_1_303' title='bbox 740 2021 839 2061; x_wconf 89' lang='lat' dir='ltr'><strong>paulo</strong></span> <span class='ocrx_word' id='word_1_304' title='bbox 857 2029 975 2060; x_wconf 90' lang='lat' dir='ltr'><strong>super-</strong></span> 
     </span>
     <span class='ocr_line' id='line_1_41' title="bbox 60 2063 972 2107; baseline -0.004 -6.168"><span class='ocrx_word' id='word_1_305' title='bbox 60 2096 62 2100; x_wconf 78' lang='grc'>,</span> <span class='ocrx_word' id='word_1_306' title='bbox 90 2078 132 2101; x_wconf 84' lang='lat' dir='ltr'><strong>us</strong></span> <span class='ocrx_word' id='word_1_307' title='bbox 156 2069 281 2101; x_wconf 86' lang='lat' dir='ltr'><strong>iudicat</strong></span> <span class='ocrx_word' id='word_1_308' title='bbox 308 2068 535 2100; x_wconf 82' lang='lat' dir='ltr'><strong>Schneiderus</strong></span> <span class='ocrx_word' id='word_1_309' title='bbox 561 2067 602 2099; x_wconf 88' lang='lat' dir='ltr'><strong>ad</strong></span> <span class='ocrx_word' id='word_1_310' title='bbox 629 2067 702 2099; x_wconf 89' lang='lat' dir='ltr'><strong>Civ.</strong></span> <span class='ocrx_word' id='word_1_311' title='bbox 728 2065 761 2099; x_wconf 87' lang='grc'><strong>8.</strong></span> <span class='ocrx_word' id='word_1_312' title='bbox 798 2077 830 2107; x_wconf 90' lang='lat' dir='ltr'><strong>p.</strong></span> <span class='ocrx_word' id='word_1_313' title='bbox 859 2063 927 2098; x_wconf 85' lang='lat'><strong>560</strong></span> <span class='ocrx_word' id='word_1_314' title='bbox 945 2077 972 2106; x_wconf 91' lang='lat' dir='ltr'><strong>c,</strong></span> 
     </span>
     <span class='ocr_line' id='line_1_42' title="bbox 114 2113 976 2162; baseline -0.005 -13.487"><span class='ocrx_word' id='word_1_315' title='bbox 114 2117 216 2148; x_wconf 80' lang='lat' dir='ltr'><strong>altero</strong></span> <span class='ocrx_word' id='word_1_316' title='bbox 239 2117 308 2148; x_wconf 87' lang='lat' dir='ltr'><strong>loco</strong></span> <span class='ocrx_word' id='word_1_317' title='bbox 329 2113 400 2162; x_wconf 71' lang='grc' dir='ltr'><strong>κλῇ</strong></span> <span class='ocrx_word' id='word_1_318' title='bbox 407 2125 462 2148; x_wconf 98' lang='grc' dir='ltr'><strong>σαι</strong></span> <span class='ocrx_word' id='word_1_319' title='bbox 479 2116 574 2155; x_wconf 83' lang='lat' dir='ltr'><strong>quasi</strong></span> <span class='ocrx_word' id='word_1_320' title='bbox 590 2115 738 2155; x_wconf 81' lang='lat' dir='ltr'><strong>precario</strong></span> <span class='ocrx_word' id='word_1_321' title='bbox 761 2115 842 2146; x_wconf 84' lang='lat' dir='ltr'><strong>ferri</strong></span> <span class='ocrx_word' id='word_1_322' title='bbox 859 2123 976 2145; x_wconf 88' lang='lat' dir='ltr'><strong>conce-</strong></span> 
     </span>
     <span class='ocr_line' id='line_1_43' title="bbox 72 2161 977 2205; baseline -0.005 -9.247"><span class='ocrx_word' id='word_1_323' title='bbox 72 2172 275 2205; x_wconf 70' lang='lat' dir='ltr'><strong>.quanquam</strong></span> <span class='ocrx_word' id='word_1_324' title='bbox 288 2172 330 2194; x_wconf 89' lang='lat' dir='ltr'><strong>ne</strong></span> <span class='ocrx_word' id='word_1_325' title='bbox 342 2162 431 2203; x_wconf 84' lang='lat' dir='ltr'><strong>apud</strong></span> <span class='ocrx_word' id='word_1_326' title='bbox 444 2162 532 2193; x_wconf 87' lang='lat' dir='ltr'><strong>hunc</strong></span> <span class='ocrx_word' id='word_1_327' title='bbox 549 2162 685 2202; x_wconf 88' lang='lat' dir='ltr'><strong>quidem</strong></span> <span class='ocrx_word' id='word_1_328' title='bbox 699 2162 837 2200; x_wconf 86' lang='lat' dir='ltr'><strong>vestigia</strong></span> <span class='ocrx_word' id='word_1_329' title='bbox 853 2161 977 2192; x_wconf 87' lang='lat' dir='ltr'><strong>desunt</strong></span> 
     </span>
     <span class='ocr_line' id='line_1_44' title="bbox 32 2208 972 2251; baseline -0.004 -8"><span class='ocrx_word' id='word_1_330' title='bbox 32 2214 36 2218; x_wconf 83' lang='lat'><em>&#39;</em></span> <span class='ocrx_word' id='word_1_331' title='bbox 72 2219 115 2242; x_wconf 90' lang='lat' dir='ltr'><strong>m</strong></span> <span class='ocrx_word' id='word_1_332' title='bbox 139 2211 336 2251; x_wconf 75' lang='lat' dir='ltr'><strong>scripturam</strong></span> <span class='ocrx_word' id='word_1_333' title='bbox 360 2210 530 2241; x_wconf 78' lang='lat' dir='ltr'><strong>testantia.</strong></span> <span class='ocrx_word' id='word_1_334' title='bbox 575 2209 665 2247; x_wconf 83' lang='lat' dir='ltr'><strong>Quin</strong></span> <span class='ocrx_word' id='word_1_335' title='bbox 698 2208 784 2250; x_wconf 91' lang='lat' dir='ltr'><strong>quod</strong></span> <span class='ocrx_word' id='word_1_336' title='bbox 811 2208 972 2239; x_wconf 86' lang='lat' dir='ltr'><strong>Theodos.</strong></span> 
     </span>
     <span class='ocr_line' id='line_1_45' title="bbox 26 2253 976 2301; baseline -0.003 -12"><span class='ocrx_word' id='word_1_337' title='bbox 26 2289 38 2301; x_wconf 29' lang='grc' dir='ltr'><strong>ζ,</strong></span> <span class='ocrx_word' id='word_1_338' title='bbox 68 2262 120 2299; x_wconf 64' lang='lat' dir='ltr'><strong>fp.</strong></span> <span class='ocrx_word' id='word_1_339' title='bbox 137 2254 238 2297; x_wconf 90' lang='lat'><strong>1020,</strong></span> <span class='ocrx_word' id='word_1_340' title='bbox 252 2254 297 2288; x_wconf 86' lang='lat'><strong>25</strong></span> <span class='ocrx_word' id='word_1_341' title='bbox 315 2257 451 2288; x_wconf 85' lang='lat' dir='ltr'><strong>damnat</strong></span> <span class='ocrx_word' id='word_1_342' title='bbox 466 2253 680 2298; x_wconf 83' lang='grc' dir='ltr'>κέκλεισμαι,</span> <span class='ocrx_word' id='word_1_343' title='bbox 702 2256 858 2287; x_wconf 87' lang='lat' dir='ltr'><strong>omnibus</strong></span> <span class='ocrx_word' id='word_1_344' title='bbox 871 2255 976 2287; x_wconf 89' lang='lat' dir='ltr'><strong>Grae-</strong></span> 
     </span>
     <span class='ocr_line' id='line_1_46' title="bbox 26 2299 995 2349; baseline -0.003 -13"><span class='ocrx_word' id='word_1_345' title='bbox 26 2304 37 2348; x_wconf 71' lang='lat'><strong>{,</strong></span> <span class='ocrx_word' id='word_1_346' title='bbox 78 2316 101 2347; x_wconf 94' lang='lat'><strong>·-</strong></span> <span class='ocrx_word' id='word_1_347' title='bbox 106 2309 203 2345; x_wconf 90' lang='lat' dir='ltr'><strong>ptum</strong></span> <span class='ocrx_word' id='word_1_348' title='bbox 213 2301 395 2347; x_wconf 79' lang='grc' dir='ltr'>κέκλειμαι</span> <span class='ocrx_word' id='word_1_349' title='bbox 411 2304 537 2342; x_wconf 83' lang='lat' dir='ltr'><strong>dicens,</strong></span> <span class='ocrx_word' id='word_1_350' title='bbox 559 2303 675 2334; x_wconf 82' lang='lat' dir='ltr'><strong>dubito</strong></span> <span class='ocrx_word' id='word_1_351' title='bbox 693 2312 734 2334; x_wconf 82' lang='lat' dir='ltr'><strong>an</strong></span> <span class='ocrx_word' id='word_1_352' title='bbox 749 2303 788 2334; x_wconf 85' lang='lat' dir='ltr'><strong>ad</strong></span> <span class='ocrx_word' id='word_1_353' title='bbox 802 2299 979 2349; x_wconf 75' lang='grc' dir='ltr'>κέκλημαι</span> <span class='ocrx_word' id='word_1_354' title='bbox 993 2306 995 2312; x_wconf 92' lang='grc'><strong>“</strong></span> 
     </span>
     <span class='ocr_line' id='line_1_47' title="bbox 27 2348 978 2392; baseline -0.004 -9"><span class='ocrx_word' id='word_1_355' title='bbox 27 2353 31 2357; x_wconf 69' lang='grc'><strong>“</strong></span> <span class='ocrx_word' id='word_1_356' title='bbox 49 2348 54 2357; x_wconf 82' lang='grc'><em>”</em></span> <span class='ocrx_word' id='word_1_357' title='bbox 73 2375 75 2377; x_wconf 89' lang='grc'><strong>.</strong></span> <span class='ocrx_word' id='word_1_358' title='bbox 112 2360 171 2382; x_wconf 90' lang='lat' dir='ltr'><strong>nos</strong></span> <span class='ocrx_word' id='word_1_359' title='bbox 195 2351 314 2391; x_wconf 77' lang='lat' dir='ltr'><strong>ducat,</strong></span> <span class='ocrx_word' id='word_1_360' title='bbox 350 2359 550 2392; x_wconf 83' lang='lat' dir='ltr'><strong>quamquam</strong></span> <span class='ocrx_word' id='word_1_361' title='bbox 583 2350 829 2390; x_wconf 82' lang='lat' dir='ltr'><strong>diphthongum</strong></span> <span class='ocrx_word' id='word_1_362' title='bbox 862 2353 978 2380; x_wconf 71' lang='lat' dir='ltr'><strong>tuetur</strong></span> 
     </span>
     <span class='ocr_line' id='line_1_48' title="bbox 30 2394 978 2442; baseline -0.004 -11"><span class='ocrx_word' id='word_1_363' title='bbox 30 2426 65 2442; x_wconf 45' lang='grc' dir='ltr'><strong>,ψ</strong></span> <span class='ocrx_word' id='word_1_364' title='bbox 84 2411 90 2425; x_wconf 81' lang='grc' dir='ltr'><strong>ι</strong></span> <span class='ocrx_word' id='word_1_365' title='bbox 106 2411 129 2430; x_wconf 88' lang='grc' dir='ltr'><strong>ι.</strong></span> <span class='ocrx_word' id='word_1_366' title='bbox 155 2399 224 2430; x_wconf 87' lang='lat' dir='ltr'><strong>cod.</strong></span> <span class='ocrx_word' id='word_1_367' title='bbox 254 2398 383 2429; x_wconf 77' lang='lat' dir='ltr'><strong>Bai-occ.</strong></span> <span class='ocrx_word' id='word_1_368' title='bbox 413 2394 469 2428; x_wconf 84' lang='lat'><strong>50.</strong></span> <span class='ocrx_word' id='word_1_369' title='bbox 515 2397 554 2428; x_wconf 86' lang='lat' dir='ltr'><strong>In</strong></span> <span class='ocrx_word' id='word_1_370' title='bbox 581 2397 641 2428; x_wconf 88' lang='lat' dir='ltr'><strong>EG</strong></span> <span class='ocrx_word' id='word_1_371' title='bbox 665 2397 806 2428; x_wconf 87' lang='lat' dir='ltr'><strong>duorum</strong></span> <span class='ocrx_word' id='word_1_372' title='bbox 828 2397 978 2428; x_wconf 87' lang='lat' dir='ltr'><strong>doctrina</strong></span> 
     </span>
     <span class='ocr_line' id='line_1_49' title="bbox 30 2440 978 2489; baseline -0.003 -12"><span class='ocrx_word' id='word_1_373' title='bbox 30 2445 63 2489; x_wconf 35' lang='lat'><strong>[4</strong></span> <span class='ocrx_word' id='word_1_374' title='bbox 82 2445 255 2476; x_wconf 73' lang='lat' dir='ltr'><strong>contraria</strong></span> <span class='ocrx_word' id='word_1_375' title='bbox 279 2445 458 2486; x_wconf 84' lang='lat' dir='ltr'><strong>reperitur.</strong></span> <span class='ocrx_word' id='word_1_376' title='bbox 487 2453 520 2484; x_wconf 91' lang='lat' dir='ltr'><strong>p.</strong></span> <span class='ocrx_word' id='word_1_377' title='bbox 542 2440 621 2482; x_wconf 87' lang='lat'><strong>325,</strong></span> <span class='ocrx_word' id='word_1_378' title='bbox 643 2440 688 2475; x_wconf 92' lang='grc'><strong>50</strong></span> <span class='ocrx_word' id='word_1_379' title='bbox 721 2441 827 2476; x_wconf 81' lang='grc' dir='ltr'>κλείω</span> <span class='ocrx_word' id='word_1_380' title='bbox 859 2443 978 2484; x_wconf 78' lang='lat' dir='ltr'><strong>proba-</strong></span> 
     </span>
     <span class='ocr_line' id='line_1_50' title="bbox 30 2486 979 2537; baseline 0.004 -19"><span class='ocrx_word' id='word_1_381' title='bbox 30 2488 52 2520; x_wconf 62' lang='lat' dir='ltr'><strong>i*</strong></span> <span class='ocrx_word' id='word_1_382' title='bbox 82 2503 99 2518; x_wconf 64' lang='grc' dir='ltr'><strong>...ι</strong></span> <span class='ocrx_word' id='word_1_383' title='bbox 106 2494 181 2532; x_wconf 83' lang='lat' dir='ltr'><strong>pter</strong></span> <span class='ocrx_word' id='word_1_384' title='bbox 197 2491 336 2523; x_wconf 84' lang='lat' dir='ltr'><strong>ductum</strong></span> <span class='ocrx_word' id='word_1_385' title='bbox 353 2491 432 2523; x_wconf 89' lang='lat' dir='ltr'><strong>inde</strong></span> <span class='ocrx_word' id='word_1_386' title='bbox 449 2487 585 2527; x_wconf 74' lang='grc' dir='ltr'>κλοιόςε</span> <span class='ocrx_word' id='word_1_387' title='bbox 614 2500 647 2531; x_wconf 87' lang='lat' dir='ltr'><strong>p.</strong></span> <span class='ocrx_word' id='word_1_388' title='bbox 666 2487 746 2529; x_wconf 89' lang='lat'><strong>326,</strong></span> <span class='ocrx_word' id='word_1_389' title='bbox 767 2487 813 2522; x_wconf 88' lang='grc'><strong>48</strong></span> <span class='ocrx_word' id='word_1_390' title='bbox 839 2486 979 2537; x_wconf 75' lang='grc' dir='ltr'>κλῇθρα</span> 
     </span>
     <span class='ocr_line' id='line_1_51' title="bbox 32 2531 977 2584; baseline -0.002 -14"><span class='ocrx_word' id='word_1_391' title='bbox 32 2531 169 2570; x_wconf 65' lang='lat' dir='ltr'><strong>J‘&#39;‘·2bis:</strong></span> <span class='ocrx_word' id='word_1_392' title='bbox 197 2535 265 2572; x_wconf 81' lang='grc' dir='ltr'>ἀπὸ</span> <span class='ocrx_word' id='word_1_393' title='bbox 290 2539 351 2571; x_wconf 81' lang='grc' dir='ltr'><strong>τοῦ</strong></span> <span class='ocrx_word' id='word_1_394' title='bbox 375 2535 471 2571; x_wconf 77' lang='grc' dir='ltr'>κλεῖς</span> <span class='ocrx_word' id='word_1_395' title='bbox 493 2536 610 2583; x_wconf 76' lang='grc' dir='ltr'>γέγονε</span> <span class='ocrx_word' id='word_1_396' title='bbox 634 2534 831 2584; x_wconf 75' lang='grc' dir='ltr'>κλῇθρα.</span> <span class='ocrx_word' id='word_1_397' title='bbox 859 2533 882 2581; x_wconf 84' lang='grc' dir='ltr'>ἢ</span> <span class='ocrx_word' id='word_1_398' title='bbox 909 2534 977 2569; x_wconf 85' lang='grc' dir='ltr'>ἀπὸ</span> 
     </span>
     <span class='ocr_line' id='line_1_52' title="bbox 74 2575 996 2628; baseline -0.003 -10"><span class='ocrx_word' id='word_1_399' title='bbox 74 2586 85 2608; x_wconf 78' lang='grc'>”</span> <span class='ocrx_word' id='word_1_400' title='bbox 118 2582 159 2618; x_wconf 85' lang='grc' dir='ltr'><strong>ίω</strong></span> <span class='ocrx_word' id='word_1_401' title='bbox 182 2582 331 2619; x_wconf 89' lang='grc' dir='ltr'>κλείσω·</span> <span class='ocrx_word' id='word_1_402' title='bbox 359 2583 396 2618; x_wconf 85' lang='grc' dir='ltr'><strong>τὸ</strong></span> <span class='ocrx_word' id='word_1_403' title='bbox 421 2581 527 2617; x_wconf 88' lang='grc' dir='ltr'>κλείω</span> <span class='ocrx_word' id='word_1_404' title='bbox 553 2582 590 2617; x_wconf 90' lang='grc' dir='ltr'><strong>δὲ</strong></span> <span class='ocrx_word' id='word_1_405' title='bbox 614 2582 646 2617; x_wconf 80' lang='grc' dir='ltr'><strong>οἱ</strong></span> <span class='ocrx_word' id='word_1_406' title='bbox 669 2575 785 2621; x_wconf 82' lang='grc' dir='ltr'>Ἴωνες</span> <span class='ocrx_word' id='word_1_407' title='bbox 804 2581 860 2616; x_wconf 82' lang='grc' dir='ltr'><strong>διὰ</strong></span> <span class='ocrx_word' id='word_1_408' title='bbox 875 2585 936 2616; x_wconf 84' lang='grc' dir='ltr'><strong>τοῦ</strong></span> <span class='ocrx_word' id='word_1_409' title='bbox 953 2582 996 2628; x_wconf 74' lang='grc' dir='ltr'><strong>η’Ι</strong></span> 
     </span>
     <span class='ocr_line' id='line_1_53' title="bbox 69 2623 996 2723; baseline 0.002 -17"><span class='ocrx_word' id='word_1_410' title='bbox 69 2629 286 2711; x_wconf 48' lang='lat' dir='ltr'><strong>&#39;⁹⁰33ss</strong></span> <span class='ocrx_word' id='word_1_411' title='bbox 288 2629 454 2723; x_wconf 47' lang='grc' dir='ltr'><strong>ἷῖῗὲζέιῖ</strong></span> <span class='ocrx_word' id='word_1_412' title='bbox 455 2629 532 2710; x_wconf 54' lang='lat' dir='ltr'><strong>³113&gt;ss</strong></span> <span class='ocrx_word' id='word_1_413' title='bbox 546 2628 683 2710; x_wconf 56' lang='grc' dir='ltr'><strong>ἲέἷῖἓῖἶῗ</strong></span> <span class='ocrx_word' id='word_1_414' title='bbox 687 2628 756 2710; x_wconf 61' lang='grc' dir='ltr'><strong>(ἷέἓῗ</strong></span> <span class='ocrx_word' id='word_1_415' title='bbox 772 2623 996 2709; x_wconf 49' lang='grc' dir='ltr'><strong>τέἷαηὰῖῖἒῑῗ</strong></span> 
     </span>
     <span class='ocr_line' id='line_1_54' title="bbox 77 2691 978 2768; baseline -0.004 -9.04"><span class='ocrx_word' id='word_1_416' title='bbox 77 2720 90 2751; x_wconf 69' lang='grc' dir='ltr'>ἶ</span> <span class='ocrx_word' id='word_1_417' title='bbox 108 2725 204 2758; x_wconf 64' lang='lat' dir='ltr'><strong>tiam</strong></span> <span class='ocrx_word' id='word_1_418' title='bbox 228 2736 281 2767; x_wconf 75' lang='lat' dir='ltr'><strong>ap.</strong></span> <span class='ocrx_word' id='word_1_419' title='bbox 305 2691 464 2758; x_wconf 54' lang='lat' dir='ltr'><strong>TlPomam</strong></span> <span class='ocrx_word' id='word_1_420' title='bbox 489 2734 523 2765; x_wconf 88' lang='lat' dir='ltr'><strong>p.</strong></span> <span class='ocrx_word' id='word_1_421' title='bbox 544 2722 608 2756; x_wconf 88' lang='lat'><strong>521</strong></span> <span class='ocrx_word' id='word_1_422' title='bbox 629 2721 731 2768; x_wconf 78' lang='lat'><strong>(216,</strong></span> <span class='ocrx_word' id='word_1_423' title='bbox 756 2703 799 2756; x_wconf 85' lang='lat'><strong>1’2</strong></span> <span class='ocrx_word' id='word_1_424' title='bbox 816 2722 978 2767; x_wconf 82' lang='lat' dir='ltr'><strong>Ritschl.)</strong></span> 
     </span>
     <span class='ocr_line' id='line_1_55' title="bbox 135 2769 977 2816; baseline -0.005 -10.444"><span class='ocrx_word' id='word_1_425' title='bbox 135 2782 170 2805; x_wconf 86' lang='grc' dir='ltr'><strong>αι</strong></span> <span class='ocrx_word' id='word_1_426' title='bbox 194 2776 227 2804; x_wconf 88' lang='lat' dir='ltr'><strong>et</strong></span> <span class='ocrx_word' id='word_1_427' title='bbox 249 2770 494 2816; x_wconf 77' lang='grc' dir='ltr'>κέκλειμαι</span> <span class='ocrx_word' id='word_1_428' title='bbox 517 2769 618 2805; x_wconf 82' lang='grc' dir='ltr'>ἄνευ</span> <span class='ocrx_word' id='word_1_429' title='bbox 642 2773 718 2804; x_wconf 81' lang='grc' dir='ltr'><strong>τοῦ</strong></span> <span class='ocrx_word' id='word_1_430' title='bbox 744 2782 761 2803; x_wconf 91' lang='grc' dir='ltr'>σ</span> <span class='ocrx_word' id='word_1_431' title='bbox 787 2773 883 2803; x_wconf 78' lang='lat' dir='ltr'><strong>iuxta</strong></span> <span class='ocrx_word' id='word_1_432' title='bbox 900 2781 977 2812; x_wconf 83' lang='lat' dir='ltr'><strong>pro-</strong></span> 
     </span>
    </p>
   </div>
   <div class='ocr_carea' id='block_1_6' title="bbox 116 2815 980 2864">
    <p class='ocr_par' dir='ltr' id='par_1_6' title="bbox 38 2808 980 2864">
     <span class='ocr_line' id='line_1_56' title="bbox 116 2815 980 2864; baseline -0.003 -11.248"><span class='ocrx_word' id='word_1_433' title='bbox 116 2842 124 2859; x_wconf 90' lang='lat'><strong>,</strong></span> <span class='ocrx_word' id='word_1_434' title='bbox 152 2829 227 2851; x_wconf 86' lang='lat' dir='ltr'><strong>cum</strong></span> <span class='ocrx_word' id='word_1_435' title='bbox 244 2820 315 2851; x_wconf 83' lang='lat' dir='ltr'><strong>cod.</strong></span> <span class='ocrx_word' id='word_1_436' title='bbox 336 2820 437 2850; x_wconf 86' lang='lat' dir='ltr'><strong>Basil.</strong></span> <span class='ocrx_word' id='word_1_437' title='bbox 458 2815 631 2864; x_wconf 77' lang='grc' dir='ltr'>κέκλημαι</span> <span class='ocrx_word' id='word_1_438' title='bbox 648 2819 778 2858; x_wconf 82' lang='lat' dir='ltr'><strong>habeat,</strong></span> <span class='ocrx_word' id='word_1_439' title='bbox 805 2816 980 2864; x_wconf 73' lang='grc' dir='ltr'>κέκλημαι</span> 
     </span>
    </p>
   </div>
   <div class='ocr_carea' id='block_1_7' title="bbox 40 2862 981 2930">
    <p class='ocr_par' dir='ltr' id='par_1_7' title="bbox 35 2861 981 2930">
     <span class='ocr_line' id='line_1_57' title="bbox 40 2862 981 2930; baseline -0.003 -31.016"><span class='ocrx_word' id='word_1_440' title='bbox 35 2865 195 2930; x_wconf 30' lang='lat' dir='ltr'><strong>Quum.</strong></span> <span class='ocrx_word' id='word_1_441' title='bbox 701 2863 733 2907; x_wconf 75' lang='grc' dir='ltr'><strong>(ι</strong></span> <span class='ocrx_word' id='word_1_442' title='bbox 750 2875 783 2906; x_wconf 80' lang='lat' dir='ltr'><strong>p.</strong></span> <span class='ocrx_word' id='word_1_443' title='bbox 805 2862 886 2905; x_wconf 81' lang='lat'><strong>966,</strong></span> <span class='ocrx_word' id='word_1_444' title='bbox 906 2862 981 2908; x_wconf 84' lang='lat'><strong>14.)</strong></span> 
     </span>
    </p>
   </div>
   <div class='ocr_carea' id='block_1_8' title="bbox 120 2943 978 3072">
    <p class='ocr_par' dir='ltr' id='par_1_8' title="bbox 40 2936 978 3072">
     <span class='ocr_line' id='line_1_58' title="bbox 149 2943 978 2992; baseline -0.004 -9.461"><span class='ocrx_word' id='word_1_445' title='bbox 149 2945 286 2992; x_wconf 84' lang='grc' dir='ltr'>ματόο</span> <span class='ocrx_word' id='word_1_446' title='bbox 298 2958 374 2992; x_wconf 85' lang='grc' dir='ltr'>μαι</span> <span class='ocrx_word' id='word_1_447' title='bbox 400 2949 552 2988; x_wconf 75' lang='lat' dir='ltr'><strong>palmites</strong></span> <span class='ocrx_word' id='word_1_448' title='bbox 583 2948 694 2987; x_wconf 72' lang='lat' dir='ltr'><strong>yiyno.</strong></span> <span class='ocrx_word' id='word_1_449' title='bbox 737 2943 897 2992; x_wconf 85' lang='grc' dir='ltr'>λαμπρᾶς</span> <span class='ocrx_word' id='word_1_450' title='bbox 931 2944 978 2979; x_wconf 77' lang='grc' dir='ltr'><strong>ἕω</strong></span> 
     </span>
     <span class='ocr_line' id='line_1_59' title="bbox 144 2984 975 3056; baseline 0.001 -30.889"><span class='ocrx_word' id='word_1_451' title='bbox 144 3003 237 3029; x_wconf 19' lang='grc' dir='ltr'>,ωται</span> <span class='ocrx_word' id='word_1_452' title='bbox 247 2991 383 3040; x_wconf 85' lang='grc' dir='ltr'>χλωρὸν</span> <span class='ocrx_word' id='word_1_453' title='bbox 402 2984 544 3056; x_wconf 50' lang='grc' dir='ltr'><strong>οἰξένθης</strong></span> <span class='ocrx_word' id='word_1_454' title='bbox 562 2991 668 3038; x_wconf 77' lang='grc' dir='ltr'>δέμας</span> <span class='ocrx_word' id='word_1_455' title='bbox 687 2993 822 3033; x_wconf 80' lang='lat' dir='ltr'><strong>Thyest.</strong></span> <span class='ocrx_word' id='word_1_456' title='bbox 840 2995 880 3025; x_wconf 81' lang='lat' dir='ltr'><strong>fr.</strong></span> <span class='ocrx_word' id='word_1_457' title='bbox 894 2990 975 3034; x_wconf 87' lang='lat'><strong>239,</strong></span> 
     </span>
     <span class='ocr_line' id='line_1_60' title="bbox 120 3057 446 3072; baseline 0 0"><span class='ocrx_word' id='word_1_458' title='bbox 120 3068 123 3072; x_wconf 92' lang='lat'><strong>.</strong></span> <span class='ocrx_word' id='word_1_459' title='bbox 442 3057 446 3072; x_wconf 87' lang='grc' dir='ltr'>Ι</span> 
     </span>
    </p>
   </div>
   <div class='ocr_carea' id='block_1_9' title="bbox 0 1520 192 3600">
    <p class='ocr_par' dir='ltr' id='par_1_9' title="bbox 0 1520 192 3600">
     <span class='ocr_line' id='line_1_61' title="bbox 0 1520 29 1615; baseline 0 0"><span class='ocrx_word' id='word_1_460' title='bbox 0 1520 29 1615; x_wconf 95' lang='lat' dir='ltr'><strong>  </strong></span> 
     </span>
     <span class='ocr_line' id='line_1_62' title="bbox 0 1615 96 1705; baseline 0 -37"><span class='ocrx_word' id='word_1_461' title='bbox 0 1615 96 1705; x_wconf 95' lang='lat' dir='ltr'><strong>    </strong></span> 
     </span>
     <span class='ocr_line' id='line_1_63' title="bbox 0 1705 35 1951; baseline 0 -102"><span class='ocrx_word' id='word_1_462' title='bbox 0 1705 35 1951; x_wconf 95' lang='lat' dir='ltr'><strong>       </strong></span> 
     </span>
     <span class='ocr_line' id='line_1_64' title="bbox 0 1951 38 2081; baseline 0.053 -2"><span class='ocrx_word' id='word_1_463' title='bbox 0 1951 38 2081; x_wconf 95' lang='lat' dir='ltr'><strong>    </strong></span> 
     </span>
     <span class='ocr_line' id='line_1_65' title="bbox 0 2081 25 2234; baseline 0 0"><span class='ocrx_word' id='word_1_464' title='bbox 0 2081 25 2234; x_wconf 95' lang='lat' dir='ltr'><strong>   </strong></span> 
     </span>
     <span class='ocr_line' id='line_1_66' title="bbox 0 2234 85 2320; baseline 0.035 -51"><span class='ocrx_word' id='word_1_465' title='bbox 0 2234 85 2320; x_wconf 95' lang='lat' dir='ltr'><strong>   </strong></span> 
     </span>
     <span class='ocr_line' id='line_1_67' title="bbox 0 2320 112 2413; baseline 0 0"><span class='ocrx_word' id='word_1_466' title='bbox 0 2320 112 2413; x_wconf 95' lang='lat' dir='ltr'><strong>   </strong></span> 
     </span>
     <span class='ocr_line' id='line_1_68' title="bbox 0 2413 30 2567; baseline 0 -51"><span class='ocrx_word' id='word_1_467' title='bbox 0 2413 30 2567; x_wconf 95' lang='lat' dir='ltr'><strong>   </strong></span> 
     </span>
     <span class='ocr_line' id='line_1_69' title="bbox 0 2567 74 2671; baseline 0 0"><span class='ocrx_word' id='word_1_468' title='bbox 0 2567 74 2671; x_wconf 95' lang='lat' dir='ltr'><strong>  </strong></span> 
     </span>
     <span class='ocr_line' id='line_1_70' title="bbox 0 2671 125 2833; baseline 0 -130"><span class='ocrx_word' id='word_1_469' title='bbox 0 2671 125 2833; x_wconf 95' lang='lat' dir='ltr'><strong>    </strong></span> 
     </span>
     <span class='ocr_line' id='line_1_71' title="bbox 0 2833 149 3016; baseline 0.013 -70"><span class='ocrx_word' id='word_1_470' title='bbox 0 2833 149 3016; x_wconf 95' lang='lat' dir='ltr'><strong>     </strong></span> 
     </span>
     <span class='ocr_line' id='line_1_72' title="bbox 0 3016 45 3273; baseline 0 0"><span class='ocrx_word' id='word_1_471' title='bbox 0 3016 45 3273; x_wconf 95' lang='lat' dir='ltr'><strong>  </strong></span> 
     </span>
     <span class='ocr_line' id='line_1_73' title="bbox 0 3273 102 3448; baseline 0 0"><span class='ocrx_word' id='word_1_472' title='bbox 0 3273 102 3448; x_wconf 95' lang='lat' dir='ltr'><strong>   </strong></span> 
     </span>
     <span class='ocr_line' id='line_1_74' title="bbox 0 3448 192 3600; baseline 0 -59"><span class='ocrx_word' id='word_1_473' title='bbox 0 3448 192 3600; x_wconf 95' lang='lat' dir='ltr'><strong>  </strong></span> 
     </span>
    </p>
   </div>
   <div class='ocr_carea' id='block_1_10' title="bbox 995 2317 998 3209">
    <p class='ocr_par' dir='ltr' id='par_1_10' title="bbox 995 2317 998 3209">
     <span class='ocr_line' id='line_1_75' title="bbox 995 2317 998 3209; baseline 0 0"><span class='ocrx_word' id='word_1_474' title='bbox 995 2317 998 3209; x_wconf 95' lang='lat' dir='ltr'><strong> </strong></span> 
     </span>
    </p>
   </div>
   <div class='ocr_carea' id='block_1_11' title="bbox 45 3087 977 3409">
    <p class='ocr_par' dir='ltr' id='par_1_11' title="bbox 45 3087 977 3409">
     <span class='ocr_line' id='line_1_76' title="bbox 45 3087 973 3169; baseline -0.004 -24"><span class='ocrx_word' id='word_1_475' title='bbox 45 3087 227 3169; x_wconf 40' lang='grc' dir='ltr'><strong>Αῆρος.</strong></span> <span class='ocrx_word' id='word_1_476' title='bbox 246 3108 315 3156; x_wconf 86' lang='grc' dir='ltr'><strong>κλῆ</strong></span> <span class='ocrx_word' id='word_1_477' title='bbox 340 3121 377 3147; x_wconf 78' lang='grc' dir='ltr'><strong>ος</strong></span> <span class='ocrx_word' id='word_1_478' title='bbox 396 3104 511 3144; x_wconf 79' lang='grc' dir='ltr'>ἐνθάδ’</span> <span class='ocrx_word' id='word_1_479' title='bbox 528 3107 592 3143; x_wconf 83' lang='grc' dir='ltr'><strong>οὐκ</strong></span> <span class='ocrx_word' id='word_1_480' title='bbox 610 3107 779 3143; x_wconf 80' lang='grc' dir='ltr'><strong>ἐπάλλετο</strong></span> <span class='ocrx_word' id='word_1_481' title='bbox 792 3110 874 3141; x_wconf 87' lang='lat' dir='ltr'><strong>Ant.</strong></span> <span class='ocrx_word' id='word_1_482' title='bbox 893 3106 973 3142; x_wconf 87' lang='lat'><strong>396.</strong></span> 
     </span>
     <span class='ocr_line' id='line_1_77' title="bbox 98 3154 974 3206; baseline -0.005 -15"><span class='ocrx_word' id='word_1_483' title='bbox 98 3175 115 3206; x_wconf 45' lang='lat'><strong>³,-</strong></span> <span class='ocrx_word' id='word_1_484' title='bbox 219 3156 276 3191; x_wconf 85' lang='grc' dir='ltr'><strong>τὸν</strong></span> <span class='ocrx_word' id='word_1_485' title='bbox 301 3169 324 3190; x_wconf 87' lang='grc' dir='ltr'><strong>κ</strong></span> <span class='ocrx_word' id='word_1_486' title='bbox 346 3160 431 3203; x_wconf 82' lang='grc' dir='ltr'>ῆρον</span> <span class='ocrx_word' id='word_1_487' title='bbox 458 3155 505 3194; x_wconf 76' lang='grc' dir='ltr'>είς</span> <span class='ocrx_word' id='word_1_488' title='bbox 531 3155 633 3201; x_wconf 78' lang='grc' dir='ltr'>μέσον</span> <span class='ocrx_word' id='word_1_489' title='bbox 649 3154 768 3194; x_wconf 77' lang='grc' dir='ltr'>καθείς</span> <span class='ocrx_word' id='word_1_490' title='bbox 794 3157 848 3188; x_wconf 85' lang='lat' dir='ltr'><strong>Ai.</strong></span> <span class='ocrx_word' id='word_1_491' title='bbox 872 3154 974 3189; x_wconf 87' lang='grc'><strong>1285.</strong></span> 
     </span>
     <span class='ocr_line' id='line_1_78' title="bbox 190 3200 972 3251; baseline -0.002 -14.192"><span class='ocrx_word' id='word_1_492' title='bbox 190 3201 223 3237; x_wconf 85' lang='grc' dir='ltr'><strong>οἱ</strong></span> <span class='ocrx_word' id='word_1_493' title='bbox 237 3214 338 3251; x_wconf 83' lang='grc' dir='ltr'>τεταγ</span> <span class='ocrx_word' id='word_1_494' title='bbox 367 3203 436 3239; x_wconf 78' lang='grc' dir='ltr'>ένοι</span> <span class='ocrx_word' id='word_1_495' title='bbox 454 3201 585 3250; x_wconf 72' lang='grc' dir='ltr'>βραβῆς</span> <span class='ocrx_word' id='word_1_496' title='bbox 608 3201 751 3249; x_wconf 83' lang='grc' dir='ltr'>κλήροις</span> <span class='ocrx_word' id='word_1_497' title='bbox 769 3200 900 3248; x_wconf 78' lang='grc' dir='ltr'>ἔπηλαν</span> <span class='ocrx_word' id='word_1_498' title='bbox 918 3203 972 3235; x_wconf 92' lang='lat' dir='ltr'><strong>El.</strong></span> 
     </span>
     <span class='ocr_line' id='line_1_79' title="bbox 161 3216 977 3292; baseline -0.006 -6.379"><span class='ocrx_word' id='word_1_499' title='bbox 161 3274 169 3283; x_wconf 92' lang='lat'><strong>.</strong></span> <span class='ocrx_word' id='word_1_500' title='bbox 187 3259 222 3292; x_wconf 87' lang='lat' dir='ltr'><strong>p.</strong></span> <span class='ocrx_word' id='word_1_501' title='bbox 241 3248 322 3292; x_wconf 85' lang='grc'><strong>419,</strong></span> <span class='ocrx_word' id='word_1_502' title='bbox 341 3216 375 3284; x_wconf 66' lang='grc'><strong>2.</strong></span> <span class='ocrx_word' id='word_1_503' title='bbox 410 3252 472 3283; x_wconf 85' lang='lat' dir='ltr'><strong>Est</strong></span> <span class='ocrx_word' id='word_1_504' title='bbox 488 3254 571 3282; x_wconf 79' lang='lat' dir='ltr'><strong>sorte</strong></span> <span class='ocrx_word' id='word_1_505' title='bbox 588 3251 660 3282; x_wconf 89' lang='lat' dir='ltr'><strong>loca</strong></span> <span class='ocrx_word' id='word_1_506' title='bbox 676 3251 901 3291; x_wconf 73' lang='lat' dir='ltr'><strong>assiqnarunt,</strong></span> <span class='ocrx_word' id='word_1_507' title='bbox 921 3250 977 3282; x_wconf 79' lang='lat' dir='ltr'><strong>ubi</strong></span> 
     </span>
     <span class='ocr_line' id='line_1_80' title="bbox 46 3294 975 3377; baseline -0.004 -45"><span class='ocrx_word' id='word_1_508' title='bbox 46 3329 48 3342; x_wconf 64' lang='grc'><strong>,</strong></span> <span class='ocrx_word' id='word_1_509' title='bbox 210 3294 510 3377; x_wconf 48' lang='grc' dir='ltr'>ἓκλήρουὲὃῡέῐιᾱ.</span> <span class='ocrx_word' id='word_1_510' title='bbox 539 3307 568 3330; x_wconf 84' lang='grc' dir='ltr'><strong>ο.</strong></span> <span class='ocrx_word' id='word_1_511' title='bbox 587 3297 747 3329; x_wconf 89' lang='lat' dir='ltr'><strong>Wunder.</strong></span> <span class='ocrx_word' id='word_1_512' title='bbox 775 3307 807 3338; x_wconf 89' lang='lat' dir='ltr'><strong>q.</strong></span> <span class='ocrx_word' id='word_1_513' title='bbox 830 3294 880 3341; x_wconf 87' lang='lat' dir='ltr'><strong>v.]</strong></span> <span class='ocrx_word' id='word_1_514' title='bbox 910 3297 975 3329; x_wconf 87' lang='lat' dir='ltr'><strong>To-</strong></span> 
     </span>
     <span class='ocr_line' id='line_1_81' title="bbox 47 3354 472 3386; baseline -0.002 -10"><span class='ocrx_word' id='word_1_515' title='bbox 47 3370 50 3381; x_wconf 68' lang='lat'><strong>.</strong></span> <span class='ocrx_word' id='word_1_516' title='bbox 103 3383 106 3385; x_wconf 56' lang='lat'><strong>.</strong></span> <span class='ocrx_word' id='word_1_517' title='bbox 125 3356 129 3362; x_wconf 91' lang='lat'><strong>·</strong></span> <span class='ocrx_word' id='word_1_518' title='bbox 242 3354 287 3377; x_wconf 83' lang='lat' dir='ltr'><strong>rc.</strong></span> <span class='ocrx_word' id='word_1_519' title='bbox 306 3355 340 3386; x_wconf 90' lang='lat' dir='ltr'><strong>p.</strong></span> <span class='ocrx_word' id='word_1_520' title='bbox 410 3370 418 3385; x_wconf 90' lang='lat'><strong>,</strong></span> <span class='ocrx_word' id='word_1_521' title='bbox 465 3368 472 3375; x_wconf 88' lang='lat'><strong>.</strong></span> 
     </span>
     <span class='ocr_line' id='line_1_82' title="bbox 102 3391 147 3409; baseline -0.044 0"><span class='ocrx_word' id='word_1_522' title='bbox 102 3395 107 3406; x_wconf 65' lang='lat'><strong>¹·</strong></span> <span class='ocrx_word' id='word_1_523' title='bbox 122 3391 127 3409; x_wconf 75' lang='grc'><strong>1</strong></span> <span class='ocrx_word' id='word_1_524' title='bbox 145 3404 147 3407; x_wconf 94' lang='grc'><strong>.</strong></span> 
     </span>
    </p>
   </div>
   <div class='ocr_carea' id='block_1_12' title="bbox 170 3421 976 3473">
    <p class='ocr_par' dir='ltr' id='par_1_12' title="bbox 48 3398 976 3483">
     <span class='ocr_line' id='line_1_83' title="bbox 170 3421 976 3473; baseline -0.003 -12.394"><span class='ocrx_word' id='word_1_525' title='bbox 170 3427 216 3459; x_wconf 81' lang='grc' dir='ltr'><strong>οῦ</strong></span> <span class='ocrx_word' id='word_1_526' title='bbox 224 3435 250 3472; x_wconf 86' lang='grc' dir='ltr'><strong>χ</strong></span> <span class='ocrx_word' id='word_1_527' title='bbox 258 3436 276 3460; x_wconf 92' lang='grc' dir='ltr'>ο</span> <span class='ocrx_word' id='word_1_528' title='bbox 284 3437 301 3464; x_wconf 89' lang='grc' dir='ltr'>ς</span> <span class='ocrx_word' id='word_1_529' title='bbox 312 3435 452 3468; x_wconf 80' lang='lat' dir='ltr'><strong>compos.</strong></span> <span class='ocrx_word' id='word_1_530' title='bbox 474 3423 617 3473; x_wconf 80' lang='grc' dir='ltr'>μητέρα,</span> <span class='ocrx_word' id='word_1_531' title='bbox 636 3421 773 3461; x_wconf 77' lang='grc' dir='ltr'>πολλῶν</span> <span class='ocrx_word' id='word_1_532' title='bbox 787 3423 873 3470; x_wconf 69' lang='grc' dir='ltr'>ἐτῶν</span> <span class='ocrx_word' id='word_1_533' title='bbox 885 3423 976 3470; x_wconf 85' lang='grc' dir='ltr'>κλη-</span> 
     </span>
    </p>
   </div>
   <div class='ocr_carea' id='block_1_13' title="bbox 671 160 1314 230">
    <p class='ocr_par' dir='ltr' id='par_1_13' title="bbox 671 132 1314 230">
     <span class='ocr_line' id='line_1_84' title="bbox 671 160 1314 230; baseline -0.005 -18"><span class='ocrx_word' id='word_1_534' title='bbox 671 162 1019 230; x_wconf 74' lang='grc' dir='ltr'>Κληματόομαι</span> <span class='ocrx_word' id='word_1_535' title='bbox 1045 189 1107 197; x_wconf 90' lang='grc'><strong>-</strong></span> <span class='ocrx_word' id='word_1_536' title='bbox 1135 160 1314 216; x_wconf 85' lang='grc' dir='ltr'>Κλιτύς</span> 
     </span>
    </p>
   </div>
   <div class='ocr_carea' id='block_1_14' title="bbox 14 373 1008 419">
    <p class='ocr_par' dir='ltr' id='par_1_14' title="bbox 14 373 1008 419">
     <span class='ocr_line' id='line_1_85' title="bbox 14 373 1008 419; baseline -0.009 -7"><span class='ocrx_word' id='word_1_537' title='bbox 14 375 16 377; x_wconf 65' lang='grc'><strong>’</strong></span> <span class='ocrx_word' id='word_1_538' title='bbox 36 394 40 406; x_wconf 82' lang='grc' dir='ltr'><strong>ι</strong></span> <span class='ocrx_word' id='word_1_539' title='bbox 59 393 61 397; x_wconf 80' lang='grc'>’</span> <span class='ocrx_word' id='word_1_540' title='bbox 77 404 81 410; x_wconf 88' lang='grc'><strong>.</strong></span> <span class='ocrx_word' id='word_1_541' title='bbox 112 378 165 411; x_wconf 82' lang='lat' dir='ltr'><strong>De</strong></span> <span class='ocrx_word' id='word_1_542' title='bbox 183 377 284 419; x_wconf 88' lang='lat' dir='ltr'><strong>Soph.</strong></span> <span class='ocrx_word' id='word_1_543' title='bbox 303 378 424 418; x_wconf 84' lang='lat' dir='ltr'><strong>partim</strong></span> <span class='ocrx_word' id='word_1_544' title='bbox 449 375 595 407; x_wconf 85' lang='lat' dir='ltr'><strong>vidimus</strong></span> <span class='ocrx_word' id='word_1_545' title='bbox 608 400 616 415; x_wconf 97' lang='lat'><strong>,</strong></span> <span class='ocrx_word' id='word_1_546' title='bbox 645 375 765 415; x_wconf 79' lang='lat' dir='ltr'><strong>partim</strong></span> <span class='ocrx_word' id='word_1_547' title='bbox 784 373 972 405; x_wconf 78' lang='lat' dir='ltr'><strong>notavimus</strong></span> <span class='ocrx_word' id='word_1_548' title='bbox 1004 378 1008 381; x_wconf 88' lang='grc'><strong>’</strong></span> 
     </span>
    </p>
   </div>
   <div class='ocr_carea' id='block_1_15' title="bbox 1924 159 2022 207">
    <p class='ocr_par' dir='ltr' id='par_1_15' title="bbox 1924 159 2022 207">
     <span class='ocr_line' id='line_1_86' title="bbox 1924 159 2022 207; baseline -0.01 0"><span class='ocrx_word' id='word_1_549' title='bbox 1924 159 2022 207; x_wconf 88' lang='grc'><strong>387</strong></span> 
     </span>
    </p>
   </div>
   <div class='ocr_carea' id='block_1_16' title="bbox 1009 272 2026 1148">
    <p class='ocr_par' dir='ltr' id='par_1_16' title="bbox 1009 272 2024 372">
     <span class='ocr_line' id='line_1_87' title="bbox 1009 272 2024 324; baseline -0.005 -13"><span class='ocrx_word' id='word_1_550' title='bbox 1009 279 1134 324; x_wconf 81' lang='grc' dir='ltr'>ροῦχον</span> <span class='ocrx_word' id='word_1_551' title='bbox 1149 279 1203 310; x_wconf 83' lang='lat' dir='ltr'><strong>Ai.</strong></span> <span class='ocrx_word' id='word_1_552' title='bbox 1222 275 1302 310; x_wconf 86' lang='grc'><strong>508.</strong></span> <span class='ocrx_word' id='word_1_553' title='bbox 1325 277 1433 310; x_wconf 88' lang='lat' dir='ltr'><strong>Schol.</strong></span> <span class='ocrx_word' id='word_1_554' title='bbox 1452 275 1610 324; x_wconf 81' lang='grc' dir='ltr'><strong>μέτοχον,</strong></span> <span class='ocrx_word' id='word_1_555' title='bbox 1630 274 1915 322; x_wconf 80' lang='grc' dir='ltr'>κεκληρωμένην,</span> <span class='ocrx_word' id='word_1_556' title='bbox 1932 272 2024 320; x_wconf 89' lang='grc' dir='ltr'>κλῆ-</span> 
     </span>
     <span class='ocr_line' id='line_1_88' title="bbox 1010 323 1289 372; baseline -0.007 -13"><span class='ocrx_word' id='word_1_557' title='bbox 1010 336 1068 371; x_wconf 90' lang='grc' dir='ltr'><strong>ρον</strong></span> <span class='ocrx_word' id='word_1_558' title='bbox 1087 323 1289 372; x_wconf 82' lang='grc' dir='ltr'>ἐσχηκυῖαν.</span> 
     </span>
    </p>

    <p class='ocr_par' dir='ltr' id='par_1_17' title="bbox 1009 377 2026 989">
     <span class='ocr_line' id='line_1_89' title="bbox 1079 377 2023 430; baseline -0.005 -13"><span class='ocrx_word' id='word_1_559' title='bbox 1079 379 1111 417; x_wconf 86' lang='grc' dir='ltr'>Κ</span> <span class='ocrx_word' id='word_1_560' title='bbox 1122 377 1178 430; x_wconf 77' lang='grc' dir='ltr'><strong>λή</strong></span> <span class='ocrx_word' id='word_1_561' title='bbox 1187 389 1204 416; x_wconf 75' lang='grc' dir='ltr'>ς</span> <span class='ocrx_word' id='word_1_562' title='bbox 1220 385 1334 415; x_wconf 73' lang='lat' dir='ltr'><strong>clavis.</strong></span> <span class='ocrx_word' id='word_1_563' title='bbox 1355 379 1421 426; x_wconf 88' lang='lat' dir='ltr'><strong>[De</strong></span> <span class='ocrx_word' id='word_1_564' title='bbox 1433 386 1523 414; x_wconf 79' lang='lat' dir='ltr'><strong>recta</strong></span> <span class='ocrx_word' id='word_1_565' title='bbox 1541 383 1726 423; x_wconf 69' lang='lat' dir='ltr'><strong>scripturae</strong></span> <span class='ocrx_word' id='word_1_566' title='bbox 1741 382 1868 413; x_wconf 86' lang='lat' dir='ltr'><strong>ratione</strong></span> <span class='ocrx_word' id='word_1_567' title='bbox 1887 392 1918 412; x_wconf 86' lang='lat' dir='ltr'><strong>v.</strong></span> <span class='ocrx_word' id='word_1_568' title='bbox 1932 377 2023 426; x_wconf 78' lang='grc' dir='ltr'>κλῇ-</span> 
     </span>
     <span class='ocr_line' id='line_1_90' title="bbox 1009 417 2024 476; baseline -0.005 -11"><span class='ocrx_word' id='word_1_569' title='bbox 1009 428 1124 476; x_wconf 73' lang='grc' dir='ltr'><strong>θρον.]</strong></span> <span class='ocrx_word' id='word_1_570' title='bbox 1149 417 1195 464; x_wconf 66' lang='lat' dir='ltr'><strong>div</strong></span> <span class='ocrx_word' id='word_1_571' title='bbox 1211 429 1272 464; x_wconf 82' lang='grc' dir='ltr'><strong>καὶ</strong></span> <span class='ocrx_word' id='word_1_572' title='bbox 1286 427 1418 476; x_wconf 79' lang='grc' dir='ltr'>χρυσέα</span> <span class='ocrx_word' id='word_1_573' title='bbox 1434 423 1524 475; x_wconf 68' lang='grc' dir='ltr'><strong>κλῄς</strong></span> <span class='ocrx_word' id='word_1_574' title='bbox 1544 427 1599 462; x_wconf 85' lang='grc' dir='ltr'>ἐπὶ</span> <span class='ocrx_word' id='word_1_575' title='bbox 1615 426 1754 475; x_wconf 81' lang='grc' dir='ltr'><strong>γλώσσᾳ</strong></span> <span class='ocrx_word' id='word_1_576' title='bbox 1773 426 1898 473; x_wconf 80' lang='grc' dir='ltr'>βέβακε</span> <span class='ocrx_word' id='word_1_577' title='bbox 1916 436 2024 473; x_wconf 84' lang='grc' dir='ltr'>προσ-</span> 
     </span>
     <span class='ocr_line' id='line_1_91' title="bbox 1010 473 2025 523; baseline -0.006 -11"><span class='ocrx_word' id='word_1_578' title='bbox 1010 475 1126 512; x_wconf 84' lang='grc' dir='ltr'>πόλων</span> <span class='ocrx_word' id='word_1_579' title='bbox 1152 474 1376 523; x_wconf 82' lang='grc' dir='ltr'>Εὐμολπιδᾶν</span> <span class='ocrx_word' id='word_1_580' title='bbox 1401 476 1456 509; x_wconf 86' lang='lat' dir='ltr'><strong>OC</strong></span> <span class='ocrx_word' id='word_1_581' title='bbox 1477 473 1567 509; x_wconf 89' lang='grc'><strong>1052</strong></span> <span class='ocrx_word' id='word_1_582' title='bbox 1583 477 1634 508; x_wconf 87' lang='lat' dir='ltr'><strong>ch.</strong></span> <span class='ocrx_word' id='word_1_583' title='bbox 1672 478 1782 508; x_wconf 86' lang='lat' dir='ltr'><strong>Verba</strong></span> <span class='ocrx_word' id='word_1_584' title='bbox 1806 477 1853 507; x_wconf 88' lang='lat' dir='ltr'><strong>sic</strong></span> <span class='ocrx_word' id='word_1_585' title='bbox 1879 475 2025 507; x_wconf 76' lang='lat' dir='ltr'><strong>ostendit</strong></span> 
     </span>
     <span class='ocr_line' id='line_1_92' title="bbox 1009 519 2024 569; baseline -0.004 -12"><span class='ocrx_word' id='word_1_586' title='bbox 1009 534 1083 558; x_wconf 87' lang='lat' dir='ltr'><strong>esse</strong></span> <span class='ocrx_word' id='word_1_587' title='bbox 1102 525 1328 566; x_wconf 85' lang='lat' dir='ltr'><strong>componenda</strong></span> <span class='ocrx_word' id='word_1_588' title='bbox 1345 524 1458 555; x_wconf 87' lang='lat' dir='ltr'><strong>Herm.</strong></span> <span class='ocrx_word' id='word_1_589' title='bbox 1476 536 1483 555; x_wconf 79' lang='lat' dir='ltr'>z</span> <span class='ocrx_word' id='word_1_590' title='bbox 1513 523 1560 556; x_wconf 84' lang='grc' dir='ltr'><strong>ὧν</strong></span> <span class='ocrx_word' id='word_1_591' title='bbox 1577 522 1635 556; x_wconf 87' lang='grc' dir='ltr'><strong>καὶ</strong></span> <span class='ocrx_word' id='word_1_592' title='bbox 1662 521 1718 556; x_wconf 84' lang='grc' dir='ltr'>ἐπὶ</span> <span class='ocrx_word' id='word_1_593' title='bbox 1743 521 1881 569; x_wconf 74' lang='grc' dir='ltr'>γλώσσᾳ</span> <span class='ocrx_word' id='word_1_594' title='bbox 1900 519 2024 566; x_wconf 77' lang='grc' dir='ltr'>βέβακε</span> 
     </span>
     <span class='ocr_line' id='line_1_93' title="bbox 1009 566 2026 620; baseline -0.006 -15"><span class='ocrx_word' id='word_1_595' title='bbox 1009 571 1138 620; x_wconf 77' lang='grc' dir='ltr'>χρυσέα</span> <span class='ocrx_word' id='word_1_596' title='bbox 1155 566 1246 618; x_wconf 75' lang='grc' dir='ltr'><strong>κλῄς</strong></span> <span class='ocrx_word' id='word_1_597' title='bbox 1326 568 1570 615; x_wconf 80' lang='grc' dir='ltr'>Εὐμολπιδᾶν;</span> <span class='ocrx_word' id='word_1_598' title='bbox 1607 571 1708 602; x_wconf 82' lang='lat' dir='ltr'><strong>clavis</strong></span> <span class='ocrx_word' id='word_1_599' title='bbox 1725 581 1790 611; x_wconf 84' lang='lat' dir='ltr'><strong>qua</strong></span> <span class='ocrx_word' id='word_1_600' title='bbox 1809 568 2026 609; x_wconf 78' lang='lat' dir='ltr'><strong>Eumolpidae</strong></span> 
     </span>
     <span class='ocr_line' id='line_1_94' title="bbox 1011 616 2025 657; baseline -0.004 -6"><span class='ocrx_word' id='word_1_601' title='bbox 1011 621 1171 652; x_wconf 76' lang='lat' dir='ltr'><strong>antistites</strong></span> <span class='ocrx_word' id='word_1_602' title='bbox 1195 620 1453 651; x_wconf 75' lang='lat' dir='ltr'><strong>taciturnitatem</strong></span> <span class='ocrx_word' id='word_1_603' title='bbox 1478 619 1617 649; x_wconf 76' lang='lat' dir='ltr'><strong>initiatis</strong></span> <span class='ocrx_word' id='word_1_604' title='bbox 1643 619 1826 657; x_wconf 78' lang='lat' dir='ltr'><strong>imponunt.</strong></span> <span class='ocrx_word' id='word_1_605' title='bbox 1873 616 1966 647; x_wconf 87' lang='lat' dir='ltr'><strong>Libri</strong></span> <span class='ocrx_word' id='word_1_606' title='bbox 1989 616 2025 646; x_wconf 87' lang='lat' dir='ltr'><strong>in</strong></span> 
     </span>
     <span class='ocr_line' id='line_1_95' title="bbox 1009 659 2026 713; baseline -0.007 -13"><span class='ocrx_word' id='word_1_607' title='bbox 1009 659 1098 713; x_wconf 70' lang='grc' dir='ltr'>κλής</span> <span class='ocrx_word' id='word_1_608' title='bbox 1125 667 1342 698; x_wconf 86' lang='lat' dir='ltr'><strong>consentiunt</strong></span> <span class='ocrx_word' id='word_1_609' title='bbox 1367 662 1450 709; x_wconf 87' lang='lat' dir='ltr'><strong>[nisi</strong></span> <span class='ocrx_word' id='word_1_610' title='bbox 1468 665 1554 706; x_wconf 93' lang='lat' dir='ltr'><strong>quod</strong></span> <span class='ocrx_word' id='word_1_611' title='bbox 1572 662 1701 711; x_wconf 84' lang='grc' dir='ltr'>κλη.ησ</span> <span class='ocrx_word' id='word_1_612' title='bbox 1728 665 1785 696; x_wconf 91' lang='lat' dir='ltr'><strong>LA</strong></span> <span class='ocrx_word' id='word_1_613' title='bbox 1802 673 1851 704; x_wconf 92' lang='lat' dir='ltr'><strong>pr.</strong></span> <span class='ocrx_word' id='word_1_614' title='bbox 1866 688 1873 702; x_wconf 78' lang='lat'>‚</span> <span class='ocrx_word' id='word_1_615' title='bbox 1903 664 1939 694; x_wconf 91' lang='lat' dir='ltr'><strong>in</strong></span> <span class='ocrx_word' id='word_1_616' title='bbox 1961 671 2026 704; x_wconf 85' lang='lat' dir='ltr'><strong>quo</strong></span> 
     </span>
     <span class='ocr_line' id='line_1_96' title="bbox 1010 708 2021 758; baseline -0.005 -12"><span class='ocrx_word' id='word_1_617' title='bbox 1010 711 1054 747; x_wconf 90' lang='grc' dir='ltr'><strong>κλ</strong></span> <span class='ocrx_word' id='word_1_618' title='bbox 1083 723 1158 758; x_wconf 87' lang='grc' dir='ltr'>ειησ</span> <span class='ocrx_word' id='word_1_619' title='bbox 1175 713 1308 745; x_wconf 86' lang='lat' dir='ltr'><strong>videtur</strong></span> <span class='ocrx_word' id='word_1_620' title='bbox 1325 710 1457 756; x_wconf 61' lang='lat' dir='ltr'><strong>fuisse}</strong></span> <span class='ocrx_word' id='word_1_621' title='bbox 1488 713 1539 743; x_wconf 91' lang='lat' dir='ltr'><strong>De</strong></span> <span class='ocrx_word' id='word_1_622' title='bbox 1557 712 1728 743; x_wconf 85' lang='lat' dir='ltr'><strong>sententia</strong></span> <span class='ocrx_word' id='word_1_623' title='bbox 1746 722 1776 742; x_wconf 90' lang='lat' dir='ltr'><strong>v.</strong></span> <span class='ocrx_word' id='word_1_624' title='bbox 1796 712 1876 743; x_wconf 91' lang='lat' dir='ltr'><strong>Lob.</strong></span> <span class='ocrx_word' id='word_1_625' title='bbox 1895 711 1970 750; x_wconf 82' lang='lat' dir='ltr'><strong>Agl.</strong></span> <span class='ocrx_word' id='word_1_626' title='bbox 1989 708 2021 741; x_wconf 89' lang='lat'><strong>1.</strong></span> 
     </span>
     <span class='ocr_line' id='line_1_97' title="bbox 1011 725 2022 805; baseline -0.005 -12"><span class='ocrx_word' id='word_1_627' title='bbox 1011 725 1123 802; x_wconf 59' lang='lat' dir='ltr'><strong>p.⁷36.</strong></span> <span class='ocrx_word' id='word_1_628' title='bbox 1150 779 1191 784; x_wconf 94' lang='grc'>-</span> <span class='ocrx_word' id='word_1_629' title='bbox 1217 761 1402 792; x_wconf 71' lang='lat' dir='ltr'><strong>clavicula:</strong></span> <span class='ocrx_word' id='word_1_630' title='bbox 1437 760 1560 792; x_wconf 78' lang='grc' dir='ltr'>παῖσον</span> <span class='ocrx_word' id='word_1_631' title='bbox 1593 757 1679 803; x_wconf 85' lang='grc' dir='ltr'>ἐμᾶς</span> <span class='ocrx_word' id='word_1_632' title='bbox 1711 756 1777 792; x_wconf 72' lang='grc' dir='ltr'>ὑπὸ</span> <span class='ocrx_word' id='word_1_633' title='bbox 1809 755 1940 805; x_wconf 75' lang='grc' dir='ltr'>κλῃδός</span> <span class='ocrx_word' id='word_1_634' title='bbox 1965 757 2022 788; x_wconf 90' lang='lat' dir='ltr'><strong>Tr.</strong></span> 
     </span>
     <span class='ocr_line' id='line_1_98' title="bbox 1014 802 2026 853; baseline -0.004 -13"><span class='ocrx_word' id='word_1_635' title='bbox 1014 805 1102 840; x_wconf 81' lang='lat'><strong>1035</strong></span> <span class='ocrx_word' id='word_1_636' title='bbox 1121 818 1164 839; x_wconf 92' lang='lat' dir='ltr'><strong>m.</strong></span> <span class='ocrx_word' id='word_1_637' title='bbox 1187 804 1348 853; x_wconf 80' lang='grc' dir='ltr'>[κληίδοσ</span> <span class='ocrx_word' id='word_1_638' title='bbox 1366 807 1424 838; x_wconf 88' lang='lat' dir='ltr'><strong>LA</strong></span> <span class='ocrx_word' id='word_1_639' title='bbox 1438 807 1512 838; x_wconf 86' lang='lat' dir='ltr'><strong>sine</strong></span> <span class='ocrx_word' id='word_1_640' title='bbox 1529 811 1679 846; x_wconf 79' lang='lat' dir='ltr'><strong>accentu,</strong></span> <span class='ocrx_word' id='word_1_641' title='bbox 1698 806 1785 847; x_wconf 91' lang='lat' dir='ltr'><strong>quod</strong></span> <span class='ocrx_word' id='word_1_642' title='bbox 1804 810 1918 837; x_wconf 86' lang='lat' dir='ltr'><strong>utrum</strong></span> <span class='ocrx_word' id='word_1_643' title='bbox 1935 802 2026 850; x_wconf 73' lang='grc' dir='ltr'>κλῇ-</span> 
     </span>
     <span class='ocr_line' id='line_1_99' title="bbox 1012 851 2021 894; baseline -0.005 -6"><span class='ocrx_word' id='word_1_644' title='bbox 1012 853 1069 888; x_wconf 74' lang='grc' dir='ltr'><strong>δος</strong></span> <span class='ocrx_word' id='word_1_645' title='bbox 1093 865 1134 886; x_wconf 87' lang='lat' dir='ltr'><strong>an</strong></span> <span class='ocrx_word' id='word_1_646' title='bbox 1167 851 1300 892; x_wconf 85' lang='grc' dir='ltr'>κλειδός</span> <span class='ocrx_word' id='word_1_647' title='bbox 1326 855 1387 894; x_wconf 87' lang='lat' dir='ltr'><strong>sit,</strong></span> <span class='ocrx_word' id='word_1_648' title='bbox 1424 853 1600 885; x_wconf 81' lang='lat' dir='ltr'><strong>diiudicari</strong></span> <span class='ocrx_word' id='word_1_649' title='bbox 1626 854 1763 894; x_wconf 89' lang='lat' dir='ltr'><strong>nequit:</strong></span> <span class='ocrx_word' id='word_1_650' title='bbox 1799 853 1902 884; x_wconf 89' lang='lat' dir='ltr'><strong>ceteri</strong></span> <span class='ocrx_word' id='word_1_651' title='bbox 1928 852 2021 884; x_wconf 87' lang='lat' dir='ltr'><strong>codd.</strong></span> 
     </span>
     <span class='ocr_line' id='line_1_100' title="bbox 1010 896 2022 948; baseline -0.005 -13"><span class='ocrx_word' id='word_1_652' title='bbox 1010 899 1155 948; x_wconf 80' lang='grc' dir='ltr'><strong>κληῖδος</strong></span> <span class='ocrx_word' id='word_1_653' title='bbox 1189 902 1248 943; x_wconf 88' lang='lat' dir='ltr'><strong>qui</strong></span> <span class='ocrx_word' id='word_1_654' title='bbox 1274 905 1431 933; x_wconf 82' lang='lat' dir='ltr'><strong>accentus</strong></span> <span class='ocrx_word' id='word_1_655' title='bbox 1457 901 1648 939; x_wconf 81' lang='lat' dir='ltr'><strong>trisyllabae</strong></span> <span class='ocrx_word' id='word_1_656' title='bbox 1681 900 1837 932; x_wconf 88' lang='lat' dir='ltr'><strong>convenit</strong></span> <span class='ocrx_word' id='word_1_657' title='bbox 1871 896 2022 942; x_wconf 65' lang='lat' dir='ltr'><strong>formae}</strong></span> 
     </span>
     <span class='ocr_line' id='line_1_101' title="bbox 1011 944 1601 989; baseline -0.003 -8"><span class='ocrx_word' id='word_1_658' title='bbox 1011 950 1061 981; x_wconf 90' lang='lat' dir='ltr'><strong>De</strong></span> <span class='ocrx_word' id='word_1_659' title='bbox 1078 954 1156 981; x_wconf 89' lang='lat' dir='ltr'><strong>tono</strong></span> <span class='ocrx_word' id='word_1_660' title='bbox 1175 950 1302 980; x_wconf 81' lang='lat' dir='ltr'><strong>notavit</strong></span> <span class='ocrx_word' id='word_1_661' title='bbox 1321 951 1395 980; x_wconf 85' lang='lat' dir='ltr'><strong>Arc.</strong></span> <span class='ocrx_word' id='word_1_662' title='bbox 1417 958 1449 989; x_wconf 89' lang='lat' dir='ltr'><strong>p.</strong></span> <span class='ocrx_word' id='word_1_663' title='bbox 1468 944 1523 987; x_wconf 88' lang='grc'><strong>92,</strong></span> <span class='ocrx_word' id='word_1_664' title='bbox 1545 944 1601 979; x_wconf 85' lang='grc'><strong>24.</strong></span> 
     </span>
    </p>

    <p class='ocr_par' dir='ltr' id='par_1_18' title="bbox 1010 1000 2026 1148">
     <span class='ocr_line' id='line_1_102' title="bbox 1083 1000 2026 1064; baseline -0.004 -23"><span class='ocrx_word' id='word_1_665' title='bbox 1083 1000 1220 1064; x_wconf 68' lang='grc' dir='ltr'><strong>Κλῄω</strong></span> <span class='ocrx_word' id='word_1_666' title='bbox 1237 1006 1368 1038; x_wconf 80' lang='lat' dir='ltr'><strong>claudo.</strong></span> <span class='ocrx_word' id='word_1_667' title='bbox 1399 1004 1459 1052; x_wconf 81' lang='grc' dir='ltr'><strong>βλέ</strong></span> <span class='ocrx_word' id='word_1_668' title='bbox 1489 1016 1554 1051; x_wconf 87' lang='grc' dir='ltr'><strong>αρα</strong></span> <span class='ocrx_word' id='word_1_669' title='bbox 1576 1003 1743 1053; x_wconf 72' lang='grc' dir='ltr'>κέκληταί</span> <span class='ocrx_word' id='word_1_670' title='bbox 1791 1002 1810 1046; x_wconf 84' lang='grc'><strong>’,</strong></span> <span class='ocrx_word' id='word_1_671' title='bbox 1838 1004 1884 1042; x_wconf 83' lang='grc' dir='ltr'><strong>ὡς</strong></span> <span class='ocrx_word' id='word_1_672' title='bbox 1907 1015 2026 1050; x_wconf 87' lang='grc' dir='ltr'>καπη-</span> 
     </span>
     <span class='ocr_line' id='line_1_103' title="bbox 1011 1049 2025 1097; baseline -0.002 -11"><span class='ocrx_word' id='word_1_673' title='bbox 1011 1052 1104 1087; x_wconf 81' lang='grc' dir='ltr'><strong>λείου</strong></span> <span class='ocrx_word' id='word_1_674' title='bbox 1130 1052 1174 1088; x_wconf 58' lang='lat' dir='ltr'><strong>§lu</strong></span> <span class='ocrx_word' id='word_1_675' title='bbox 1197 1064 1231 1087; x_wconf 86' lang='grc' dir='ltr'><strong>αι</strong></span> <span class='ocrx_word' id='word_1_676' title='bbox 1249 1054 1347 1085; x_wconf 86' lang='lat' dir='ltr'><strong>Phin.</strong></span> <span class='ocrx_word' id='word_1_677' title='bbox 1370 1056 1411 1085; x_wconf 80' lang='lat' dir='ltr'><strong>fr.</strong></span> <span class='ocrx_word' id='word_1_678' title='bbox 1433 1050 1463 1085; x_wconf 89' lang='grc'><strong>6.</strong></span> <span class='ocrx_word' id='word_1_679' title='bbox 1481 1051 1514 1085; x_wconf 87' lang='grc'><strong>5.</strong></span> <span class='ocrx_word' id='word_1_680' title='bbox 1536 1054 1682 1085; x_wconf 75' lang='lat' dir='ltr'><strong>Brunck.</strong></span> <span class='ocrx_word' id='word_1_681' title='bbox 1710 1051 1774 1086; x_wconf 84' lang='grc' dir='ltr'><strong>κὲκ</strong></span> <span class='ocrx_word' id='word_1_682' title='bbox 1799 1062 1916 1085; x_wconf 83' lang='grc' dir='ltr'>εισται.</span> <span class='ocrx_word' id='word_1_683' title='bbox 1941 1049 2025 1097; x_wconf 80' lang='grc' dir='ltr'>[ψυ-</span> 
     </span>
     <span class='ocr_line' id='line_1_104' title="bbox 1010 1095 2025 1148; baseline -0.005 -13"><span class='ocrx_word' id='word_1_684' title='bbox 1010 1104 1079 1148; x_wconf 84' lang='grc' dir='ltr'><strong>χῆς</strong></span> <span class='ocrx_word' id='word_1_685' title='bbox 1097 1099 1175 1135; x_wconf 80' lang='grc' dir='ltr'>ἀνοῖ</span> <span class='ocrx_word' id='word_1_686' title='bbox 1194 1112 1228 1134; x_wconf 84' lang='grc' dir='ltr'><strong>αι</strong></span> <span class='ocrx_word' id='word_1_687' title='bbox 1244 1101 1306 1147; x_wconf 79' lang='grc' dir='ltr'><strong>τὴν</strong></span> <span class='ocrx_word' id='word_1_688' title='bbox 1319 1099 1539 1148; x_wconf 74' lang='grc' dir='ltr'>κεκλῃμένην</span> <span class='ocrx_word' id='word_1_689' title='bbox 1559 1098 1671 1146; x_wconf 80' lang='grc' dir='ltr'>πύλην</span> <span class='ocrx_word' id='word_1_690' title='bbox 1691 1101 1730 1132; x_wconf 81' lang='lat' dir='ltr'><strong>fr.</strong></span> <span class='ocrx_word' id='word_1_691' title='bbox 1748 1100 1874 1139; x_wconf 84' lang='lat' dir='ltr'><strong>Polyid.</strong></span> <span class='ocrx_word' id='word_1_692' title='bbox 1891 1095 1960 1131; x_wconf 82' lang='lat'><strong>467</strong></span> <span class='ocrx_word' id='word_1_693' title='bbox 1974 1096 2025 1143; x_wconf 89' lang='lat' dir='ltr'><strong>b.]</strong></span> 
     </span>
    </p>
   </div>
   <div class='ocr_carea' id='block_1_17' title="bbox 1012 1166 2027 1542">
    <p class='ocr_par' dir='ltr' id='par_1_19' title="bbox 1012 1166 2027 1542">
     <span class='ocr_line' id='line_1_105' title="bbox 1085 1166 2022 1216; baseline -0.006 -10"><span class='ocrx_word' id='word_1_694' title='bbox 1085 1167 1269 1216; x_wconf 77' lang='grc' dir='ltr'>Κλῖμαξ.</span> <span class='ocrx_word' id='word_1_695' title='bbox 1303 1169 1345 1216; x_wconf 79' lang='grc' dir='ltr'><strong>ῆν</strong></span> <span class='ocrx_word' id='word_1_696' title='bbox 1373 1168 1400 1203; x_wconf 83' lang='grc' dir='ltr'><strong>δ’</strong></span> <span class='ocrx_word' id='word_1_697' title='bbox 1424 1167 1656 1216; x_wconf 74' lang='grc' dir='ltr'>ἀμφίπλεκτοι</span> <span class='ocrx_word' id='word_1_698' title='bbox 1678 1167 1846 1215; x_wconf 79' lang='grc' dir='ltr'>κλίμακες</span> <span class='ocrx_word' id='word_1_699' title='bbox 1881 1170 1937 1202; x_wconf 89' lang='lat' dir='ltr'><strong>Tr.</strong></span> <span class='ocrx_word' id='word_1_700' title='bbox 1957 1166 2022 1201; x_wconf 87' lang='lat'><strong>521</strong></span> 
     </span>
     <span class='ocr_line' id='line_1_106' title="bbox 1012 1214 2024 1263; baseline -0.002 -12"><span class='ocrx_word' id='word_1_701' title='bbox 1012 1219 1062 1251; x_wconf 89' lang='lat' dir='ltr'><strong>ch.</strong></span> <span class='ocrx_word' id='word_1_702' title='bbox 1086 1219 1192 1251; x_wconf 87' lang='lat' dir='ltr'><strong>Schol.</strong></span> <span class='ocrx_word' id='word_1_703' title='bbox 1223 1217 1258 1252; x_wconf 80' lang='grc' dir='ltr'><strong>αἱ</strong></span> <span class='ocrx_word' id='word_1_704' title='bbox 1277 1215 1512 1262; x_wconf 74' lang='grc' dir='ltr'>ἐπαναβάσεις,</span> <span class='ocrx_word' id='word_1_705' title='bbox 1534 1216 1627 1263; x_wconf 84' lang='grc' dir='ltr'>παρὰ</span> <span class='ocrx_word' id='word_1_706' title='bbox 1647 1216 1686 1251; x_wconf 88' lang='grc' dir='ltr'><strong>τὸ</strong></span> <span class='ocrx_word' id='word_1_707' title='bbox 1703 1215 1775 1251; x_wconf 82' lang='grc' dir='ltr'><strong>ἅνω</strong></span> <span class='ocrx_word' id='word_1_708' title='bbox 1799 1228 1835 1251; x_wconf 88' lang='grc' dir='ltr'>τε</span> <span class='ocrx_word' id='word_1_709' title='bbox 1853 1215 1912 1250; x_wconf 87' lang='grc' dir='ltr'><strong>καὶ</strong></span> <span class='ocrx_word' id='word_1_710' title='bbox 1928 1214 2024 1250; x_wconf 79' lang='grc' dir='ltr'>κάτω</span> 
     </span>
     <span class='ocr_line' id='line_1_107' title="bbox 1013 1261 2027 1312; baseline -0.004 -13"><span class='ocrx_word' id='word_1_711' title='bbox 1013 1264 1136 1299; x_wconf 72' lang='grc' dir='ltr'>αὐτοὺς</span> <span class='ocrx_word' id='word_1_712' title='bbox 1161 1265 1239 1311; x_wconf 76' lang='grc' dir='ltr'>στρέ</span> <span class='ocrx_word' id='word_1_713' title='bbox 1267 1264 1365 1298; x_wconf 69' lang='grc' dir='ltr'>εσθαι</span> <span class='ocrx_word' id='word_1_714' title='bbox 1391 1264 1425 1298; x_wconf 81' lang='grc' dir='ltr'><strong>ἐν</strong></span> <span class='ocrx_word' id='word_1_715' title='bbox 1443 1266 1488 1312; x_wconf 77' lang='grc' dir='ltr'><strong>τῇ</strong></span> <span class='ocrx_word' id='word_1_716' title='bbox 1505 1264 1601 1312; x_wconf 79' lang='grc' dir='ltr'>μάχῃ</span> <span class='ocrx_word' id='word_1_717' title='bbox 1617 1274 1623 1280; x_wconf 93' lang='grc'>·</span> <span class='ocrx_word' id='word_1_718' title='bbox 1653 1263 1722 1298; x_wconf 82' lang='grc' dir='ltr'>ἔστι</span> <span class='ocrx_word' id='word_1_719' title='bbox 1741 1262 1777 1297; x_wconf 88' lang='grc' dir='ltr'><strong>δὲ</strong></span> <span class='ocrx_word' id='word_1_720' title='bbox 1794 1262 1885 1301; x_wconf 81' lang='grc' dir='ltr'>εἶδος</span> <span class='ocrx_word' id='word_1_721' title='bbox 1899 1261 2027 1298; x_wconf 84' lang='grc' dir='ltr'>παλαί-</span> 
     </span>
     <span class='ocr_line' id='line_1_108' title="bbox 1014 1309 2019 1358; baseline -0.003 -12"><span class='ocrx_word' id='word_1_722' title='bbox 1014 1323 1141 1357; x_wconf 85' lang='grc' dir='ltr'>σματος</span> <span class='ocrx_word' id='word_1_723' title='bbox 1158 1311 1181 1358; x_wconf 82' lang='grc' dir='ltr'>ἠ</span> <span class='ocrx_word' id='word_1_724' title='bbox 1198 1310 1242 1346; x_wconf 87' lang='grc' dir='ltr'><strong>κλ</strong></span> <span class='ocrx_word' id='word_1_725' title='bbox 1260 1310 1336 1357; x_wconf 75' lang='grc' dir='ltr'>μαξ.</span> <span class='ocrx_word' id='word_1_726' title='bbox 1352 1331 1393 1336; x_wconf 88' lang='grc'><strong>-</strong></span> <span class='ocrx_word' id='word_1_727' title='bbox 1412 1313 1558 1351; x_wconf 85' lang='lat' dir='ltr'><strong>Hesych.</strong></span> <span class='ocrx_word' id='word_1_728' title='bbox 1579 1309 1768 1356; x_wconf 70' lang='grc' dir='ltr'>κλίμακεςι</span> <span class='ocrx_word' id='word_1_729' title='bbox 1787 1309 1902 1357; x_wconf 85' lang='grc' dir='ltr'>πάλης</span> <span class='ocrx_word' id='word_1_730' title='bbox 1916 1309 2019 1348; x_wconf 82' lang='grc' dir='ltr'><strong>εἶδος.</strong></span> 
     </span>
     <span class='ocr_line' id='line_1_109' title="bbox 1012 1356 2025 1404; baseline -0.001 -13"><span class='ocrx_word' id='word_1_731' title='bbox 1012 1361 1104 1392; x_wconf 88' lang='lat' dir='ltr'><strong>Idem</strong></span> <span class='ocrx_word' id='word_1_732' title='bbox 1118 1361 1305 1400; x_wconf 79' lang='lat' dir='ltr'><strong>significare</strong></span> <span class='ocrx_word' id='word_1_733' title='bbox 1330 1357 1561 1404; x_wconf 73' lang='grc' dir='ltr'>κλιμακισμόν</span> <span class='ocrx_word' id='word_1_734' title='bbox 1592 1364 1626 1391; x_wconf 90' lang='lat' dir='ltr'><strong>et</strong></span> <span class='ocrx_word' id='word_1_735' title='bbox 1645 1361 1743 1391; x_wconf 84' lang='lat' dir='ltr'><strong>verba</strong></span> <span class='ocrx_word' id='word_1_736' title='bbox 1759 1356 1972 1404; x_wconf 76' lang='grc' dir='ltr'>κλιμακίξειν</span> <span class='ocrx_word' id='word_1_737' title='bbox 1991 1362 2025 1389; x_wconf 87' lang='lat' dir='ltr'><strong>et</strong></span> 
     </span>
     <span class='ocr_line' id='line_1_110' title="bbox 1013 1402 2021 1452; baseline -0.004 -12"><span class='ocrx_word' id='word_1_738' title='bbox 1013 1405 1293 1452; x_wconf 79' lang='grc' dir='ltr'>διακλιμακίζειν,</span> <span class='ocrx_word' id='word_1_739' title='bbox 1317 1411 1351 1438; x_wconf 88' lang='lat' dir='ltr'><strong>et</strong></span> <span class='ocrx_word' id='word_1_740' title='bbox 1369 1408 1561 1438; x_wconf 85' lang='lat' dir='ltr'><strong>meminisse</strong></span> <span class='ocrx_word' id='word_1_741' title='bbox 1576 1416 1689 1438; x_wconf 88' lang='lat' dir='ltr'><strong>eorum</strong></span> <span class='ocrx_word' id='word_1_742' title='bbox 1707 1406 1876 1438; x_wconf 88' lang='lat' dir='ltr'><strong>Pollucem</strong></span> <span class='ocrx_word' id='word_1_743' title='bbox 1892 1403 1924 1446; x_wconf 88' lang='lat'><strong>3,</strong></span> <span class='ocrx_word' id='word_1_744' title='bbox 1944 1402 2021 1436; x_wconf 87' lang='grc'><strong>155.</strong></span> 
     </span>
     <span class='ocr_line' id='line_1_111' title="bbox 1015 1454 2025 1495; baseline -0.002 -9"><span class='ocrx_word' id='word_1_745' title='bbox 1015 1455 1128 1486; x_wconf 87' lang='lat' dir='ltr'><strong>Herm.</strong></span> <span class='ocrx_word' id='word_1_746' title='bbox 1151 1455 1336 1495; x_wconf 84' lang='lat' dir='ltr'><strong>adscripsit,</strong></span> <span class='ocrx_word' id='word_1_747' title='bbox 1359 1455 1417 1495; x_wconf 90' lang='lat' dir='ltr'><strong>qui</strong></span> <span class='ocrx_word' id='word_1_748' title='bbox 1434 1464 1503 1486; x_wconf 90' lang='lat' dir='ltr'><strong>rem</strong></span> <span class='ocrx_word' id='word_1_749' title='bbox 1522 1454 1677 1494; x_wconf 87' lang='lat' dir='ltr'><strong>inprimis</strong></span> <span class='ocrx_word' id='word_1_750' title='bbox 1694 1458 1771 1494; x_wconf 84' lang='lat' dir='ltr'><strong>apte</strong></span> <span class='ocrx_word' id='word_1_751' title='bbox 1784 1454 1966 1485; x_wconf 85' lang='lat' dir='ltr'><strong>illustravit</strong></span> <span class='ocrx_word' id='word_1_752' title='bbox 1981 1461 2025 1483; x_wconf 79' lang='lat' dir='ltr'><strong>ex</strong></span> 
     </span>
     <span class='ocr_line' id='line_1_112' title="bbox 1012 1498 2020 1542; baseline -0.003 -9"><span class='ocrx_word' id='word_1_753' title='bbox 1012 1502 1107 1534; x_wconf 88' lang='lat' dir='ltr'><strong>Ovid.</strong></span> <span class='ocrx_word' id='word_1_754' title='bbox 1138 1502 1216 1533; x_wconf 89' lang='lat' dir='ltr'><strong>Met.</strong></span> <span class='ocrx_word' id='word_1_755' title='bbox 1238 1498 1277 1542; x_wconf 88' lang='lat'><strong>9,</strong></span> <span class='ocrx_word' id='word_1_756' title='bbox 1307 1499 1362 1532; x_wconf 87' lang='lat'><strong>51.</strong></span> <span class='ocrx_word' id='word_1_757' title='bbox 1405 1502 1540 1532; x_wconf 77' lang='lat' dir='ltr'><strong>Gravari</strong></span> <span class='ocrx_word' id='word_1_758' title='bbox 1566 1501 1761 1532; x_wconf 79' lang='lat' dir='ltr'><strong>vocabulum</strong></span> <span class='ocrx_word' id='word_1_759' title='bbox 1783 1501 1920 1532; x_wconf 78' lang='lat' dir='ltr'><strong>adnotat</strong></span> <span class='ocrx_word' id='word_1_760' title='bbox 1944 1500 2020 1531; x_wconf 87' lang='lat' dir='ltr'><strong>Arc.</strong></span> 
     </span>
    </p>
   </div>
   <div class='ocr_carea' id='block_1_18' title="bbox 1012 1545 2026 1638">
    <p class='ocr_par' dir='ltr' id='par_1_20' title="bbox 1012 1545 2026 1638">
     <span class='ocr_line' id='line_1_113' title="bbox 1012 1545 2020 1590; baseline -0.002 -11"><span class='ocrx_word' id='word_1_761' title='bbox 1012 1559 1046 1589; x_wconf 92' lang='lat' dir='ltr'><strong>p.</strong></span> <span class='ocrx_word' id='word_1_762' title='bbox 1070 1546 1124 1587; x_wconf 82' lang='grc'><strong>18,</strong></span> <span class='ocrx_word' id='word_1_763' title='bbox 1144 1545 1208 1588; x_wconf 91' lang='grc'><strong>22,</strong></span> <span class='ocrx_word' id='word_1_764' title='bbox 1239 1554 1272 1579; x_wconf 90' lang='lat' dir='ltr'><strong>et</strong></span> <span class='ocrx_word' id='word_1_765' title='bbox 1295 1549 1436 1589; x_wconf 81' lang='lat' dir='ltr'><strong>primam</strong></span> <span class='ocrx_word' id='word_1_766' title='bbox 1461 1549 1599 1590; x_wconf 81' lang='lat' dir='ltr'><strong>produci</strong></span> <span class='ocrx_word' id='word_1_767' title='bbox 1623 1548 1772 1579; x_wconf 85' lang='lat' dir='ltr'><strong>ostendit</strong></span> <span class='ocrx_word' id='word_1_768' title='bbox 1794 1548 1875 1579; x_wconf 88' lang='lat' dir='ltr'><strong>Eur.</strong></span> <span class='ocrx_word' id='word_1_769' title='bbox 1896 1547 2020 1579; x_wconf 85' lang='lat' dir='ltr'><strong>Phoen.</strong></span> 
     </span>
     <span class='ocr_line' id='line_1_114' title="bbox 1015 1591 2026 1638; baseline -0.002 -11"><span class='ocrx_word' id='word_1_770' title='bbox 1015 1592 1116 1627; x_wconf 86' lang='grc'><strong>1189.</strong></span> <span class='ocrx_word' id='word_1_771' title='bbox 1140 1592 1230 1627; x_wconf 88' lang='grc'><strong>1198</strong></span> <span class='ocrx_word' id='word_1_772' title='bbox 1255 1596 1344 1627; x_wconf 88' lang='lat' dir='ltr'><strong>Pors.</strong></span> <span class='ocrx_word' id='word_1_773' title='bbox 1819 1593 1851 1638; x_wconf 89' lang='lat' dir='ltr'><strong>(I</strong></span> <span class='ocrx_word' id='word_1_774' title='bbox 1869 1605 1901 1635; x_wconf 93' lang='lat' dir='ltr'><strong>p.</strong></span> <span class='ocrx_word' id='word_1_775' title='bbox 1924 1591 2026 1636; x_wconf 84' lang='lat'><strong>967.)</strong></span> 
     </span>
    </p>
   </div>
   <div class='ocr_carea' id='block_1_19' title="bbox 1011 1649 2067 2588">
    <p class='ocr_par' dir='ltr' id='par_1_21' title="bbox 1011 1649 2067 2588">
     <span class='ocr_line' id='line_1_115' title="bbox 1082 1649 2026 1697; baseline -0.001 -11"><span class='ocrx_word' id='word_1_776' title='bbox 1082 1649 1144 1687; x_wconf 84' lang='grc' dir='ltr'><strong>Κλ</strong></span> <span class='ocrx_word' id='word_1_777' title='bbox 1155 1651 1192 1686; x_wconf 92' lang='grc' dir='ltr'><strong>ίν</strong></span> <span class='ocrx_word' id='word_1_778' title='bbox 1203 1666 1231 1686; x_wconf 87' lang='grc' dir='ltr'>ω</span> <span class='ocrx_word' id='word_1_779' title='bbox 1248 1651 1293 1697; x_wconf 83' lang='grc' dir='ltr'><strong>(ἰ)</strong></span> <span class='ocrx_word' id='word_1_780' title='bbox 1310 1655 1444 1685; x_wconf 78' lang='lat' dir='ltr'><strong>inclino.</strong></span> <span class='ocrx_word' id='word_1_781' title='bbox 1465 1654 1515 1685; x_wconf 92' lang='lat' dir='ltr'><strong>De</strong></span> <span class='ocrx_word' id='word_1_782' title='bbox 1529 1664 1564 1686; x_wconf 86' lang='lat' dir='ltr'><strong>re</strong></span> <span class='ocrx_word' id='word_1_783' title='bbox 1578 1655 1756 1686; x_wconf 87' lang='lat' dir='ltr'><strong>movenda:</strong></span> <span class='ocrx_word' id='word_1_784' title='bbox 1779 1651 1818 1686; x_wconf 80' lang='grc' dir='ltr'><strong>ἐκ</strong></span> <span class='ocrx_word' id='word_1_785' title='bbox 1832 1651 1870 1685; x_wconf 84' lang='grc' dir='ltr'><strong>δὲ</strong></span> <span class='ocrx_word' id='word_1_786' title='bbox 1887 1649 2026 1696; x_wconf 71' lang='grc' dir='ltr'>πυθμέ-</span> 
     </span>
     <span class='ocr_line' id='line_1_116' title="bbox 1011 1697 2026 1747; baseline -0.002 -14"><span class='ocrx_word' id='word_1_787' title='bbox 1011 1712 1078 1733; x_wconf 89' lang='grc' dir='ltr'><strong>νων</strong></span> <span class='ocrx_word' id='word_1_788' title='bbox 1106 1698 1216 1734; x_wconf 82' lang='grc' dir='ltr'>ἔκλινε</span> <span class='ocrx_word' id='word_1_789' title='bbox 1241 1698 1346 1733; x_wconf 88' lang='grc' dir='ltr'>κοῖλα</span> <span class='ocrx_word' id='word_1_790' title='bbox 1371 1697 1510 1747; x_wconf 75' lang='grc' dir='ltr'>κλῇθρα</span> <span class='ocrx_word' id='word_1_791' title='bbox 1535 1701 1592 1733; x_wconf 86' lang='lat' dir='ltr'><strong>OR</strong></span> <span class='ocrx_word' id='word_1_792' title='bbox 1613 1697 1712 1733; x_wconf 87' lang='lat'><strong>1262.</strong></span> <span class='ocrx_word' id='word_1_793' title='bbox 1753 1701 1804 1732; x_wconf 92' lang='lat' dir='ltr'><strong>De</strong></span> <span class='ocrx_word' id='word_1_794' title='bbox 1822 1709 1955 1741; x_wconf 87' lang='lat' dir='ltr'><strong>corpore</strong></span> <span class='ocrx_word' id='word_1_795' title='bbox 1972 1701 2026 1731; x_wconf 90' lang='lat' dir='ltr'><strong>in-</strong></span> 
     </span>
     <span class='ocr_line' id='line_1_117' title="bbox 1013 1743 2026 1789; baseline 0 -10"><span class='ocrx_word' id='word_1_796' title='bbox 1013 1749 1166 1779; x_wconf 83' lang='lat' dir='ltr'><strong>clinando</strong></span> <span class='ocrx_word' id='word_1_797' title='bbox 1183 1751 1217 1779; x_wconf 89' lang='lat' dir='ltr'><strong>et</strong></span> <span class='ocrx_word' id='word_1_798' title='bbox 1234 1749 1431 1789; x_wconf 83' lang='lat' dir='ltr'><strong>applicando</strong></span> <span class='ocrx_word' id='word_1_799' title='bbox 1446 1750 1575 1788; x_wconf 80' lang='lat' dir='ltr'><strong>passive</strong></span> <span class='ocrx_word' id='word_1_800' title='bbox 1593 1748 1717 1780; x_wconf 88' lang='lat' dir='ltr'><strong>dictum</strong></span> <span class='ocrx_word' id='word_1_801' title='bbox 1731 1760 1738 1779; x_wconf 87' lang='lat'>:</span> <span class='ocrx_word' id='word_1_802' title='bbox 1769 1745 1871 1781; x_wconf 80' lang='grc' dir='ltr'>ὑπτία</span> <span class='ocrx_word' id='word_1_803' title='bbox 1893 1745 1930 1779; x_wconf 88' lang='grc' dir='ltr'><strong>δὲ</strong></span> <span class='ocrx_word' id='word_1_804' title='bbox 1947 1743 2026 1780; x_wconf 88' lang='grc' dir='ltr'>κλί-</span> 
     </span>
     <span class='ocr_line' id='line_1_118' title="bbox 1011 1793 2021 1840; baseline -0.002 -13"><span class='ocrx_word' id='word_1_805' title='bbox 1011 1806 1114 1839; x_wconf 88' lang='grc' dir='ltr'>νομαι</span> <span class='ocrx_word' id='word_1_806' title='bbox 1147 1793 1284 1828; x_wconf 85' lang='grc' dir='ltr'>δείσασα</span> <span class='ocrx_word' id='word_1_807' title='bbox 1317 1794 1400 1840; x_wconf 86' lang='grc' dir='ltr'>πρὸς</span> <span class='ocrx_word' id='word_1_808' title='bbox 1435 1793 1584 1839; x_wconf 80' lang='grc' dir='ltr'>δμωαῖσι</span> <span class='ocrx_word' id='word_1_809' title='bbox 1614 1793 1907 1840; x_wconf 82' lang='grc' dir='ltr'>κάποπλήσσομαι</span> <span class='ocrx_word' id='word_1_810' title='bbox 1941 1796 2021 1825; x_wconf 85' lang='lat' dir='ltr'><strong>Ant.</strong></span> 
     </span>
     <span class='ocr_line' id='line_1_119' title="bbox 1016 1837 2021 1888; baseline -0.002 -15"><span class='ocrx_word' id='word_1_811' title='bbox 1016 1840 1115 1875; x_wconf 76' lang='lat'><strong>1188.</strong></span> <span class='ocrx_word' id='word_1_812' title='bbox 1143 1844 1217 1879; x_wconf 88' lang='grc' dir='ltr'>τοῖς</span> <span class='ocrx_word' id='word_1_813' title='bbox 1236 1840 1336 1886; x_wconf 84' lang='grc' dir='ltr'><strong>ἐμοῖς</strong></span> <span class='ocrx_word' id='word_1_814' title='bbox 1353 1839 1515 1888; x_wconf 70' lang='grc' dir='ltr'>πλευροῖς</span> <span class='ocrx_word' id='word_1_815' title='bbox 1539 1841 1626 1887; x_wconf 77' lang='grc' dir='ltr'>ὁμοῦ</span> <span class='ocrx_word' id='word_1_816' title='bbox 1645 1839 1822 1875; x_wconf 75' lang='grc' dir='ltr'>κλιθεῖσαν</span> <span class='ocrx_word' id='word_1_817' title='bbox 1841 1842 1897 1873; x_wconf 88' lang='lat' dir='ltr'><strong>Tr.</strong></span> <span class='ocrx_word' id='word_1_818' title='bbox 1921 1837 2021 1872; x_wconf 88' lang='lat'><strong>1226.</strong></span> 
     </span>
     <span class='ocr_line' id='line_1_120' title="bbox 1014 1886 2025 1932; baseline 0 -12"><span class='ocrx_word' id='word_1_819' title='bbox 1014 1890 1101 1921; x_wconf 87' lang='lat' dir='ltr'><strong>Hinc</strong></span> <span class='ocrx_word' id='word_1_820' title='bbox 1118 1889 1158 1921; x_wconf 89' lang='lat' dir='ltr'><strong>de</strong></span> <span class='ocrx_word' id='word_1_821' title='bbox 1177 1894 1264 1920; x_wconf 88' lang='lat' dir='ltr'><strong>terra</strong></span> <span class='ocrx_word' id='word_1_822' title='bbox 1281 1889 1429 1921; x_wconf 86' lang='lat' dir='ltr'><strong>habitata</strong></span> <span class='ocrx_word' id='word_1_823' title='bbox 1446 1890 1497 1921; x_wconf 84' lang='lat' dir='ltr'><strong>vel</strong></span> <span class='ocrx_word' id='word_1_824' title='bbox 1514 1891 1662 1922; x_wconf 84' lang='lat' dir='ltr'><strong>insessa:</strong></span> <span class='ocrx_word' id='word_1_825' title='bbox 1693 1887 1857 1922; x_wconf 82' lang='grc' dir='ltr'>δισσαῖσιν</span> <span class='ocrx_word' id='word_1_826' title='bbox 1875 1886 2025 1932; x_wconf 76' lang='grc' dir='ltr'>ἀπείροις</span> 
     </span>
     <span class='ocr_line' id='line_1_121' title="bbox 1012 1933 2067 1973; baseline -0.003 -4"><span class='ocrx_word' id='word_1_827' title='bbox 1012 1933 1143 1973; x_wconf 81' lang='grc' dir='ltr'>κλιθείς</span> <span class='ocrx_word' id='word_1_828' title='bbox 1170 1937 1224 1968; x_wconf 91' lang='lat' dir='ltr'><strong>Tr.</strong></span> <span class='ocrx_word' id='word_1_829' title='bbox 1249 1933 1311 1968; x_wconf 92' lang='lat'><strong>101</strong></span> <span class='ocrx_word' id='word_1_830' title='bbox 1333 1936 1383 1968; x_wconf 87' lang='lat' dir='ltr'><strong>ch.</strong></span> <span class='ocrx_word' id='word_1_831' title='bbox 1413 1946 1455 1968; x_wconf 84' lang='lat' dir='ltr'><strong>ex</strong></span> <span class='ocrx_word' id='word_1_832' title='bbox 1480 1937 1618 1968; x_wconf 89' lang='lat' dir='ltr'><strong>Homeri</strong></span> <span class='ocrx_word' id='word_1_833' title='bbox 1642 1946 1706 1968; x_wconf 88' lang='lat' dir='ltr'><strong>usu</strong></span> <span class='ocrx_word' id='word_1_834' title='bbox 1732 1937 1923 1967; x_wconf 87' lang='lat' dir='ltr'><strong>desumtum</strong></span> <span class='ocrx_word' id='word_1_835' title='bbox 1947 1936 1986 1966; x_wconf 91' lang='lat' dir='ltr'><strong>ll.</strong></span> <span class='ocrx_word' id='word_1_836' title='bbox 2008 1945 2023 1967; x_wconf 89' lang='grc' dir='ltr'>ε</span> <span class='ocrx_word' id='word_1_837' title='bbox 2062 1954 2067 1959; x_wconf 86' lang='lat'><strong>·</strong></span> 
     </span>
     <span class='ocr_line' id='line_1_122' title="bbox 1013 1975 2024 2026; baseline 0 -12"><span class='ocrx_word' id='word_1_838' title='bbox 1013 1980 1094 2015; x_wconf 88' lang='grc'><strong>709.</strong></span> <span class='ocrx_word' id='word_1_839' title='bbox 1122 1994 1139 2016; x_wconf 91' lang='grc' dir='ltr'>ο</span> <span class='ocrx_word' id='word_1_840' title='bbox 1158 1980 1237 2015; x_wconf 90' lang='lat'><strong>740.</strong></span> <span class='ocrx_word' id='word_1_841' title='bbox 1275 1984 1317 2015; x_wconf 78' lang='lat' dir='ltr'><strong>cf.</strong></span> <span class='ocrx_word' id='word_1_842' title='bbox 1340 1983 1479 2016; x_wconf 88' lang='lat' dir='ltr'><strong>Seidler.</strong></span> <span class='ocrx_word' id='word_1_843' title='bbox 1505 1984 1545 2015; x_wconf 90' lang='lat' dir='ltr'><strong>ad</strong></span> <span class='ocrx_word' id='word_1_844' title='bbox 1571 1985 1651 2015; x_wconf 88' lang='lat' dir='ltr'><strong>Eur.</strong></span> <span class='ocrx_word' id='word_1_845' title='bbox 1681 1984 1798 2015; x_wconf 88' lang='lat' dir='ltr'><strong>Troad.</strong></span> <span class='ocrx_word' id='word_1_846' title='bbox 1827 1979 1907 2014; x_wconf 82' lang='lat'><strong>819.</strong></span> <span class='ocrx_word' id='word_1_847' title='bbox 1936 1975 2024 2026; x_wconf 74' lang='grc' dir='ltr'>[οὐδ’</span> 
     </span>
     <span class='ocr_line' id='line_1_123' title="bbox 1014 2026 2024 2076; baseline -0.003 -13"><span class='ocrx_word' id='word_1_848' title='bbox 1014 2029 1085 2076; x_wconf 82' lang='grc' dir='ltr'><strong>ἔχω</strong></span> <span class='ocrx_word' id='word_1_849' title='bbox 1112 2028 1180 2063; x_wconf 82' lang='grc' dir='ltr'><strong>ὅπα</strong></span> <span class='ocrx_word' id='word_1_850' title='bbox 1197 2029 1280 2075; x_wconf 84' lang='grc' dir='ltr'>πρὸς</span> <span class='ocrx_word' id='word_1_851' title='bbox 1297 2028 1422 2076; x_wconf 80' lang='grc' dir='ltr'>πότερα</span> <span class='ocrx_word' id='word_1_852' title='bbox 1439 2028 1553 2064; x_wconf 77' lang='grc' dir='ltr'>κλιθῶ</span> <span class='ocrx_word' id='word_1_853' title='bbox 1573 2032 1652 2062; x_wconf 88' lang='lat' dir='ltr'><strong>Ant.</strong></span> <span class='ocrx_word' id='word_1_854' title='bbox 1676 2026 1765 2062; x_wconf 80' lang='lat'><strong>1342</strong></span> <span class='ocrx_word' id='word_1_855' title='bbox 1782 2040 1825 2062; x_wconf 91' lang='lat' dir='ltr'><strong>m.</strong></span> <span class='ocrx_word' id='word_1_856' title='bbox 1855 2030 1959 2060; x_wconf 93' lang='lat' dir='ltr'><strong>Dind.</strong></span> <span class='ocrx_word' id='word_1_857' title='bbox 1981 2038 2024 2060; x_wconf 85' lang='lat' dir='ltr'><strong>ex</strong></span> 
     </span>
     <span class='ocr_line' id='line_1_124' title="bbox 1012 2074 2023 2122; baseline 0.001 -14"><span class='ocrx_word' id='word_1_858' title='bbox 1012 2079 1096 2109; x_wconf 86' lang='lat' dir='ltr'><strong>bona</strong></span> <span class='ocrx_word' id='word_1_859' title='bbox 1115 2078 1253 2116; x_wconf 85' lang='lat' dir='ltr'><strong>Kayseri</strong></span> <span class='ocrx_word' id='word_1_860' title='bbox 1271 2078 1355 2109; x_wconf 84' lang='lat' dir='ltr'><strong>coni.</strong></span> <span class='ocrx_word' id='word_1_861' title='bbox 1377 2087 1436 2118; x_wconf 87' lang='lat' dir='ltr'><strong>pro</strong></span> <span class='ocrx_word' id='word_1_862' title='bbox 1461 2077 1512 2122; x_wconf 77' lang='grc' dir='ltr'>πᾷ</span> <span class='ocrx_word' id='word_1_863' title='bbox 1528 2076 1587 2110; x_wconf 83' lang='grc' dir='ltr'><strong>καὶ</strong></span> <span class='ocrx_word' id='word_1_864' title='bbox 1610 2074 1695 2121; x_wconf 65' lang='grc' dir='ltr'><strong>θῶ]</strong></span> <span class='ocrx_word' id='word_1_865' title='bbox 1723 2077 1856 2108; x_wconf 75' lang='lat' dir='ltr'><strong>Active:</strong></span> <span class='ocrx_word' id='word_1_866' title='bbox 1882 2074 1932 2122; x_wconf 81' lang='grc' dir='ltr'>πᾷ</span> <span class='ocrx_word' id='word_1_867' title='bbox 1956 2086 2023 2121; x_wconf 85' lang='grc' dir='ltr'>μου</span> 
     </span>
     <span class='ocr_line' id='line_1_125' title="bbox 1013 2121 2023 2170; baseline -0.003 -13"><span class='ocrx_word' id='word_1_868' title='bbox 1013 2122 1149 2170; x_wconf 73' lang='grc' dir='ltr'>ψαύειςς</span> <span class='ocrx_word' id='word_1_869' title='bbox 1179 2126 1241 2157; x_wconf 92' lang='grc' dir='ltr'>ποῖ</span> <span class='ocrx_word' id='word_1_870' title='bbox 1254 2121 1401 2165; x_wconf 72' lang='grc' dir='ltr'>κλίνεις,</span> <span class='ocrx_word' id='word_1_871' title='bbox 1425 2125 1479 2156; x_wconf 88' lang='lat' dir='ltr'><strong>Tr.</strong></span> <span class='ocrx_word' id='word_1_872' title='bbox 1504 2121 1593 2156; x_wconf 90' lang='lat'><strong>1006</strong></span> <span class='ocrx_word' id='word_1_873' title='bbox 1606 2135 1650 2156; x_wconf 91' lang='lat' dir='ltr'><strong>m.</strong></span> <span class='ocrx_word' id='word_1_874' title='bbox 1680 2126 1731 2156; x_wconf 92' lang='lat' dir='ltr'><strong>De</strong></span> <span class='ocrx_word' id='word_1_875' title='bbox 1749 2124 1912 2155; x_wconf 86' lang='lat' dir='ltr'><strong>flectendo</strong></span> <span class='ocrx_word' id='word_1_876' title='bbox 1930 2132 2023 2162; x_wconf 86' lang='lat' dir='ltr'><strong>gres-</strong></span> 
     </span>
     <span class='ocr_line' id='line_1_126' title="bbox 1014 2165 2024 2217; baseline -0.001 -14"><span class='ocrx_word' id='word_1_877' title='bbox 1014 2181 1072 2203; x_wconf 87' lang='lat' dir='ltr'><strong>su:</strong></span> <span class='ocrx_word' id='word_1_878' title='bbox 1105 2169 1229 2217; x_wconf 79' lang='grc' dir='ltr'>μηκὲτι</span> <span class='ocrx_word' id='word_1_879' title='bbox 1245 2165 1336 2204; x_wconf 80' lang='grc' dir='ltr'>τοῦδ’</span> <span class='ocrx_word' id='word_1_880' title='bbox 1361 2169 1560 2217; x_wconf 80' lang='grc' dir='ltr'>ἀντιπέτρου</span> <span class='ocrx_word' id='word_1_881' title='bbox 1579 2170 1736 2217; x_wconf 83' lang='grc' dir='ltr'>βήματος</span> <span class='ocrx_word' id='word_1_882' title='bbox 1755 2169 1820 2210; x_wconf 74' lang='grc' dir='ltr'><strong>ἔξω</strong></span> <span class='ocrx_word' id='word_1_883' title='bbox 1839 2168 1927 2203; x_wconf 85' lang='grc' dir='ltr'>πόδα</span> <span class='ocrx_word' id='word_1_884' title='bbox 1943 2167 2024 2203; x_wconf 87' lang='grc' dir='ltr'>κλί-</span> 
     </span>
     <span class='ocr_line' id='line_1_127' title="bbox 1012 2214 2023 2263; baseline -0.001 -12"><span class='ocrx_word' id='word_1_885' title='bbox 1012 2229 1074 2263; x_wconf 82' lang='grc' dir='ltr'><strong>νῃς</strong></span> <span class='ocrx_word' id='word_1_886' title='bbox 1091 2218 1145 2251; x_wconf 89' lang='lat' dir='ltr'><strong>OC</strong></span> <span class='ocrx_word' id='word_1_887' title='bbox 1166 2215 1243 2250; x_wconf 86' lang='grc'><strong>193.</strong></span> <span class='ocrx_word' id='word_1_888' title='bbox 1272 2219 1323 2250; x_wconf 87' lang='lat' dir='ltr'><strong>De</strong></span> <span class='ocrx_word' id='word_1_889' title='bbox 1349 2219 1403 2250; x_wconf 89' lang='lat' dir='ltr'><strong>die</strong></span> <span class='ocrx_word' id='word_1_890' title='bbox 1421 2219 1581 2251; x_wconf 89' lang='lat' dir='ltr'><strong>inclinato</strong></span> <span class='ocrx_word' id='word_1_891' title='bbox 1606 2223 1642 2250; x_wconf 88' lang='lat' dir='ltr'><strong>et</strong></span> <span class='ocrx_word' id='word_1_892' title='bbox 1669 2223 1844 2258; x_wconf 84' lang='lat' dir='ltr'><strong>vergente:</strong></span> <span class='ocrx_word' id='word_1_893' title='bbox 1873 2216 1931 2250; x_wconf 88' lang='grc' dir='ltr'><strong>καὶ</strong></span> <span class='ocrx_word' id='word_1_894' title='bbox 1947 2214 2023 2250; x_wconf 85' lang='grc' dir='ltr'>κλί-</span> 
     </span>
     <span class='ocr_line' id='line_1_128' title="bbox 1012 2262 2025 2311; baseline -0.003 -13"><span class='ocrx_word' id='word_1_895' title='bbox 1012 2263 1104 2298; x_wconf 84' lang='grc' dir='ltr'>νεταί</span> <span class='ocrx_word' id='word_1_896' title='bbox 1132 2276 1169 2311; x_wconf 74' lang='grc' dir='ltr'>γε</span> <span class='ocrx_word' id='word_1_897' title='bbox 1193 2263 1322 2310; x_wconf 80' lang='grc' dir='ltr'>(ἦμαρ)</span> <span class='ocrx_word' id='word_1_898' title='bbox 1346 2266 1482 2304; x_wconf 89' lang='lat' dir='ltr'><strong>Thyest.</strong></span> <span class='ocrx_word' id='word_1_899' title='bbox 1509 2267 1551 2298; x_wconf 86' lang='lat' dir='ltr'><strong>fr.</strong></span> <span class='ocrx_word' id='word_1_900' title='bbox 1577 2262 1659 2306; x_wconf 88' lang='lat'><strong>239,</strong></span> <span class='ocrx_word' id='word_1_901' title='bbox 1680 2262 1701 2297; x_wconf 89' lang='lat'><strong>6</strong></span> <span class='ocrx_word' id='word_1_902' title='bbox 1719 2263 1781 2310; x_wconf 81' lang='lat' dir='ltr'><strong>[sic</strong></span> <span class='ocrx_word' id='word_1_903' title='bbox 1798 2265 1896 2296; x_wconf 86' lang='lat' dir='ltr'><strong>olim:</strong></span> <span class='ocrx_word' id='word_1_904' title='bbox 1933 2273 2025 2296; x_wconf 89' lang='lat' dir='ltr'><strong>nunc</strong></span> 
     </span>
     <span class='ocr_line' id='line_1_129' title="bbox 1012 2313 2023 2354; baseline -0.002 -10"><span class='ocrx_word' id='word_1_905' title='bbox 1012 2314 1099 2344; x_wconf 88' lang='lat' dir='ltr'><strong>bene</strong></span> <span class='ocrx_word' id='word_1_906' title='bbox 1124 2313 1261 2344; x_wconf 78' lang='lat' dir='ltr'><strong>refinxit</strong></span> <span class='ocrx_word' id='word_1_907' title='bbox 1285 2313 1395 2344; x_wconf 91' lang='lat' dir='ltr'><strong>locum</strong></span> <span class='ocrx_word' id='word_1_908' title='bbox 1420 2313 1590 2351; x_wconf 85' lang='lat' dir='ltr'><strong>Meinek.,</strong></span> <span class='ocrx_word' id='word_1_909' title='bbox 1625 2313 1899 2354; x_wconf 83' lang='lat' dir='ltr'><strong>interpunctione</strong></span> <span class='ocrx_word' id='word_1_910' title='bbox 1925 2321 2023 2342; x_wconf 89' lang='lat' dir='ltr'><strong>versu</strong></span> 
     </span>
     <span class='ocr_line' id='line_1_130' title="bbox 1014 2356 2021 2404; baseline 0.002 -14"><span class='ocrx_word' id='word_1_911' title='bbox 1014 2364 1181 2400; x_wconf 87' lang='lat' dir='ltr'><strong>separato,</strong></span> <span class='ocrx_word' id='word_1_912' title='bbox 1235 2356 1449 2404; x_wconf 75' lang='grc' dir='ltr'>γλυκαίνεται</span> <span class='ocrx_word' id='word_1_913' title='bbox 1489 2370 1525 2392; x_wconf 82' lang='grc' dir='ltr'>τε</span> <span class='ocrx_word' id='word_1_914' title='bbox 1564 2358 1844 2404; x_wconf 81' lang='grc' dir='ltr'>κάποπερκοῦται</span> <span class='ocrx_word' id='word_1_915' title='bbox 1887 2356 2021 2404; x_wconf 82' lang='grc' dir='ltr'><strong>βότρυς.</strong></span> 
     </span>
     <span class='ocr_line' id='line_1_131' title="bbox 1014 2404 2024 2451; baseline -0.002 -13"><span class='ocrx_word' id='word_1_916' title='bbox 1014 2407 1140 2438; x_wconf 81' lang='lat' dir='ltr'><strong>Nauck.</strong></span> <span class='ocrx_word' id='word_1_917' title='bbox 1162 2407 1294 2438; x_wconf 78' lang='lat' dir='ltr'><strong>volebat</strong></span> <span class='ocrx_word' id='word_1_918' title='bbox 1311 2404 1508 2439; x_wconf 81' lang='grc' dir='ltr'>πεπαίνεταί</span> <span class='ocrx_word' id='word_1_919' title='bbox 1524 2404 1586 2451; x_wconf 83' lang='grc' dir='ltr'><strong>τε].</strong></span> <span class='ocrx_word' id='word_1_920' title='bbox 1624 2407 1676 2438; x_wconf 89' lang='lat' dir='ltr'><strong>De</strong></span> <span class='ocrx_word' id='word_1_921' title='bbox 1693 2408 1794 2438; x_wconf 89' lang='lat' dir='ltr'><strong>rebus</strong></span> <span class='ocrx_word' id='word_1_922' title='bbox 1811 2406 1966 2437; x_wconf 87' lang='lat' dir='ltr'><strong>humanis</strong></span> <span class='ocrx_word' id='word_1_923' title='bbox 1984 2405 2024 2436; x_wconf 87' lang='lat' dir='ltr'><strong>ad</strong></span> 
     </span>
     <span class='ocr_line' id='line_1_132' title="bbox 1013 2449 2024 2499; baseline -0.002 -14"><span class='ocrx_word' id='word_1_924' title='bbox 1013 2455 1157 2485; x_wconf 79' lang='lat' dir='ltr'><strong>exitium</strong></span> <span class='ocrx_word' id='word_1_925' title='bbox 1180 2454 1377 2485; x_wconf 87' lang='lat' dir='ltr'><strong>ruentibus:</strong></span> <span class='ocrx_word' id='word_1_926' title='bbox 1411 2451 1527 2499; x_wconf 77' lang='grc' dir='ltr'>ἡμέρα</span> <span class='ocrx_word' id='word_1_927' title='bbox 1558 2451 1667 2487; x_wconf 77' lang='grc' dir='ltr'>κλίνει</span> <span class='ocrx_word' id='word_1_928' title='bbox 1696 2464 1732 2487; x_wconf 83' lang='grc' dir='ltr'>τε</span> <span class='ocrx_word' id='word_1_929' title='bbox 1756 2451 1897 2498; x_wconf 77' lang='grc' dir='ltr'>κάνάγει</span> <span class='ocrx_word' id='word_1_930' title='bbox 1922 2449 2024 2485; x_wconf 86' lang='grc' dir='ltr'>πάλιν</span> 
     </span>
     <span class='ocr_line' id='line_1_133' title="bbox 1013 2497 2021 2545; baseline -0.002 -12"><span class='ocrx_word' id='word_1_931' title='bbox 1013 2497 1148 2534; x_wconf 85' lang='grc' dir='ltr'>ἅπαντα</span> <span class='ocrx_word' id='word_1_932' title='bbox 1171 2497 1390 2545; x_wconf 81' lang='grc' dir='ltr'>τάνθρώπεια</span> <span class='ocrx_word' id='word_1_933' title='bbox 1415 2501 1469 2532; x_wconf 88' lang='lat' dir='ltr'><strong>Ai.</strong></span> <span class='ocrx_word' id='word_1_934' title='bbox 1494 2498 1570 2532; x_wconf 91' lang='lat'><strong>131.</strong></span> <span class='ocrx_word' id='word_1_935' title='bbox 1595 2518 1635 2523; x_wconf 93' lang='lat'><strong>—-</strong></span> <span class='ocrx_word' id='word_1_936' title='bbox 1662 2501 1795 2532; x_wconf 79' lang='lat' dir='ltr'><strong>Extrito</strong></span> <span class='ocrx_word' id='word_1_937' title='bbox 1818 2511 1835 2532; x_wconf 93' lang='grc' dir='ltr'>ν</span> <span class='ocrx_word' id='word_1_938' title='bbox 1864 2500 2021 2540; x_wconf 75' lang='lat' dir='ltr'><strong>tcorripi,</strong></span> 
     </span>
     <span class='ocr_line' id='line_1_134' title="bbox 1014 2548 1692 2588; baseline 0 -9"><span class='ocrx_word' id='word_1_939' title='bbox 1014 2551 1143 2579; x_wconf 85' lang='lat' dir='ltr'><strong>servato</strong></span> <span class='ocrx_word' id='word_1_940' title='bbox 1162 2551 1258 2578; x_wconf 85' lang='lat' dir='ltr'><strong>extra</strong></span> <span class='ocrx_word' id='word_1_941' title='bbox 1275 2548 1390 2579; x_wconf 83' lang='lat' dir='ltr'><strong>futura</strong></span> <span class='ocrx_word' id='word_1_942' title='bbox 1407 2548 1545 2588; x_wconf 86' lang='lat' dir='ltr'><strong>produci</strong></span> <span class='ocrx_word' id='word_1_943' title='bbox 1563 2551 1692 2580; x_wconf 89' lang='lat' dir='ltr'><strong>notum.</strong></span> 
     </span>
    </p>
   </div>
   <div class='ocr_carea' id='block_1_20' title="bbox 1013 2610 2025 2931">
    <p class='ocr_par' dir='ltr' id='par_1_22' title="bbox 1013 2610 2025 2931">
     <span class='ocr_line' id='line_1_135' title="bbox 1084 2610 2024 2663; baseline -0.003 -12"><span class='ocrx_word' id='word_1_944' title='bbox 1084 2613 1115 2652; x_wconf 93' lang='lat' dir='ltr'>K</span> <span class='ocrx_word' id='word_1_945' title='bbox 1127 2610 1223 2650; x_wconf 65' lang='grc' dir='ltr'><strong>λῖσΐ</strong></span> <span class='ocrx_word' id='word_1_946' title='bbox 1237 2629 1259 2650; x_wconf 84' lang='grc' dir='ltr'><strong>α</strong></span> <span class='ocrx_word' id='word_1_947' title='bbox 1275 2619 1443 2657; x_wconf 75' lang='grc' dir='ltr'>ίιιριινίιινη</span> <span class='ocrx_word' id='word_1_948' title='bbox 1459 2619 1615 2658; x_wconf 81' lang='lat' dir='ltr'><strong>militare,</strong></span> <span class='ocrx_word' id='word_1_949' title='bbox 1645 2615 1754 2663; x_wconf 86' lang='grc' dir='ltr'>σκηνή</span> <span class='ocrx_word' id='word_1_950' title='bbox 1773 2618 1898 2649; x_wconf 90' lang='lat' dir='ltr'><strong>dictum</strong></span> <span class='ocrx_word' id='word_1_951' title='bbox 1917 2620 2024 2648; x_wconf 82' lang='lat' dir='ltr'><strong>aetate</strong></span> 
     </span>
     <span class='ocr_line' id='line_1_136' title="bbox 1013 2660 2020 2709; baseline -0.002 -13"><span class='ocrx_word' id='word_1_952' title='bbox 1013 2668 1088 2705; x_wconf 89' lang='lat' dir='ltr'><strong>post</strong></span> <span class='ocrx_word' id='word_1_953' title='bbox 1105 2665 1288 2696; x_wconf 88' lang='lat' dir='ltr'><strong>Homerum</strong></span> <span class='ocrx_word' id='word_1_954' title='bbox 1306 2665 1468 2696; x_wconf 87' lang='lat' dir='ltr'><strong>insecuta.</strong></span> <span class='ocrx_word' id='word_1_955' title='bbox 1499 2663 1639 2709; x_wconf 67' lang='grc' dir='ltr'>ἐφάλοις</span> <span class='ocrx_word' id='word_1_956' title='bbox 1655 2663 1801 2702; x_wconf 74' lang='grc' dir='ltr'>κλισίαις</span> <span class='ocrx_word' id='word_1_957' title='bbox 1819 2665 1873 2696; x_wconf 90' lang='lat' dir='ltr'><strong>Ai.</strong></span> <span class='ocrx_word' id='word_1_958' title='bbox 1894 2660 1959 2695; x_wconf 88' lang='lat'><strong>192</strong></span> <span class='ocrx_word' id='word_1_959' title='bbox 1969 2664 2020 2695; x_wconf 88' lang='lat' dir='ltr'><strong>ch.</strong></span> 
     </span>
     <span class='ocr_line' id='line_1_137' title="bbox 1015 2705 2024 2757; baseline -0.001 -13"><span class='ocrx_word' id='word_1_960' title='bbox 1015 2709 1076 2756; x_wconf 82' lang='grc' dir='ltr'><strong>μία</strong></span> <span class='ocrx_word' id='word_1_961' title='bbox 1093 2705 1121 2743; x_wconf 75' lang='grc' dir='ltr'><strong>δ’</strong></span> <span class='ocrx_word' id='word_1_962' title='bbox 1146 2710 1185 2745; x_wconf 82' lang='grc' dir='ltr'><strong>ἐκ</strong></span> <span class='ocrx_word' id='word_1_963' title='bbox 1201 2709 1335 2748; x_wconf 82' lang='grc' dir='ltr'>κλισίας</span> <span class='ocrx_word' id='word_1_964' title='bbox 1361 2709 1494 2757; x_wconf 83' lang='grc' dir='ltr'>ἀνδρῶν</span> <span class='ocrx_word' id='word_1_965' title='bbox 1522 2709 1583 2757; x_wconf 81' lang='grc' dir='ltr'>ἰ’λη</span> <span class='ocrx_word' id='word_1_966' title='bbox 1599 2710 1656 2745; x_wconf 89' lang='grc' dir='ltr'><strong>τὸν</strong></span> <span class='ocrx_word' id='word_1_967' title='bbox 1674 2709 1877 2745; x_wconf 81' lang='grc' dir='ltr'>ὑπασπίδιον</span> <span class='ocrx_word' id='word_1_968' title='bbox 1894 2708 2024 2754; x_wconf 87' lang='grc' dir='ltr'>κόσμον</span> 
     </span>
     <span class='ocr_line' id='line_1_138' title="bbox 1015 2755 2025 2804; baseline -0.003 -13"><span class='ocrx_word' id='word_1_969' title='bbox 1015 2757 1146 2804; x_wconf 75' lang='grc' dir='ltr'>φερέτω</span> <span class='ocrx_word' id='word_1_970' title='bbox 1168 2755 1256 2790; x_wconf 80' lang='grc'><strong>1407</strong></span> <span class='ocrx_word' id='word_1_971' title='bbox 1274 2768 1326 2789; x_wconf 87' lang='lat' dir='ltr'><strong>an.</strong></span> <span class='ocrx_word' id='word_1_972' title='bbox 1362 2759 1547 2790; x_wconf 87' lang='lat' dir='ltr'><strong>Accentum</strong></span> <span class='ocrx_word' id='word_1_973' title='bbox 1564 2769 1606 2791; x_wconf 89' lang='lat' dir='ltr'><strong>an</strong></span> <span class='ocrx_word' id='word_1_974' title='bbox 1625 2760 1810 2791; x_wconf 87' lang='lat' dir='ltr'><strong>secundum</strong></span> <span class='ocrx_word' id='word_1_975' title='bbox 1827 2759 2025 2800; x_wconf 86' lang='lat' dir='ltr'><strong>periectico-</strong></span> 
     </span>
     <span class='ocr_line' id='line_1_139' title="bbox 1014 2805 2022 2847; baseline -0.002 -10"><span class='ocrx_word' id='word_1_976' title='bbox 1014 2815 1088 2837; x_wconf 90' lang='lat' dir='ltr'><strong>rum</strong></span> <span class='ocrx_word' id='word_1_977' title='bbox 1114 2814 1260 2837; x_wconf 84' lang='lat' dir='ltr'><strong>normam</strong></span> <span class='ocrx_word' id='word_1_978' title='bbox 1286 2806 1366 2845; x_wconf 91' lang='lat' dir='ltr'><strong>poni</strong></span> <span class='ocrx_word' id='word_1_979' title='bbox 1398 2810 1566 2846; x_wconf 83' lang='lat' dir='ltr'><strong>oporteat,</strong></span> <span class='ocrx_word' id='word_1_980' title='bbox 1602 2807 1724 2846; x_wconf 82' lang='lat' dir='ltr'><strong>ambigi</strong></span> <span class='ocrx_word' id='word_1_981' title='bbox 1754 2814 1852 2847; x_wconf 89' lang='lat' dir='ltr'><strong>posse</strong></span> <span class='ocrx_word' id='word_1_982' title='bbox 1877 2805 2022 2844; x_wconf 83' lang='lat' dir='ltr'><strong>videtur,</strong></span> 
     </span>
     <span class='ocr_line' id='line_1_140' title="bbox 1014 2850 2025 2893; baseline -0.001 -10"><span class='ocrx_word' id='word_1_983' title='bbox 1014 2853 1168 2893; x_wconf 89' lang='lat' dir='ltr'><strong>inprimis</strong></span> <span class='ocrx_word' id='word_1_984' title='bbox 1186 2853 1214 2884; x_wconf 93' lang='lat' dir='ltr'><strong>si</strong></span> <span class='ocrx_word' id='word_1_985' title='bbox 1231 2857 1407 2892; x_wconf 85' lang='lat' dir='ltr'><strong>cognatum</strong></span> <span class='ocrx_word' id='word_1_986' title='bbox 1424 2850 1554 2886; x_wconf 88' lang='grc' dir='ltr'>κλίσιον</span> <span class='ocrx_word' id='word_1_987' title='bbox 1568 2854 1774 2893; x_wconf 79' lang='lat' dir='ltr'><strong>consideres3</strong></span> <span class='ocrx_word' id='word_1_988' title='bbox 1797 2861 1894 2884; x_wconf 90' lang='lat' dir='ltr'><strong>nemo</strong></span> <span class='ocrx_word' id='word_1_989' title='bbox 1911 2856 2025 2883; x_wconf 87' lang='lat' dir='ltr'><strong>tamen</strong></span> 
     </span>
     <span class='ocr_line' id='line_1_141' title="bbox 1015 2899 1307 2931; baseline -0.003 0"><span class='ocrx_word' id='word_1_990' title='bbox 1015 2903 1147 2931; x_wconf 88' lang='lat' dir='ltr'><strong>notasse</strong></span> <span class='ocrx_word' id='word_1_991' title='bbox 1165 2899 1307 2931; x_wconf 88' lang='lat' dir='ltr'><strong>videtur.</strong></span> 
     </span>
    </p>
   </div>
   <div class='ocr_carea' id='block_1_21' title="bbox 1011 2953 2025 3467">
    <p class='ocr_par' dir='ltr' id='par_1_23' title="bbox 1011 2953 2025 3467">
     <span class='ocr_line' id='line_1_142' title="bbox 1084 2953 2025 2997; baseline -0.003 -6"><span class='ocrx_word' id='word_1_992' title='bbox 1084 2953 1252 2994; x_wconf 78' lang='grc' dir='ltr'>Κλῖτὺς</span> <span class='ocrx_word' id='word_1_993' title='bbox 1277 2958 1400 2997; x_wconf 79' lang='lat' dir='ltr'><strong>clivus,</strong></span> <span class='ocrx_word' id='word_1_994' title='bbox 1431 2959 1544 2997; x_wconf 76' lang='lat' dir='ltr'><strong>iuyum</strong></span> <span class='ocrx_word' id='word_1_995' title='bbox 1568 2959 1699 2989; x_wconf 74' lang='lat' dir='ltr'><strong>montis.</strong></span> <span class='ocrx_word' id='word_1_996' title='bbox 1729 2957 1896 2997; x_wconf 85' lang='lat' dir='ltr'><strong>Hesych.:</strong></span> <span class='ocrx_word' id='word_1_997' title='bbox 1925 2953 2025 2988; x_wconf 86' lang='grc' dir='ltr'>κλι-</span> 
     </span>
     <span class='ocr_line' id='line_1_143' title="bbox 1013 3000 2024 3049; baseline -0.003 -12"><span class='ocrx_word' id='word_1_998' title='bbox 1013 3002 1089 3041; x_wconf 80' lang='grc' dir='ltr'><strong>τύς</strong></span> <span class='ocrx_word' id='word_1_999' title='bbox 1113 3002 1171 3037; x_wconf 87' lang='grc' dir='ltr'><strong>καὶ</strong></span> <span class='ocrx_word' id='word_1_1000' title='bbox 1195 3001 1390 3041; x_wconf 75' lang='grc' dir='ltr'>κλιτύεςε</span> <span class='ocrx_word' id='word_1_1001' title='bbox 1419 3002 1462 3037; x_wconf 82' lang='grc' dir='ltr'><strong>τὰ</strong></span> <span class='ocrx_word' id='word_1_1002' title='bbox 1487 3001 1707 3049; x_wconf 81' lang='grc' dir='ltr'>ἀποκλίματα</span> <span class='ocrx_word' id='word_1_1003' title='bbox 1730 3008 1799 3037; x_wconf 84' lang='grc' dir='ltr'><strong>τῶν</strong></span> <span class='ocrx_word' id='word_1_1004' title='bbox 1818 3001 1937 3048; x_wconf 78' lang='grc' dir='ltr'>ὀρέων,</span> <span class='ocrx_word' id='word_1_1005' title='bbox 1965 3000 2024 3034; x_wconf 88' lang='grc' dir='ltr'><strong>καὶ</strong></span> 
     </span>
     <span class='ocr_line' id='line_1_144' title="bbox 1013 3048 2019 3096; baseline -0.004 -12"><span class='ocrx_word' id='word_1_1006' title='bbox 1013 3048 1056 3084; x_wconf 80' lang='grc' dir='ltr'><strong>τὰ</strong></span> <span class='ocrx_word' id='word_1_1007' title='bbox 1072 3062 1204 3095; x_wconf 69' lang='grc' dir='ltr'>καταφε</span> <span class='ocrx_word' id='word_1_1008' title='bbox 1227 3053 1250 3096; x_wconf 80' lang='grc' dir='ltr'><strong>ἦ</strong></span> <span class='ocrx_word' id='word_1_1009' title='bbox 1276 3055 1344 3084; x_wconf 82' lang='grc' dir='ltr'><strong>τῶν</strong></span> <span class='ocrx_word' id='word_1_1010' title='bbox 1368 3049 1512 3084; x_wconf 72' lang='grc' dir='ltr'><strong>ὑδάτων.</strong></span> <span class='ocrx_word' id='word_1_1011' title='bbox 1550 3052 1675 3083; x_wconf 87' lang='lat' dir='ltr'><strong>Eadem</strong></span> <span class='ocrx_word' id='word_1_1012' title='bbox 1701 3053 1771 3083; x_wconf 83' lang='lat' dir='ltr'><strong>fere</strong></span> <span class='ocrx_word' id='word_1_1013' title='bbox 1794 3051 1904 3092; x_wconf 88' lang='lat' dir='ltr'><strong>Apoll.</strong></span> <span class='ocrx_word' id='word_1_1014' title='bbox 1935 3050 2019 3080; x_wconf 81' lang='lat' dir='ltr'><strong>Lex.</strong></span> 
     </span>
     <span class='ocr_line' id='line_1_145' title="bbox 1013 3093 2025 3139; baseline -0.002 -10"><span class='ocrx_word' id='word_1_1015' title='bbox 1013 3098 1110 3129; x_wconf 90' lang='lat' dir='ltr'><strong>Hom.</strong></span> <span class='ocrx_word' id='word_1_1016' title='bbox 1141 3107 1174 3139; x_wconf 90' lang='lat' dir='ltr'><strong>p.</strong></span> <span class='ocrx_word' id='word_1_1017' title='bbox 1220 3095 1275 3130; x_wconf 89' lang='grc'><strong>05.</strong></span> <span class='ocrx_word' id='word_1_1018' title='bbox 1306 3098 1371 3130; x_wconf 84' lang='grc' dir='ltr'><strong>ΕΜ</strong></span> <span class='ocrx_word' id='word_1_1019' title='bbox 1394 3108 1426 3138; x_wconf 89' lang='lat' dir='ltr'><strong>p.</strong></span> <span class='ocrx_word' id='word_1_1020' title='bbox 1445 3094 1525 3138; x_wconf 89' lang='grc'><strong>519,</strong></span> <span class='ocrx_word' id='word_1_1021' title='bbox 1546 3095 1602 3130; x_wconf 87' lang='grc'><strong>46.</strong></span> <span class='ocrx_word' id='word_1_1022' title='bbox 1639 3098 1727 3131; x_wconf 86' lang='lat' dir='ltr'><strong>Gud.</strong></span> <span class='ocrx_word' id='word_1_1023' title='bbox 1746 3108 1780 3139; x_wconf 90' lang='lat' dir='ltr'><strong>p.</strong></span> <span class='ocrx_word' id='word_1_1024' title='bbox 1802 3094 1890 3138; x_wconf 86' lang='grc'><strong>328,</strong></span> <span class='ocrx_word' id='word_1_1025' title='bbox 1913 3093 1955 3128; x_wconf 91' lang='grc'><strong>16</strong></span> <span class='ocrx_word' id='word_1_1026' title='bbox 1981 3105 2025 3127; x_wconf 85' lang='lat' dir='ltr'><strong>ex</strong></span> 
     </span>
     <span class='ocr_line' id='line_1_146' title="bbox 1013 3141 2025 3189; baseline -0.001 -14"><span class='ocrx_word' id='word_1_1027' title='bbox 1013 3145 1144 3185; x_wconf 88' lang='lat' dir='ltr'><strong>Apione</strong></span> <span class='ocrx_word' id='word_1_1028' title='bbox 1169 3154 1303 3185; x_wconf 88' lang='lat' dir='ltr'><strong>omnes;</strong></span> <span class='ocrx_word' id='word_1_1029' title='bbox 1334 3141 1529 3181; x_wconf 78' lang='grc' dir='ltr'>ἀποκλίσεις</span> <span class='ocrx_word' id='word_1_1030' title='bbox 1554 3149 1622 3178; x_wconf 81' lang='grc' dir='ltr'><strong>τῶν</strong></span> <span class='ocrx_word' id='word_1_1031' title='bbox 1642 3144 1730 3189; x_wconf 85' lang='grc' dir='ltr'>ὀρῶν</span> <span class='ocrx_word' id='word_1_1032' title='bbox 1756 3144 1865 3177; x_wconf 86' lang='lat' dir='ltr'><strong>Schol.</strong></span> <span class='ocrx_word' id='word_1_1033' title='bbox 1885 3145 1972 3175; x_wconf 83' lang='lat' dir='ltr'><strong>Ven.</strong></span> <span class='ocrx_word' id='word_1_1034' title='bbox 1993 3142 2025 3174; x_wconf 87' lang='lat' dir='ltr'><strong>A</strong></span> 
     </span>
     <span class='ocr_line' id='line_1_147' title="bbox 1012 3186 2023 3236; baseline -0.003 -13"><span class='ocrx_word' id='word_1_1035' title='bbox 1012 3192 1053 3223; x_wconf 85' lang='lat' dir='ltr'><strong>ad</strong></span> <span class='ocrx_word' id='word_1_1036' title='bbox 1070 3192 1110 3223; x_wconf 95' lang='lat' dir='ltr'><strong>Il.</strong></span> <span class='ocrx_word' id='word_1_1037' title='bbox 1125 3202 1149 3223; x_wconf 92' lang='grc' dir='ltr'>π</span> <span class='ocrx_word' id='word_1_1038' title='bbox 1167 3188 1247 3230; x_wconf 89' lang='grc'><strong>390,</strong></span> <span class='ocrx_word' id='word_1_1039' title='bbox 1267 3189 1419 3235; x_wconf 87' lang='grc' dir='ltr'>κλίματα</span> <span class='ocrx_word' id='word_1_1040' title='bbox 1436 3189 1525 3236; x_wconf 82' lang='grc' dir='ltr'>ὀρῶν</span> <span class='ocrx_word' id='word_1_1041' title='bbox 1543 3192 1570 3223; x_wconf 89' lang='grc' dir='ltr'><strong>Β</strong></span> <span class='ocrx_word' id='word_1_1042' title='bbox 1588 3193 1632 3232; x_wconf 65' lang='lat' dir='ltr'><strong>L,</strong></span> <span class='ocrx_word' id='word_1_1043' title='bbox 1668 3190 1710 3224; x_wconf 84' lang='grc' dir='ltr'><strong>τὰ</strong></span> <span class='ocrx_word' id='word_1_1044' title='bbox 1728 3189 1948 3236; x_wconf 82' lang='grc' dir='ltr'>ἀποκλίμοιτα</span> <span class='ocrx_word' id='word_1_1045' title='bbox 1964 3186 2023 3221; x_wconf 85' lang='grc' dir='ltr'><strong>καὶ</strong></span> 
     </span>
     <span class='ocr_line' id='line_1_148' title="bbox 1014 3235 2024 3285; baseline -0.005 -13"><span class='ocrx_word' id='word_1_1046' title='bbox 1014 3235 1174 3285; x_wconf 77' lang='grc' dir='ltr'>ἐξέχοντα</span> <span class='ocrx_word' id='word_1_1047' title='bbox 1197 3242 1266 3271; x_wconf 83' lang='grc' dir='ltr'><strong>τῶν</strong></span> <span class='ocrx_word' id='word_1_1048' title='bbox 1293 3236 1399 3284; x_wconf 79' lang='grc' dir='ltr'>ὀρέων</span> <span class='ocrx_word' id='word_1_1049' title='bbox 1418 3239 1516 3270; x_wconf 87' lang='lat' dir='ltr'><strong>Eust.</strong></span> <span class='ocrx_word' id='word_1_1050' title='bbox 1536 3249 1570 3279; x_wconf 93' lang='lat' dir='ltr'><strong>p.</strong></span> <span class='ocrx_word' id='word_1_1051' title='bbox 1593 3235 1693 3278; x_wconf 90' lang='lat'><strong>1066,</strong></span> <span class='ocrx_word' id='word_1_1052' title='bbox 1718 3236 1759 3271; x_wconf 87' lang='lat'><strong>15</strong></span> <span class='ocrx_word' id='word_1_1053' title='bbox 1778 3242 1909 3270; x_wconf 85' lang='lat' dir='ltr'><strong>veteres</strong></span> <span class='ocrx_word' id='word_1_1054' title='bbox 1927 3245 2024 3269; x_wconf 88' lang='lat' dir='ltr'><strong>secu-</strong></span> 
     </span>
     <span class='ocr_line' id='line_1_149' title="bbox 1012 3283 2018 3325; baseline -0.002 -9"><span class='ocrx_word' id='word_1_1055' title='bbox 1012 3288 1068 3317; x_wconf 90' lang='lat' dir='ltr'><strong>tus</strong></span> <span class='ocrx_word' id='word_1_1056' title='bbox 1085 3286 1252 3325; x_wconf 87' lang='lat' dir='ltr'><strong>doctores,</strong></span> <span class='ocrx_word' id='word_1_1057' title='bbox 1281 3286 1482 3317; x_wconf 87' lang='lat' dir='ltr'><strong>recentiores</strong></span> <span class='ocrx_word' id='word_1_1058' title='bbox 1499 3286 1590 3316; x_wconf 87' lang='lat' dir='ltr'><strong>enim</strong></span> <span class='ocrx_word' id='word_1_1059' title='bbox 1613 3296 1630 3317; x_wconf 88' lang='lat' dir='ltr'><strong>a</strong></span> <span class='ocrx_word' id='word_1_1060' title='bbox 1654 3283 1811 3322; x_wconf 82' lang='grc' dir='ltr'>κλέτας</span> <span class='ocrx_word' id='word_1_1061' title='bbox 1840 3285 2018 3323; x_wconf 89' lang='lat' dir='ltr'><strong>ducebant,</strong></span> 
     </span>
     <span class='ocr_line' id='line_1_150' title="bbox 1011 3328 2023 3377; baseline 0.003 -14"><span class='ocrx_word' id='word_1_1062' title='bbox 1011 3333 1115 3372; x_wconf 91' lang='lat' dir='ltr'><strong>inque</strong></span> <span class='ocrx_word' id='word_1_1063' title='bbox 1133 3332 1185 3363; x_wconf 88' lang='lat' dir='ltr'><strong>his</strong></span> <span class='ocrx_word' id='word_1_1064' title='bbox 1203 3332 1412 3365; x_wconf 82' lang='lat' dir='ltr'><strong>Herodianus</strong></span> <span class='ocrx_word' id='word_1_1065' title='bbox 1429 3333 1535 3363; x_wconf 88' lang='lat' dir='ltr'><strong>fuisse</strong></span> <span class='ocrx_word' id='word_1_1066' title='bbox 1553 3333 1696 3364; x_wconf 86' lang='lat' dir='ltr'><strong>videtur.</strong></span> <span class='ocrx_word' id='word_1_1067' title='bbox 1731 3328 1914 3377; x_wconf 76' lang='grc' dir='ltr'>Τιρυνθίαν</span> <span class='ocrx_word' id='word_1_1068' title='bbox 1940 3328 2023 3376; x_wconf 80' lang='grc' dir='ltr'>πρὸς</span> 
     </span>
     <span class='ocr_line' id='line_1_151' title="bbox 1012 3373 2023 3423; baseline -0.003 -12"><span class='ocrx_word' id='word_1_1069' title='bbox 1012 3375 1130 3412; x_wconf 82' lang='grc' dir='ltr'>κλιτύν</span> <span class='ocrx_word' id='word_1_1070' title='bbox 1156 3379 1210 3411; x_wconf 85' lang='lat' dir='ltr'><strong>Tr.</strong></span> <span class='ocrx_word' id='word_1_1071' title='bbox 1231 3375 1313 3410; x_wconf 88' lang='lat'><strong>271.</strong></span> <span class='ocrx_word' id='word_1_1072' title='bbox 1346 3375 1540 3423; x_wconf 84' lang='grc' dir='ltr'>Παρνησίαν</span> <span class='ocrx_word' id='word_1_1073' title='bbox 1567 3376 1653 3423; x_wconf 74' lang='grc' dir='ltr'>ὑπὲρ</span> <span class='ocrx_word' id='word_1_1074' title='bbox 1677 3376 1795 3412; x_wconf 83' lang='grc' dir='ltr'>κλιτύν</span> <span class='ocrx_word' id='word_1_1075' title='bbox 1827 3379 1909 3412; x_wconf 82' lang='lat' dir='ltr'><strong>Ant.</strong></span> <span class='ocrx_word' id='word_1_1076' title='bbox 1934 3373 2023 3410; x_wconf 78' lang='lat'><strong>1145</strong></span> 
     </span>
     <span class='ocr_line' id='line_1_152' title="bbox 1013 3425 2025 3467; baseline -0.003 -8"><span class='ocrx_word' id='word_1_1077' title='bbox 1013 3426 1065 3460; x_wconf 83' lang='lat' dir='ltr'><strong>ch.</strong></span> <span class='ocrx_word' id='word_1_1078' title='bbox 1095 3436 1105 3458; x_wconf 89' lang='grc' dir='ltr'><strong>ι</strong></span> <span class='ocrx_word' id='word_1_1079' title='bbox 1129 3426 1340 3467; x_wconf 79' lang='lat' dir='ltr'><strong>producitur3</strong></span> <span class='ocrx_word' id='word_1_1080' title='bbox 1370 3431 1405 3459; x_wconf 90' lang='lat' dir='ltr'><strong>et</strong></span> <span class='ocrx_word' id='word_1_1081' title='bbox 1421 3427 1467 3457; x_wconf 81' lang='lat' dir='ltr'><strong>ita</strong></span> <span class='ocrx_word' id='word_1_1082' title='bbox 1484 3427 1631 3466; x_wconf 84' lang='lat' dir='ltr'><strong>legitime</strong></span> <span class='ocrx_word' id='word_1_1083' title='bbox 1649 3427 1718 3457; x_wconf 73' lang='lat' dir='ltr'><strong>neri</strong></span> <span class='ocrx_word' id='word_1_1084' title='bbox 1740 3425 1804 3458; x_wconf 88' lang='grc' dir='ltr'><strong>ΕΜ</strong></span> <span class='ocrx_word' id='word_1_1085' title='bbox 1821 3426 2025 3458; x_wconf 79' lang='lat' dir='ltr'><strong>demonstrat</strong></span> 
     </span>
    </p>
   </div>
   <div class='ocr_carea' id='block_1_22' title="bbox 1676 3481 1747 3515">
    <p class='ocr_par' dir='ltr' id='par_1_24' title="bbox 1676 3481 1747 3515">
     <span class='ocr_line' id='line_1_153' title="bbox 1676 3481 1747 3515; baseline 0 0"><span class='ocrx_word' id='word_1_1086' title='bbox 1676 3481 1747 3515; x_wconf 75' lang='lat'><strong>25·</strong></span> 
     </span>
    </p>
   </div>
  </div>
 </body>
</html>
