2288 3600
36 200 38 204 ,
89 143 314 193 ,ew-3784

21 322 29 335 ,»
56 325 66 333 .
86 297 264 340 ἐξισωτέον
282 297 321 332 τὸ
338 300 418 345 γοῦν
431 292 482 331 'ia‘
499 294 670 336 ἀντιλέξαι
685 296 744 330 OR
753 292 833 328 408.
854 295 917 341 τὴν
935 298 1016 342 γοῦν

20 364 22 370 v
46 356 112 393 ἰγα
129 340 272 380 attero&
289 343 434 383 ἄνακτος
451 339 572 379 Ἡλίου
588 340 690 376 1425.
713 341 840 388 φαιδρὰ
857 345 938 387 γοῦν
956 337 1015 376 ἀπ’

21 387 168 439 νμάτων
192 391 297 427 σαίνει
323 403 366 437 με
383 392 439 425 OG
457 388 535 425 319.
557 391 720 437 γνώσεται
747 393 828 436 γοῦν
846 387 936 424 ἀλλὰ
952 401 1018 435 τη-

21 441 23 472 ζ
62 443 144 475 ῦτα
160 440 240 473 Ant.
263 437 342 473 779.
371 437 513 473 ἐπαίνου
537 435 688 478 τεύξεται
717 449 742 471 π
767 437 802 471 ’ς
824 440 904 484 γοῦν
931 435 1016 482 ἐμοῦ

27 478 57 521 ”,
77 484 158 521 527.
191 485 396 534 δακρυρροεῖ
417 488 498 532 γοῦν
524 487 564 518 fr.
592 487 658 518 inc.
681 481 724 518 75
761 511 768 526 ‚
797 483 830 517 3.
859 485 1018 526 Inprimis

23 531 44 566 .’
56 538 164 568 tatum
178 538 231 567 est
246 535 281 566 in
297 534 571 576 responsionibus
585 529 829 580 στιχομυθιῶν.
851 529 916 576 [τίς
927 542 1017 577 παρ-

31 600 34 601 ’
85 593 101 620 ς
117 580 177 615 νέα
195 576 314 620 δέξαιτ’
339 579 396 621 ἅν;
425 578 463 614 εὖ
481 582 560 626 γοῦν
587 579 633 617 ὡς
651 582 774 625 γαμεῖν
802 577 893 625 ἔχεις
908 576 1017 616 τάλας

38 627 89 662 iil.
111 629 217 661 Troic.
247 630 288 660 fr.
310 625 390 667 632,
418 624 471 671 2.]
498 625 542 660 τὰ
566 629 647 673 γοῦν
672 637 714 661 σα
755 623 1017 668 499,.qu010‹:o

28 678 99 721 οὖν
119 685 193 708 esse
211 673 232 708 ἀ
255 674 313 721 γόν
331 677 447 716 inepte
463 675 547 707 dicit
564 674 706 707 Thomas
746 700 752 706 .
771 670 849 706 195.
879 672 918 706 τὸ
935 674 1017 719 γοῦν

38 734 85 762 ,ιν
103 723 161 756 OR
178 719 222 755 62
251 748 258 754 .
279 720 340 760 τὰς
358 724 438 767 γοῦν
456 717 607 767 Ἀθήνας
626 718 703 754 οἶδα
721 721 775 754 OC
787 718 844 753 24.
866 719 923 754 τὸν
938 721 1017 766 γοῦν

32 796 54 813 4-
65 766 124 804 οὖν
140 769 209 811 LA]
228 769 310 813 ἐμὸν
323 768 386 803 κού
403 767 461 802 τὸν
479 768 536 802 σόν
553 766 717 813 (ἀδελφὸν
732 765 852 814 θάψω)
862 768 942 799 Ant.
958 764 1014 799 45.

23 814 56 863 gl
79 819 159 863 γοῦν
184 815 371 861 (ἐξίσταται
394 814 490 859 νοῦς)
514 812 594 849 565.
623 814 641 849 ὁ
667 818 748 861 γοῦν
765 813 866 861 λόγος
885 825 938 848 σοι
953 815 1020 847 πᾶς

63 880 85 890 ⁷·
112 861 229 910 κείνης
253 862 310 897 ὅδε
327 861 407 902 748,
434 864 493 904 qui
519 873 634 896 versus
660 864 695 894 in
722 863 796 895 edd.
820 866 902 894 vett.
935 862 1018 893 male

23 926 71 967 μ’,
90 910 351 965 interiogajzione
366 912 557 968 profert'ur3
568 914 642 944 πῶς
658 906 722 963 ούρι
734 907 809 967 ὀγλεῖ
824 907 883 942 καὶ
899 906 1014 948 τόνὸες

96 969 182 1038 {1⁰12V
189 957 277 1044 δῗξέἔί
286 956 384 1052 ᾞΣίῃῖ
389 955 709 1049 ἓὸμοίῖἕζῖἔαῖἒιῖ.
721 954 1020 1045 ΞῖζὲΒόίοῖῗὲξζὲ

24 1071 42 1087 :-
57 1067 89 1085 ··-.
111 1052 220 1085 Simili
234 1062 271 1084 ac
287 1063 325 1098 γε
342 1053 468 1084 ratione
487 1053 662 1084 collocatur
674 1052 849 1092 particula,
867 1054 905 1082 ut
922 1060 1019 1091 prae-

28 1098 203 1132 'itionem
228 1103 262 1131 et
286 1100 485 1139 articulum,
515 1100 666 1140 quamvis
691 1099 840 1140 proxime
865 1107 941 1129 cum
960 1107 1019 1129 no-

29 1128 53 1147 d*
66 1156 94 1194 Μι’.
112 1147 262 1188 colligata
284 1151 453 1188 sequatur.

25 1220 38 1231 ¹³-
53 1201 263 1250 ⁴?I'poeize:
289 1216 320 1236 V.
351 1201 504 1251 Γραικός.
721 1203 755 1246 (1
771 1213 805 1244 p.
827 1200 894 1235 376
913 1202 1020 1245 med.)

24 1258 260 1310 ἓΤραιχός
286 1264 441 1296 Graecus.
470 1258 674 1300 Ῥαικοὺς
700 1262 732 1296 οἱ
749 1261 859 1308 βάρβα
884 1273 915 1295 οι
939 1260 1020 1299 τοὺς

29 1310 87 1351 ἐιίλ
113 1323 185 1349 νας.
216 1309 302 1356 Σοφ.
323 1310 366 1358 τῇ
385 1309 474 1351 λέξει
490 1308 659 1356 κέχρηται
684 1310 782 1342 Phot.
801 1319 835 1351 p.
858 1273 937 1345 4²80,
963 1307 1015 1341 15.

48 1365 60 1381 '³
117 1363 182 1392 ust.
204 1369 237 1401 p.
259 1355 339 1397 890,
365 1356 426 1390 14;
457 1354 691 1402 Γραικούςι
721 1356 744 1402 ἡ
769 1356 830 1402 μὲν
856 1354 1021 1402 συνήθεια

70 1402 168 1453 Scep.
189 1404 248 1448 (fr.
270 1408 335 1438 inc.
357 1402 442 1449 933]
468 1403 504 1439 δέ
530 1415 596 1438 που
621 1402 711 1437 κατὰ
734 1402 814 1441 τοὺς
839 1401 1017 1443 παλαιούς,

43 1448 53 1490 f·
81 1449 274 1499 Λυκόφρων
300 1450 337 1485 δὲ
355 1450 411 1485 διὰ
425 1454 487 1486 τοῦ
514 1450 548 1485 ἐν
567 1449 659 1498 ἀρχῇ
680 1464 700 1498 γ
718 1449 946 1496 προφέρουσιν
964 1449 1022 1484 ἐπὶ

39 1508 73 1540 ,ι
88 1498 194 1546 ήνων.
223 1499 255 1534 οἱ
280 1492 445 1546 βάρβαροι
469 1497 507 1532 δὲ
530 1493 741 1535 Ῥαικούς
766 1509 848 1543 φασι
865 1496 944 1544 δίχα
960 1500 1020 1531 τοῦ

28 1542 120 1588 ’,ζὼς
138 1547 173 1582 ἐν
191 1545 329 1590 παλαιῷ
347 1544 486 1592 εὕρηται
511 1544 683 1592 ῥητορικῷ
708 1544 836 1590 λεξικῷ
870 1546 913 1587 [v.
935 1555 1020 1586 quae

67 1609 82 1622 ¹-
107 1598 140 1626 ta
157 1597 237 1626 sunt
254 1595 289 1626 in
309 1594 372 1626 Th.
394 1595 433 1625 L.
457 1594 512 1626 Gr.
535 1594 566 1624 II
583 1603 617 1634 p.
639 1589 707 1625 749
719 1592 799 1634 sq.].
821 1594 1020 1625 Graecorum

50 1649 127 1674 en
144 1642 432 1680 vetustissimum,
460 1651 534 1672 cum
561 1642 617 1672 vix
644 1651 661 1671 a
685 1641 792 1682 poetis
820 1643 1019 1680 usurpatum

59 1690 293 1730 42evanuisset,
318 1694 393 1729 post
409 1688 593 1719 Alexandri
612 1688 746 1719 demum
765 1691 914 1728 tempora
926 1697 1020 1718 revo-

32 1732 107 1765 Ἅι..
138 1737 173 1768 in
198 1745 298 1767 usum
324 1745 397 1767 esse
415 1738 560 1769 constat,
591 1745 621 1766 v.
644 1735 760 1766 Marm.
783 1735 890 1766 Oxon.
913 1735 938 1765 I.
963 1731 1015 1765 10.

74 1786 142 1827 2⁰⁶·
163 1783 299 1814 Meteor.
326 1780 355 1822 1,
372 1779 426 1814 10.
444 1782 560 1823 Steph.
575 1782 655 1821 Byz.
678 1784 712 1813 et
729 1781 792 1813 EM
811 1792 843 1813 v,
860 1777 1016 1827 Γραικός,

67 1826 150 1863 4ἰιιιιι
175 1830 284 1862 Sturz.
316 1829 449 1869 collegit
472 1829 512 1860 de
538 1829 616 1860 dial.
639 1829 764 1860 Maced.
794 1838 827 1869 p.
852 1826 874 1860 8
893 1832 960 1860 not.
983 1825 1015 1860 3.

76 1909 82 1915 ,
111 1886 151 1908 ιιι·
174 1880 286 1909 autem
311 1879 345 1908 et
367 1871 519 1910 Ῥαικῶν
537 1879 571 1907 et
589 1872 743 1920 Γραικῶν
771 1885 906 1915 nomen,
935 1885 1020 1916 quae

91 1933 120 1955 ι·
135 1924 238 1955 forma
255 1927 318 1961 est,
341 1924 529 1964 antiquitus
546 1923 707 1954 usitatum
726 1923 851 1963 fuisse,
881 1924 927 1954 ita
945 1924 1020 1963 qui-

78 2100 81 2102 ,
101 2074 148 2096 ιιι
172 2064 307 2096 Graecis
339 2065 446 2106 poetis
480 2065 647 2104 assignare
675 2063 762 2095 haud
794 2065 1021 2106 improbabilis

76 2127 83 2146 ι
101 2111 150 2144 oio
166 2111 222 2143 sit.
252 2112 303 2143 De
328 2116 406 2143 tono
424 2123 454 2143 ν.
474 2111 591 2152 Stepb.
609 2111 689 2150 Byz.
708 2121 739 2142 v.
762 2107 919 2157 Γραικός,
940 2112 1018 2143 Arc.

74 2203 148 2239 ’am
163 2205 241 2237 inde
259 2207 382 2237 factum
408 2202 597 2250 Γραῖκες
610 2231 617 2245 ,
647 2206 688 2237 de
706 2215 771 2246 quo
792 2205 907 2246 Steph.
936 2206 1017 2244 Byz.

74 2249 222 2300 ἀικόςι
252 2249 278 2285 Γ
289 2258 306 2297 ρ
318 2255 417 2286 αῖκε
428 2259 444 2285 ς
468 2250 506 2285 δὲ
520 2246 598 2298 παρ’
614 2248 784 2296 Ἀλκμᾶνι
802 2250 837 2286 αἱ
851 2256 922 2284 τῶν
938 2246 1021 2285 Ἑλ-

83 2304 97 2338 ᾗ
149 2297 305 2345 μητέρες,
333 2298 392 2333 καὶ
418 2297 511 2343 παρὰ
531 2295 706 2344 Σοφοκλεῖ
723 2298 758 2332 ἐν
777 2295 940 2343 Ποιμέσιν
958 2298 1017 2341 (fr.

65 2343 195 2427 ..ἔῑστι
211 2344 248 2380 δὲ
265 2343 288 2390 ἢ
300 2345 542 2391 μεταπλασμὸς
559 2342 582 2390 ἢ
601 2349 664 2391 τῆς
682 2343 778 2392 γραίξ
790 2343 926 2383 εὐθείας
943 2344 1022 2379 κλί-

148 2403 179 2426 ν.

121 2453 241 2486 αῖος
264 2450 358 2495 [Lob.
387 2452 482 2483 Path.
513 2452 565 2483 El.
601 2449 632 2485 1.
653 2448 736 2496 239]
762 2454 865 2482 vetus.
902 2449 1021 2497 γραίας

79 2495 111 2517 ””“
148 2509 164 2536 ς
181 2492 319 2532 πάππος
336 2501 375 2531 fr.
397 2500 462 2531 inc.
485 2495 552 2530 746
571 2510 601 2530 v.
623 2492 774 2536 πάππος.
804 2498 1021 2530 Substantive

140 2547 143 2549 ’
163 2549 202 2577 ut
218 2547 424 2586 intelligatur
440 2557 513 2591 γυν
524 2544 560 2590 ή
581 2547 692 2592 χωρεῖ
709 2545 791 2591 πρὸς
807 2543 902 2590 ἡμᾶς
918 2547 1021 2591 γραῖα

143 2594 168 2624 Ι.
198 2593 268 2625 Νοιι
293 2594 427 2627 videtur
451 2594 555 2639 γραῖα
580 2603 598 2624 a
622 2595 741 2638 γραῖος
757 2594 1017 2632 seiungendum.

142 2640 250 2684 ,enim
269 2650 384 2671 versus
410 2641 577 2672 commode
602 2641 771 2681 pangendi
788 2641 925 2672 licentia
949 2650 1021 2672 cor-

138 2676 151 2690 “²
171 2699 187 2714 ιι
210 2687 347 2719 ultimae
362 2688 503 2728 peperit,
527 2697 592 2727 qua
609 2685 740 2732 ἀγνοία,
763 2684 877 2732 ἱερεία,
896 2684 1021 2732 παλιρ-

86 2732 316 2812 pfrfflluxmn
347 2735 575 2823 οῗιζὲρίἑιδιὸωἷ
599 2736 699 2765 etiam
726 2731 855 2811 ξῖογ-(ν.
876 2735 1016 2814 Ιᾏίἑιοοιι.

67 2795 126 2825 4j
187 2804 194 2810 .
254 2790 297 2812 rc.
316 2791 347 2822 p.
391 2801 397 2811 .
438 2806 445 2820 ,
541 2790 559 2812 e
591 2791 613 2813 κ
659 2791 738 2814 τικα
755 2792 773 2812 a
787 2791 877 2822 iqua,
940 2792 1021 2814 κτο-

87 2824 147 2868 “12:⁴2
162 2835 201 2857 ·s.
223 2823 301 2858 762.
331 2824 563 2861 Πολυδεύκεια
580 2792 695 2868 Effp.
716 2824 797 2868 461,
818 2825 862 2859 45
881 2832 915 2859 et
932 2838 1020 2860 com-

99 2874 120 2914 ’ζ
134 2869 240 2909 'etiam
258 2884 340 2906 usus
359 2869 547 2919 Διομήδειά
568 2875 668 2906 Arist.
690 2875 780 2906 Eccl.
805 2871 906 2906 1029.
947 2875 1020 2906 Νοιι

140 2921 166 2951 t
182 2924 356 2961 accentus,
385 2931 484 2961 quem
511 2923 764 2953 circumflexum
791 2923 916 2961 fuisse,
945 2932 1021 2953 cum

164 2990 172 3006 ,
192 2969 337 3008 acutum,
359 2979 434 3000 cum
452 2969 550 3008 longa
565 2978 649 3009 opus
667 2973 756 3000 esset
772 2969 902 3007 ultima,
924 2972 1018 3010 puto.

145 3027 263 3080 ἅμμα
287 3037 301 3079 ΙΙ
318 3039 422 3069 litera.
453 3034 639 3072 Φοινικίοις
654 3032 851 3084 γράμμασιν
870 3040 910 3070 fr.
928 3039 1017 3070 Past.

89 3116 132 3148 *sp
154 3084 306 3122 scriptum
329 3085 474 3140 quodvis.
518 3080 730 3144 γραμμάτων
764 3083 897 3140 πτυχὰς
929 3082 947 3118 ἕ
973 3096 1019 3119 ων

80 3128 214 3173 ζγιιᾱ.
238 3127 302 3163 150
334 3135 444 3164 reczta.
474 3143 616 3178 γραμμα
640 3143 822 3179 κηρυκειον
840 3142 905 3164 mc.
928 3130 950 3165 8
976 3131 1017 3174 7;

196 3180 366 3254 {gamm-⁸
396 3181 518 3219 scripta
550 3180 708 3212 videntur
741 3181 805 3211 dici
835 3181 1020 3212 secundum

89 3247 101 3253 .,
138 3256 141 3258 ,
169 3245 177 3261 ,
243 3248 250 3254 .

86 3284 233 3338 Δ·.ζὸφή
266 3295 438 3334 scriptura.
472 3294 609 3342 γαλκῆς
642 3294 736 3334 ὅπως
770 3295 948 3330 δύσνιπτον
982 3297 1022 3331 ἐκ

107 3335 284 3385 ’ψ’,γραφήν
303 3341 358 3372 Tr.
379 3338 458 3374 683.
487 3335 496 3342 “

119 3392 161 3446 ᾗ)
178 3388 282 3441 φίον
313 3400 432 3432 stilus?
463 3399 619 3447 γραφίοις
645 3399 850 3447 ἐνημμένοις
874 3403 952 3434 Hel.
975 3404 1017 3435 fr.

782 130 974 199 Γραῖκες
995 160 1066 168 —
1090 130 1216 198 Γύης

68 1967 96 2010 '⁴‚
122 1974 162 2002 ut
187 1971 227 2002 de
245 1971 460 2002 distinctione
479 1971 719 2011 quaerentibus
737 1971 959 2009 grammaticis
984 1970 1019 2001 in
1037 1988 1039 2002 ι

68 2020 157 2054 tem
189 2019 324 2049 venisse
357 2018 521 2057 barbaris,
557 2017 580 2048 i.
602 2026 632 2048 e.
670 2017 829 2048 Romanis
862 2003 1040 2060 alterum,'

66 2155 94 2203 τ-Ὶ
105 2181 114 2198 ,
129 2154 151 2190 6
168 2159 239 2191 coll.
262 2159 379 2190 Lehrs.
395 2160 500 2190 Arist.
522 2168 555 2199 p.
568 2155 649 2190 283.
664 2176 704 2182 -
723 2158 787 2190 Sed
804 2159 1021 2199 metaplasmo
1038 2161 1040 2168 ⁸

1977 129 2068 179 151

25 245 41 251 ’
55 267 63 281 ;
84 253 186 285 simul
200 253 338 293 respicit
354 252 396 284 ad
412 254 490 283 ante
507 251 612 290 dicta,
632 250 723 282 unde
747 249 874 291 aliquid
892 249 1019 288 colligi-
1057 239 1142 289 1873
1170 248 1334 289 particula
1359 247 1440 279 adeo
1465 249 1635 288 corrupta,
1672 249 1711 278 ut
1739 255 1859 278 sensus
1882 246 1974 278 nulla
1991 247 2073 278 ratio

1054 298 1195 338 constet.
1217 292 1385 341 [γραβίοις
1403 294 1546 326 malebat
1564 284 1758 326 Schneider.
1780 294 1815 325 in
1834 290 1940 337 Lex]

1115 347 1284 399 ,Γράφω
1309 351 1420 398 [Curt.
1444 352 1500 384 Et.
1531 362 1564 384 n.
1589 349 1671 409 138]
1697 352 1811 383 scribo.
1841 351 1977 392 Proprie
2001 352 2072 383 dic-

1053 404 1147 434 tum:
1178 398 1301 447 ὄρκους
1319 398 1387 446 ἐγὼ
1405 398 1565 446 γυναικὸς
1581 398 1628 436 είς
1646 396 1738 444 υδωρ
1761 397 1883 444 γράφω
1900 399 1967 430 inc.
1989 394 2068 430 694.

1056 449 1186 480 Tralate
1214 449 1386 488 passivum
1419 447 1544 479 dicitur
1572 450 1606 478 et
1633 445 1790 478 medium.
1827 443 1867 479 οὐ
1900 441 2073 491 Κρέοντος

1054 488 1247 539 προστάτου
1274 487 1488 540 γεγράψομαι
1512 494 1571 525 OR
1595 490 1674 525 411.
1721 493 1814 525 Suid.
1843 503 1873 523 v.
1902 486 2074 539 γεγράψο-

1056 553 1134 587 μαιε
1163 551 1231 573 non
1247 541 1398 573 censebor
1415 542 1524 572 cliens.
1570 540 1747 581 Explicuit
1765 540 1890 579 Musgr.
1913 549 1956 571 ex
1975 540 2070 573 Suid.

1056 601 1085 620 v.
1116 586 1346 634 ἀπροστασίου
1379 592 1414 620 et
1439 588 1585 627 Hesych.
1614 599 1645 618 v.
1675 580 1879 632 προστάτου.
1911 605 1951 610 -
1979 581 2074 620 ταῦτ’

1055 634 1183 670 ἐπίστω
1212 634 1271 669 καὶ
1294 629 1428 681 γράφου
1455 638 1588 681 φρενῶν
1614 632 1682 668 ἔσω
1706 634 1767 666 Ph.
1793 630 1892 666 1325.
1923 634 2016 667 Suid.
2039 645 2070 666 v.

1056 681 1183 717 ἐπίστω
1200 683 1300 714 habet
1318 681 1446 728 γράφε,
1476 682 1574 714 Eust.
1596 685 1709 713 autem
1726 692 1759 724 p.
1780 677 1862 719 806,
1884 677 1928 713 56
1953 690 2075 723 perpe-

1056 741 1125 762 ram
1150 729 1282 777 γράφου
1308 739 1368 771 pro
1392 728 1501 775 γράφε
1536 729 1600 761 dici
1624 730 1807 760 existimat.
1844 726 1947 774 ἐγγρά
1976 725 2073 762 εσθαι

1057 779 1172 810 eodem
1198 787 1297 809 sensu
1324 777 1451 809 dictum
1483 778 1524 808 ab
1550 776 1671 808 Aesch.
1701 775 1868 808 Prometh.
1900 771 1944 807 79
1974 801 1980 807 .
2019 775 2070 808 cf.

1058 825 1200 857 Boeckh.
1223 825 1324 865 Expl.
1347 824 1443 856 Pind.
1464 834 1498 865 p.
1523 820 1600 855 198.

1128 880 1232 921 Γύα,
1261 881 1327 928 γύη
1354 893 1384 913 v.
1406 881 1503 928 γύης.
1773 879 1804 925 (1
1823 892 1856 923 p.
1879 878 1948 914 377
1965 880 2074 925 med.)

1127 938 1153 975 Γ
1165 938 1244 975 ύᾶλ
1255 953 1298 975 ον
1325 942 1495 973 convalli&
1525 941 1553 974 ὦ
1571 938 1691 978 κοίλας
1710 939 1836 986 πέτρας
1854 937 1980 986 γύαλον
2008 941 2069 972 Ph.

1060 986 1143 1021 1081
1166 999 1209 1020 m.
1239 992 1383 1020 antrum.
1414 988 1524 1020 Affert
1549 989 1610 1020 hoc
1635 988 1733 1019 Eust.
1763 998 1795 1029 p.
1818 984 1898 1028 526,
1919 984 1976 1019 40.
2006 984 2075 1020 944

1055 1033 1112 1068 24.
1137 1054 1177 1059 —-
1198 1031 1279 1080 βᾶθι
1294 1033 1352 1069 εἴτ’
1371 1033 1478 1081 ἄκραν
1497 1034 1553 1068 ἐπὶ
1571 1032 1749 1080 γύαλον
1763 1033 1900 1080 ἁγίζων,
1921 1032 2000 1068 ἵκου
2018 1034 2074 1068 OC

1060 1080 1160 1115 1493.
1183 1084 1298 1115 Herm.
1328 1093 1372 1114 ex
1390 1083 1449 1114 LA
1467 1086 1501 1114 et
1526 1083 1601 1116 aliis
1627 1080 1823 1127 ἐπιγύαλον.
1861 1083 1954 1114 Haec
1971 1091 2073 1114 sensu

1057 1140 1147 1162 cassa
1164 1134 1255 1161 sunt.
1287 1129 1404 1162 Suid.:
1426 1127 1561 1175 ἄκραν
1588 1127 1659 1163 ἐπὶ
1683 1141 1702 1174 γ
1715 1127 1847 1163 ύαλον
1860 1157 1868 1170 ,
1897 1123 1948 1162 ἐπ’
1965 1127 2074 1175 ἄκραν

1058 1176 1194 1223 πέτραν.
1217 1177 1352 1210 Scholia*
1369 1175 1392 1221 ἡ
1411 1175 1480 1210 ἐπὶ
1498 1176 1581 1223 πρὸς
1598 1175 1636 1210 τὸ
1653 1174 1776 1222 ἄκραν,
1796 1170 1839 1209 ἵν’
1858 1170 1878 1223 ᾗ
1895 1170 1947 1210 ἐπ’
1965 1174 2074 1222 ἄκραν

1058 1224 1195 1270 πέτραν.
1219 1225 1327 1258 Schol.
1351 1225 1412 1267 Ms.
1435 1225 1533 1256 Laur.
1551 1237 1557 1255 :
1586 1221 1747 1270 γύαλον
1765 1222 1839 1257 ἀντὶ
1855 1226 1915 1257 τοῦ
1933 1221 2071 1270 πέτραν.

1058 1273 1150 1304 Haec
1167 1275 1202 1304 et
1226 1272 1348 1305 Suidae
1366 1274 1545 1303 inventum
1563 1273 1680 1313 inepta
1705 1274 1805 1311 sunt,
1827 1271 1916 1313 quod
1933 1274 2076 1303 extrema

1057 1321 1128 1351 saxi
1141 1330 1220 1360 pars
1236 1331 1256 1365 γ
1267 1317 1345 1352 ύαλ
1357 1330 1374 1352 ο
1385 1330 1401 1351 ν
1420 1320 1486 1350 dici
1498 1328 1563 1351 non
1579 1320 1700 1360 potuit.
1720 1319 1905 1358 Reisigium
1924 1328 1965 1350 ex
1980 1323 2074 1360 parte

1058 1371 1195 1398 secutus
1220 1368 1306 1398 bene
1330 1376 1401 1398 rem
1427 1367 1532 1406 gessit
1556 1366 1592 1398 C.
1615 1366 1775 1397 Matthiae
1801 1365 1937 1404 Quaest.
1969 1365 2071 1406 Soph.

1058 1423 1089 1454 p.
1115 1411 1181 1445 158
1199 1423 1287 1455 sqq.‚
1309 1413 1483 1445 scribendo
1508 1405 1566 1446 εἴτ’
1588 1410 1695 1458 ἄκραν
1712 1409 1735 1456 ἢ
1755 1407 1802 1446 ’πὶ
1819 1410 1959 1458 γύαλον,
1987 1410 2075 1446 εἴτε

1058 1465 1093 1492 et
1109 1457 1132 1504 ἥ
1151 1470 1224 1492 sese
1242 1461 1514 1501 excipientibus,
1543 1461 1743 1502 praepositio
1769 1464 1808 1491 ut
1833 1461 1874 1492 ad
1891 1464 2075 1501 utrumque

1056 1509 1220 1540 referatur
1238 1509 1470 1547 communiter,
1487 1507 1767 1549 quemadmodum
1782 1508 1883 1539 etiam
1898 1507 2076 1539 scholiasta

1057 1556 1244 1595 intellexit,
1277 1559 1390 1587 tamen
1408 1559 1448 1587 ut
1464 1553 1486 1597 ἤ
1506 1565 1572 1586 ιιοιι
1590 1555 1747 1587 habuisse
1765 1555 1929 1586 videatur.

1128 1610 1240 1660 Γύης
1273 1612 1333 1658 [cf.
1355 1614 1449 1646 Curt.
1481 1613 1536 1645 Et.
1559 1623 1592 1644 n.
1618 1610 1698 1658 132]
1726 1623 1853 1645 arvum.
1890 1617 1906 1652 ΙΙ
1938 1613 2075 1654 Proprie

1057 1661 1195 1693 dictum.
1225 1659 1372 1707 κύναρος
1389 1657 1524 1694 ἄκανθα
1541 1659 1651 1694 πάντα
1668 1658 1818 1705 πληθύει
1833 1658 1920 1706 γύην
1945 1661 2070 1693 Phoen.

1057 1708 1098 1739 fr.
1121 1705 1202 1740 643.
1230 1706 1263 1742 οἱ
1280 1706 1318 1741 δὲ
1335 1705 1476 1753 πλησίοι
1491 1706 1570 1753 γύαι
1581 1707 1643 1757 'OC
1658 1705 1703 1740 58
1737 1705 1803 1754 [γρ.
1825 1707 1860 1742 αἱ
1879 1706 1909 1740 ὃ.
1930 1705 2074 1753 πλησίον

1055 1753 1133 1800 γύαι
1151 1756 1252 1788 schol.
1270 1751 1357 1799 LA].
1373 1753 1568 1801 πρεσβεύων
1587 1747 1732 1801 Ἀργους
1748 1766 1784 1788 τε
1792 1753 1890 1801 γύαις
1902 1756 1944 1787 fr.
1957 1756 2071 1787 Inach.

1054 1799 1137 1841 256,
1159 1800 1190 1834 3.
1214 1796 1266 1836 ἐπ’
1291 1799 1420 1839 Οἰνέως
1436 1801 1533 1848 γύαις
1553 1803 1692 1842 Meleag.
1716 1798 1796 1843 357,
1821 1799 1850 1834 1.
1872 1804 1930 1835 νῦν
1949 1796 1978 1835 δ’
1995 1798 2075 1836 οὔτε

1057 1843 1090 1897 μ’
1117 1848 1166 1883 είς
1189 1845 1358 1884 Δωδῶνος
1390 1846 1468 1883 οὔτε
1493 1845 1656 1884 Πυθικῶν
1681 1847 1765 1894 γύας
1789 1856 1840 1882 τις
1866 1846 1906 1882 ἂν
1931 1846 2074 1882 πείσειεν

1057 1898 1167 1939 Niptr.
1188 1894 1268 1929 401.
1305 1898 1345 1928 In
1370 1897 1442 1929 cod.
1470 1898 1587 1938 Steph.
1609 1897 1688 1935 Byz.
1711 1897 1917 1929 Coisliniano
1942 1907 1973 1928 v.
1996 1891 2075 1930 Δω-

1057 1943 1150 1990 δώνη
1168 1955 1208 1990 γυ
1228 1945 1385 1976 scribitur
1402 1945 1523 1976 ceteris
1540 1944 1670 1976 adustis
1681 1969 1688 1983 ,
1717 1944 1776 1975 sed
1795 1945 1866 1976 veri
1883 1944 2004 1976 similis
2021 1947 2074 1976 est

1057 1993 1214 2024 correctio
1237 1992 1296 2023 illa
1319 1989 1472 2037 [γυάλων
1507 1992 1589 2023 ch.
1639 1989 1702 2035 υνή
1728 2002 1781 2028 τις
1805 1991 1945 2023 Montes.
1967 1988 2075 2037 γῆρύς

1055 2051 1105 2076 τις
1119 2040 1174 2070 vel
1190 2041 1359 2084 προφῆτις
1369 2038 1404 2069 M
1407 2036 1549 2083 einek.].
1564 2057 1604 2062 —-
1617 2002 1809 2082 {TTralatum
1827 2038 1868 2070 ad
1883 2048 1966 2070 arva
1982 2039 2076 2078 yeni-

1058 2088 1149 2118 talia.
1171 2084 1341 2131 ἀρώσιμοι
1357 2084 1420 2131 γάρ
1439 2084 1502 2119 εἰσι
1520 2084 1676 2133 χάτέρων
1693 2084 1772 2130 γύαι
1789 2086 1870 2118 Ant.
1885 2081 1965 2118 569.
1987 2085 2071 2117 Exc.

1057 2134 1126 2166 cod.
1155 2134 1230 2164 Par.
1258 2137 1333 2173 post
1359 2134 1456 2173 Greg.
1479 2133 1552 2165 Cor.
1582 2143 1615 2174 p.
1638 2129 1707 2166 677
1740 2131 1910 2179 ἀρώσιμαι
1927 2137 2072 2178 γνῶμαι.

1058 2181 1225 2221 Moschop.
1238 2181 1384 2221 denique
1394 2181 1486 2212 dictt.
1503 2184 1563 2212 att.
1579 2191 1610 2211 v.
1631 2178 1745 2225 ἀρόω
1758 2206 1765 2219 ,
1787 2178 1949 2226 ἀρόσιμαι
1965 2181 2071 2226 γυῖαι.

1058 2229 1103 2260 Et
1120 2228 1174 2259 hic
1192 2228 1328 2268 quidem
1346 2229 1532 2267 scripturae
1549 2228 1643 2268 vitio,
1672 2229 1714 2260 de
1731 2236 1796 2269 quo
1812 2229 1899 2260 bene
1917 2228 2076 2268 exposuit

1058 2276 1174 2306 Valck.
1189 2275 1229 2306 ad
1240 2275 1365 2306 Phoen.
1379 2272 1448 2306 648
1461 2286 1467 2305 ε
1489 2276 1555 2306 etsi
1568 2276 1663 2320 γυῖαι
1675 2275 1824 2307 cadentis
1837 2275 1958 2306 aetatis
1969 2275 2076 2306 fuisse

1059 2323 1217 2354 credibile
1235 2322 1420 2354 secundum
1438 2322 1612 2354 observata
1628 2333 1647 2354 a
1663 2323 1810 2354 Iacobsio
1827 2322 1867 2353 ad
1882 2322 1985 2353 Anth.
1999 2321 2070 2352 Pal.

1058 2367 1091 2401 3.
1113 2379 1146 2409 p.
1159 2366 1226 2400 517
1245 2366 1302 2412 [cf.
1322 2370 1403 2401 Lob.
1423 2369 1519 2401 Path.
1541 2366 1654 2409 E11.2,
1676 2367 1722 2402 26
1732 2366 1812 2413 sq.].
1835 2370 1874 2400 In
1893 2369 2072 2409 Excerptis

1059 2416 1220 2448 Parisinis
1253 2413 1478 2460 άρώσιμος
1504 2420 1538 2448 et
1563 2414 1790 2461 ἁλώσιμος
1824 2417 1963 2448 confusa
1987 2416 2075 2447 arbi·

1059 2467 1138 2504 tror,
1160 2464 1214 2494 cui
1231 2464 1403 2503 posteriori
1419 2467 1555 2508 γνῶμαι
1571 2465 1658 2495 bene
1671 2464 1840 2504 convenit,
1857 2466 1892 2494 et
1904 2463 2074 2494 sententia

1059 2511 1135 2542 talis
1160 2511 1274 2542 crebra
1299 2514 1351 2541 est
1374 2510 1463 2551 apud
1489 2512 1642 2550 tragicos.
1679 2511 1837 2543 Ceterum
1855 2511 2007 2550 minime,
2035 2513 2075 2541 ut

1058 2558 1236 2590 Passovius
1260 2558 1406 2589 affirmat
1430 2558 1466 2588 in
1492 2558 1559 2589 lex.
1576 2583 1583 2595 ,
1612 2558 1800 2590 solitarium
1817 2561 1868 2590 est
1891 2555 2000 2603 γύης
2017 2567 2071 2598 ap.

1059 2605 1276 2646 Euripidem,
1315 2605 1373 2636 sed
1395 2605 1587 2644 legitimum
1614 2609 1649 2636 et
1673 2606 1762 2646 apud
1786 2605 1927 2644 tragicos
1943 2607 2069 2644 regnat.

1058 2652 1129 2683 Hoc
1152 2652 1280 2693 primus
1311 2652 1460 2683 decrevit
1484 2652 1603 2683 Elmsl.
1640 2653 1681 2684 ad
1713 2653 1795 2684 Eur.
1824 2652 1955 2684 Heraol.
1988 2647 2071 2690 839,

1057 2701 1232 2740 postquam
1252 2696 1350 2743 “γύης
1383 2708 1449 2730 non
1482 2700 1683 2731 inusitatum
1717 2709 1791 2731 esse
1816 2699 1905 2740 apud
1933 2699 2073 2738 tragicos

1058 2746 1183 2786 Musgr.
1205 2746 1405 2777 observarat.
1434 2746 1632 2778 Assentitur
1647 2747 1764 2778 Herm.
1785 2747 1825 2778 ad
1843 2747 1970 2778 Alcest.
1989 2741 2070 2785 602,

1060 2794 1176 2834 corrigi
1194 2793 1315 2824 iubens
1332 2793 1454 2824 Aesch.
1472 2793 1580 2825 Prom.
1599 2790 1666 2825 377
1691 2789 1776 2836 (369
1794 2791 1924 2836 Well.].
1946 2792 2073 2832 Gorrigi

1058 2841 1157 2871 etiam
1185 2840 1280 2871 facile
1305 2841 1430 2880 poterit
1454 2840 1623 2881 Sophoclis
1647 2841 1732 2873 illud
1748 2837 1902 2878 Πυθικὰς
1926 2837 2010 2884 γύας
2027 2840 2070 2871 fr.

1058 2883 1137 2918 401.
1190 2887 1252 2919 Sed
1291 2896 1330 2918 ea
1362 2889 1532 2919 sententia
1560 2888 1681 2919 melius
1705 2898 1805 2929 quam
1840 2889 1880 2919 ab
1912 2887 2073 2919 Elmsleio

1058 2935 1184 2965 factum
1202 2937 1265 2967 est.
1294 2934 1419 2966 firmari
1435 2935 1556 2974 potuit.
1586 2935 1738 2976 Namque
1762 2934 1840 2980 τὴν
1868 2931 1977 2980 γύην
1995 2943 2071 2965 ver-

1057 2991 1114 3012 sus
1133 2981 1227 3012 nullo
1251 2981 1322 3012 loco
1346 2982 1534 3013 necessario
1551 2983 1715 3022 postulat,
1744 2991 1936 3022 quanquam
1952 2981 2071 3022 proba-

1056 3028 1116 3058 bili
1135 3025 1178 3071 [⁹]
1197 3028 1430 3059 emendatione
1447 3029 1495 3059 sic
1513 3030 1685 3070 scripseris
1703 3031 1737 3060 in
1751 3030 1792 3060 fr.
1807 3025 1886 3069 547,
1908 3039 1940 3060 v.
1961 3023 2072 3061 Ἰλλυ-

1058 3072 1128 3119 ρίς,
1158 3078 1192 3106 et
1218 3075 1355 3107 fortasse
1383 3076 1484 3107 etiam
1509 3076 1548 3106 fr.
1570 3073 1649 3117 457,
1680 3087 1711 3107 v.
1732 3072 1914 3110 Κυκνῖτιςε
1942 3075 2073 3116 respuit

1056 3122 1146 3153 idem
1170 3122 1205 3152 in
1234 3122 1485 3154 Heraclidarum
1512 3132 1628 3164 versu;
1665 3126 1700 3155 et
1732 3123 1916 3155 masculino
1948 3131 2071 3162 genere

1057 3166 1168 3201 πάντα
1199 3165 1284 3213 γύην
1317 3170 1353 3200 in
1382 3169 1552 3210 Sophoclis
1570 3169 1766 3202 Colchidum
1788 3179 1889 3202 versu
1914 3170 2072 3201 distincte

1058 3216 1225 3247 scribitur.
1255 3216 1388 3247 Deinde
1406 3217 1584 3256 singularis
1601 3226 1763 3249 numerus
1781 3220 1870 3249 certa
1887 3217 1952 3248 fide
1967 3220 2068 3248 caret.

1059 3263 1218 3303 Denique
1236 3260 1253 3296 ὁ
1272 3260 1357 3308 γύης
1375 3266 1534 3303 tanquam
1552 3274 1570 3295 a
1586 3265 1750 3296 technicis
1768 3267 1941 3295 enotatum
1959 3263 2071 3304 prodit

1059 3309 1221 3341 Theodos.
1244 3308 1325 3341 Can.
1346 3319 1379 3350 p.
1402 3306 1470 3342 977
1487 3314 1521 3342 et
1539 3310 1637 3342 Eust.
1659 3321 1692 3352 p.
1716 3308 1816 3351 1572,
1842 3307 1901 3342 19;
1933 3308 2014 3357 γύη
2032 3307 2070 3343 δὲ

1058 3353 1081 3400 ἢ
1100 3354 1208 3402 γύης
1226 3354 1413 3402 ἀρσενικόν,
1435 3355 1558 3403 μέτρον
1577 3361 1652 3404 γῆς.
1677 3357 1709 3391 οἱ
1733 3355 1770 3390 δὲ
1787 3355 1929 3391 παλαιοί
1953 3367 2066 3404 φασιν,

1059 3400 1110 3436 ὅτι
1133 3402 1241 3449 γύης
1271 3401 1331 3437 καὶ
1356 3401 1480 3450 μέτρον
1505 3407 1569 3450 γῆς
1591 3404 1650 3439 καὶ
1671 3403 1774 3451 μέρος
1797 3403 1954 3451 ἀρότρου.
1983 3403 2070 3438 ὥστε
