2288 3600
14 220 60 269 ’ξ
98 237 134 261 ν;
153 224 288 273 λέγεται
326 225 427 273 ρῆναί
439 221 491 273 σφ’
510 224 576 260 ὑπὸ
588 223 696 260 τῶνδε
709 224 778 270 δαμ
805 237 858 260 ναι
870 222 991 272 (Τροί-

38 298 51 321 5
75 295 77 297 ·
107 270 261 307 .200m.
331 285 380 321 ρῳ
407 272 445 308 δὲ
470 272 564 326 ποίιρ,
576 271 636 308 καί
653 283 715 320 σφε
733 237 889 317 βούλεύει
905 283 991 307 κτα-

61 332 71 364 ;
90 321 173 354 Ant.
190 318 269 355 772.
290 319 366 356 ἐπεί
382 318 438 366 σφ’
454 318 523 367 ἐγὼ
541 331 686 367 ῳκτειρα
704 318 747 365 δὴ
767 318 915 364 μάλιστα
931 320 986 352 Tr.

55 392 62 400 .
88 365 154 402 τίνι
173 366 292 414 τρόπῳ
319 366 435 403 θανεῖν
458 378 521 414 σφε
573 366 626 408 ’ςς
655 364 735 400 878.
758 365 919 413 ἐξαίφνης
936 361 991 413 σφ’

2 413 8 431 ’“’
77 411 235 460 θάλαμον
259 415 330 450 eleo
354 413 518 460 μωμένην
539 378 623 448 Ώ2.
659 412 736 460 πρίν
762 408 817 461 σφ’
842 412 878 454 ἐξ
903 412 992 460 ἐμῆς

7 455 19 478 ”
48 483 49 486 =
79 472 98 496 ν
127 460 247 509 χερός,
285 460 323 494 11
355 460 386 496 3.
425 459 502 508 [σφε
526 462 706 504 praecipue
731 462 812 503 poni
837 466 912 503 post
935 471 992 494 vo-

2 511 22 548 ·’3
52 524 57 534 ·
81 519 100 541 a
122 511 159 542 in
183 519 203 542 σ
226 510 420 543 desinentia
437 519 502 550 quo
525 510 599 541 iure
615 509 741 540 dixerit
758 509 802 541 M.
824 508 986 542 Schmidt.

11 551 118 599 jzofl
138 553 238 590 1865.
264 567 298 598 Ρ.
322 555 363 590 17
388 566 454 589 non
473 554 599 600 video.]
617 573 659 579 -
687 553 787 600 σφίν
812 565 870 596 pro
888 553 983 600 αὐτῷ

28 625 31 629 -
44 626 46 629 -
60 613 109 636 m
125 607 240 645 aperte
256 603 312 636 OC
328 601 417 636 1490
442 601 516 638 ἀνθ’
540 603 587 637 ὧν
606 601 754 649 ἔπασχον
772 600 810 636 εὖ
825 599 990 648 τελεσφό-

58 649 160 732 {apo
187 649 304 685 δοῦναί
328 662 417 697 σφιν,
443 648 553 696 ἤνπερ
577 648 755 696 τυγχάνων
773 647 985 699 ὑπεσχόμην.

0 740 82 787 fito*

89 699 190 731 heseo
213 699 373 739 loquitur.
418 699 488 730 Hoc
505 709 523 730 a
545 698 648 730 Suida
665 698 836 738 agnitum;
865 695 987 744 σφίν;

68 757 110 784 ις.
149 743 225 779 καὶ
248 743 346 780 ἀντὶ
377 748 456 791 τῆς
488 743 528 778 οἱ
559 741 840 789 άντωνυμίας
874 741 989 789 παρὰ

47 803 87 839 φ.
107 789 175 826 ἔδει
191 790 255 839 γὰρ
272 790 543 837 τελεσφόρον
560 790 688 839 χάριν
715 789 864 824 δοῦναι
890 789 989 837 σφί-

27 843 28 846 ’
51 864 60 874 .
87 838 119 875 οἱ
136 837 241 885 αὐτῷ.
270 840 333 872 Pro
350 837 460 885 σφίσιν
478 841 603 879 corrige
620 849 709 885 σφιν.
730 839 801 870 Ηοο
814 842 849 870 et
866 839 986 870 Elmsl.

0 886 3 894 ”
64 888 133 920 avit
149 897 193 919 ex
204 888 303 920 Hom.
319 887 434 927 hymn.
454 887 536 918 Pau.
557 883 612 926 19,
632 888 746 919 Herm.
769 896 852 917 usus
865 885 987 918 Aesch.

24 931 27 942 ²
62 958 70 966 .
86 930 166 968 761.
188 935 269 967 Lob.
290 934 330 967 ad
344 934 398 966 Αἰ.
411 930 477 966 801
499 943 541 965 ex
561 933 787 974 Lycophronis
806 933 990 965 Cassandra

79 991 121 1014 ns
133 991 166 1014 v.
182 978 272 1014 1142
288 981 346 1015 ubi
365 979 424 1017 σὺν
441 978 479 1014 δέ
496 991 554 1026 σφι
578 990 635 1022 pro
653 978 711 1014 σὺν
729 978 824 1025 αὐτῷ
840 980 906 1012 dici
924 989 989 1012 non

60 1028 184 1065 itantes
206 1029 408 1070 profitentur
433 1029 599 1068 interpres
625 1027 790 1067 Graecus,
819 1027 989 1066 Reisigius

14 1073 21 1079 ”
78 1100 86 1109 .
105 1085 139 1117 Ρ.
155 1072 233 1107 181.
253 1075 382 1108 Buttm.
398 1075 507 1107 Lexil.
528 1072 626 1115 1,60.
656 1075 795 1107 Vossius
813 1075 853 1106 ad
870 1074 985 1114 hymn.

49 1147 57 1155 .
82 1132 117 1164 p.
139 1118 203 1163 363
232 1125 332 1162 negat
364 1123 539 1163 imperite,
576 1126 614 1154 ut
640 1122 746 1154 multa
760 1147 766 1161 ‚
796 1122 988 1161 Bernhardy

0 1160 130 1308 ΞΣ.
150 1165 206 1210 62,
232 1170 298 1205 etsi
314 1170 460 1210 paucula
476 1169 552 1209 illa,
582 1179 666 1210 quae
684 1172 842 1200 memorat
859 1172 990 1200 transe-

94 1226 113 1249 ο
143 1217 306 1256 singulari
333 1216 375 1255 ad
402 1216 569 1257 pluralem
607 1226 784 1248 numerum
819 1217 985 1256 exempla,

138 1265 284 1296 rationes
307 1263 434 1296 habent
449 1274 468 1295 a
486 1262 659 1305 Sophoclei
683 1263 747 1294 loci
770 1263 882 1295 indole
905 1263 988 1294 alie-

0 1309 3 1312 ’
64 1321 146 1346 mas.
707 1307 739 1354 (Ι
757 1320 790 1351 Ρ.
808 1307 889 1350 826,
915 1307 989 1354 18.)

0 1359 145 1408 :·'.}‘'lat.
174 1367 210 1403 ἐν
229 1367 267 1402 δὲ
280 1367 331 1415 τῷ
348 1365 496 1415 Τρωίλῳ
515 1367 686 1415 βάρβαρον
703 1365 870 1414 θρήνημα
885 1367 923 1402 τὸ
942 1367 988 1402 ἰαί

0 1409 125 1458 mah.
151 1426 184 1448 ν.
207 1408 324 1450 ’Ίαννα
349 1416 491 1448 relatum
518 1417 616 1456 vulgo
641 1417 682 1448 ad
707 1416 838 1457 CaptiV.
867 1417 908 1449 fr.
930 1413 986 1449 54.

38 1478 50 1496 ἰ
65 1463 236 1505 Aristoph.
267 1461 317 1496 ἰαῖ
341 1464 457 1504 gaudii
474 1464 682 1496 exclamatio.
713 1463 784 1495 Sec.
807 1464 986 1496 Herodian.

94 1507 128 1544 λ.
155 1520 189 1552 Ρ.
210 1507 268 1550 27,
291 1508 330 1542 11
361 1511 574 1543 scribendum
599 1511 726 1542 inflexo
743 1514 894 1551 accentu,
924 1512 989 1542 etsi

40 1559 44 1598 J
65 1558 262 1590 nominatim
279 1558 498 1600 praecipitur.

0 1604 223 1679 &Nalm
248 1627 280 1648 v.
309 1613 462 1651 ἐκτείνοι.

0 1668 313 1722 ι’..ξέὲ[“Ὶάκχιος
345 1686 377 1708 v.
405 1669 639 1722 Ἰαχαῖος.]

15 1722 140 1782 &lotz
181 1744 224 1771 ος
240 1731 296 1777 (υ)
321 1734 403 1765 deus
430 1734 579 1765 Iacchus.
617 1733 676 1768 τὸν
699 1732 825 1779 ταμίαν
848 1726 989 1781 Ἴακχον

54 1804 63 1813 .
76 1777 141 1813 115
165 1781 268 1822 'expL
282 1781 407 1821 Musgr.
425 1776 553 1822 Νῦσαν,
569 1778 612 1826 ἣν
631 1779 648 1814 ὁ
663 1778 837 1826 βούκερως
849 1773 988 1827 Ἴακχος

2 1834 68 1888 355·
91 1829 195 1873 μαῖαν
211 1825 355 1882 ᾑδίστην
379 1826 475 1874 νέμει
493 1829 533 1860 fr.
554 1829 621 1859 inc.
643 1825 723 1860 782.
766 1829 817 1860 De
835 1829 896 1861 hoc
912 1829 986 1869 deo,

2 1896 23 1918 ⁷<-
37 1888 72 1902 -ω
97 1875 197 1918 Soph.
218 1884 253 1906 m
270 1875 441 1914 Antlgona
458 1885 533 1907 cum
552 1875 678 1907 Baccho
695 1875 854 1907 Thebano
873 1876 989 1908 Seme-

6 1910 124 1960 “filino
148 1922 319 1962 confudit,
348 1923 459 1954 omnia
484 1931 568 1963 quae
595 1923 672 1954 sciri
696 1927 838 1964 possunt
856 1923 990 1963 collegit

39 1967 63 2011 st.
82 1969 157 2010 Agl.
177 1965 212 2010 2,
232 1965 299 2001 821
319 1979 393 2011 sqq.

0 2038 11 2049 ³
33 2063 36 2067 ,
47 2019 134 2068 ἱ)·Ῑιίν
145 2038 204 2061 να.
219 2019 352 2065 Ἴανναι
375 2025 409 2061 ἐν
428 2026 490 2073 μὲν
500 2024 740 2075 Αἰχμαλωτίσι
756 2026 814 2072 (fr.
829 2025 907 2072 54.)
920 2024 990 2064 Σο-

2 2068 41 2097 3··’·
71 2072 149 2114 ζέους
166 2071 338 2108 ἀπέδοσαν
363 2069 623 2123 Ἑλληνική,
653 2073 727 2109 ἐπεὶ
751 2069 900 2113 Ἰἇνας
925 2073 988 2119 (sic

1 2145 4 2154 .
20 2125 86 2166 §.J-r
110 2130 170 2165 pro
187 2113 334 2163 Ἰαννας,
362 2131 429 2154 non
446 2113 569 2160 Ἴωνας
587 2123 641 2154 vel
658 2119 799 2163 Ἰάονας,
828 2126 867 2154 ut
883 2123 988 2155 male-

22 2166 213 2214 Qfflas'aub.)
235 2167 316 2206 τοὺς
334 2161 508 2216 Ἕλληνας
534 2167 574 2204 λέ
597 2180 701 2203 ουσιν.
730 2168 764 2203 ἐν
790 2168 827 2204 δὲ
844 2166 990 2215 Τριπτο-

103 2213 159 2256 {ni
182 2214 352 2261 γυναικός,
381 2215 428 2253 ὡς
445 2215 504 2253 καὶ
529 2214 564 2250 ἐν
615 2215 738 2262 οιμέσι.
767 2215 855 2250 τινὲς
872 2215 988 2262 δὲτὴν

8 2262 57 2304 ἦ,
142 2262 287 2303 Hesych.
323 2263 417 2295 Nihil
439 2264 598 2305 impedit,
628 2265 810 2305 quominus
835 2264 887 2296 his
908 2265 990 2296 locis

4 2303 136 2356 [ἷῖῆϋιε
163 2309 322 2342 Graecam
353 2311 529 2342 mulierem
553 2307 682 2346 Ἰοίνναν
715 2311 838 2344 dictam
871 2315 990 2353 poetae

3 2354 335 2402 gg*‘1.÷*‘1m=irm1s,sive
360 2357 544 2398 Helenam,
580 2363 619 2390 ut
650 2359 686 2391 in
711 2357 880 2399 Captivis,
918 2359 990 2390 sive

16 2401 71 2430 “²³³1
126 2404 201 2443 Arc.
231 2414 265 2445 p.
286 2402 319 2446 8,
341 2401 362 2436 6
386 2405 584 2438 emendatus
611 2417 629 2438 a
654 2406 735 2437 Lob.
756 2405 796 2442 de
821 2409 901 2438 mot.
921 2406 986 2439 adi.

1 2438 65 2499 ’,ζ-ί
87 2446 127 2482 11
167 2447 301 2497 Δωριάν
327 2455 362 2483 et
379 2448 446 2484 Ἰάν
470 2452 493 2483 i.
515 2462 546 2493 q.
576 2448 726 2498 Δωριεύς
752 2445 876 2487 σι”Ιων
901 2453 991 2485 inter

2 2491 23 2530 ,¹¹
76 2513 102 2525 »ι
126 2502 321 2538 enumerat,
349 2500 389 2530 ab
405 2495 472 2532 Ἰάν
499 2500 624 2532 factum
646 2493 768 2540 Ἰάννα,
797 2500 883 2541 quod
901 2504 990 2533 certe

11 2556 29 2574 1.
96 2547 206 2585 moute
231 2546 331 2577 scribi
356 2555 422 2577 non
447 2547 574 2587 potuit,
604 2547 728 2579 rectius
753 2550 867 2579 autem
883 2543 988 2592 Ἰάνη,

69 2616 81 2638 ².
109 2600 135 2624 s.
155 2588 249 2637 Ἰήνη
266 2592 400 2632 diffingi
417 2602 469 2624 me
488 2594 620 2627 monuit
633 2595 716 2626 Lob.
737 2594 861 2626 Mutari
878 2598 991 2628 tamen

66 2639 190 2671 bulo
207 2640 310 2677 semel
334 2639 422 2671 dicto
438 2640 523 2672 nihil
539 2644 661 2681 potest.
691 2638 879 2684 [Dindorflo
896 2642 991 2673 vide-

3 2702 74 2734 54·
96 2683 197 2725 =ych.
217 2687 390 2728 scripsisse
400 2678 517 2720 Ἰαννα
532 2689 568 2720 in
585 2688 741 2720 lemmate
760 2692 793 2720 et
805 2679 938 2726 ’Ἱαννοις
956 2689 992 2720 in

4 2728 133 2777 q<Mne
148 2737 356 2774 sequuntur:
377 2733 459 2766 PSG
476 2734 529 2768 ed.
546 2731 567 2766 5
581 2735 621 2767 ad
637 2736 678 2767 fr.
697 2732 752 2767 54.
774 2735 814 2766 In
824 2735 887 2768 Th.
901 2735 988 2767 LGr.

85 2774 153 2817 490
168 2788 227 2820 pro
235 2771 369 2817 Ἴαννας
386 2781 537 2813 voluerat
553 2775 662 2819 Ἰᾶνας
680 2786 718 2814 ut
735 2783 817 2814 Lob.
838 2782 926 2816 Ptol.
947 2779 993 2814 32

8 2839 23 2850 ν
42 2856 56 2864 ,,
73 2847 83 2873 .
101 2822 261 2858 Schmidt.
286 2827 325 2859 ad
343 2827 488 2867 Hesych.
511 2829 534 2860 l.
557 2826 604 2872 c.]

13 2876 62 2945 ξ,
72 2874 143 2950 ζ”άο
153 2907 231 2941 μαι
246 2894 291 2940 (t)
308 2894 420 2940 [Gurt.
434 2897 490 2929 Et.
510 2907 542 2929 n.
556 2894 640 2942 591]
655 2898 795 2932 medeor.
815 2902 896 2936 πῶς,
909 2895 993 2943 σῶμ’

8 2989 103 3048 μέθῃ-ἰι
125 2988 381 3070 κακὲιηίὸΑΙοαᾶὸ.Ο
387 2988 520 3069 11“ι·.198,
551 2989 584 3023 2.
621 2990 651 3025 εἰ
676 2989 738 3038 μὲν
754 2990 805 3070 Ιήν
830 2989 992 3071 ξλῖαξυὲιν

75 3045 185 3069 ικακ
248 3047 265 3069 c
288 3047 315 3070 r.
464 3063 471 3069 .
814 3064 820 3071 .
966 3064 972 3071 .

29 3082 224 3143 ·‘⁷1d·tt·tm.
265 3047 563 3138 {roprie'tanyera
585 3037 808 3129 coriti-cctasre.p
824 3064 920 3134 ὅπως,
936 3037 994 3142 μοί

11 3139 95 3213 ⁸⁴⁵?
114 3138 296 3220 ῗρέἒὲἒ”’
330 3140 482 3221 ῗίτοῗὲῆ
494 3141 619 3222 2ξᾷἶῖ
638 3141 831 3222 1·ψῃςε..ἰὲ·ἰ
852 3141 993 3223 ⁷225*AE

28 3217 202 3266 'uidem
224 3199 308 3268 maie
333 3214 480 3278 explicat
504 3234 527 3282 ἢ
553 3235 592 3270 τὸ
607 3201 761 3270 εἰπιζῖν
786 3201 994 3271 κοίὶςδιδιόί-

195 3280 236 3316 τὸ
260 3280 345 3324 ἔπω,
374 3281 466 3318 ἴπτω
489 3281 512 3328 ἢ
539 3282 823 3329 ἐπιπέμψειν.
852 3285 902 3317 Cf.
925 3286 995 3316 He-

11 3330 138 3376 ''LQ
157 3328 220 3361 EM
241 3339 276 3371 p.
299 3328 341 3371 1,
360 3327 416 3363 40.
456 3331 524 3362 Nec
549 3331 675 3363 rectius
705 3332 820 3364 Herm.
849 3332 994 3364 iactandi

12 3383 14 3385 ·
51 3385 77 3439 θ’,
96 3374 231 3439 ἐ110114)
246 3377 369 3414 usitata
385 3378 574 3419 praeditum
591 3387 665 3410 esse
683 3378 748 3419 ait,
777 3383 816 3412 ut
832 3379 873 3412 de
890 3379 992 3412 salta-

828 105 924 160 Ἰαἴ
947 138 1008 148 --
1032 103 1177 175 Ἰάχω

7 2953 166 3004 JW‘ss'
196 2942 234 2977 τὸ
259 2941 337 2986 σόν;
367 2945 422 2976 Tr.
456 2941 555 2977 1210.
588 2947 712 2983 κακοῖς
740 2943 820 2979 ὅταν
845 2942 993 2979 θέλωσιν
1031 2945 1054 2980 φ

1938 107 2032 155 331

1026 226 1119 259 tione
1131 226 1296 265 dicantur,
1313 235 1399 266 quae
1412 226 1454 258 de
1465 226 1608 266 pedibus
1617 226 1838 266 manibusque
1847 225 2043 257 saltantium

1028 273 1158 313 propria
1172 278 1263 305 sunt.
1302 273 1382 304 Lob.
1403 276 1442 304 ut
1459 269 1587 306 ἰάλλειν
1605 275 1640 304 et
1656 268 1820 316 ἅλλομαι,
1847 272 1895 303 ita
1912 269 2044 304 ίάπτειν

1026 326 1062 351 et
1078 317 1177 353 ἅπτω
1194 320 1374 352 consociari
1391 320 1587 360 cognatione
1605 323 1708 359 ratus,
1731 319 1826 351 velut
1842 319 1943 350 etiam
1961 319 2043 351 Pas-

1028 376 1096 399 εον.
1117 367 1152 399 in
1165 367 1272 400 lexico
1289 367 1380 407 fecit,
1402 367 1475 398 iure
1488 367 1613 408 repetit
1630 377 1650 398 a
1665 366 1818 398 ”mnibus
1835 367 1871 397 ἰη
1887 364 2042 397 saltando

1027 413 1253 454 conserendis,
1284 414 1374 446 unde
1399 423 1464 445 non
1489 415 1592 459 χεῖρα
1616 414 1723 445 solum
1739 411 1828 459 χειρὶ
1846 411 2037 452 συνάπτειν,

1027 460 1087 492 sed
1111 461 1213 493 etiam
1238 459 1343 507 χορὸν
1367 458 1484 494 ἅπτειν
1509 461 1655 501 dictum,
1685 460 1806 492 Aesch.
1835 460 1933 492 Eum.
1956 456 2036 491 307.

1028 507 1186 540 Confines
1215 513 1295 540 sunt
1315 507 1560 549 propinquandi
1583 511 1618 539 et
1645 507 1803 547 tanyendi
1827 507 2041 546 significatio-

1028 564 1105 587 nes:
1135 556 1281 594 Hesych.
1308 550 1407 601 ἆψωε
1437 553 1669 600 προσεγγίσαι,
1698 552 1794 599 δήσω
1813 564 1855 586 ex
1873 554 2034 592 Cratinum
2060 590 2064 593 ,

1027 603 1218 643 similiaque
1244 603 1364 634 Zonar.
1395 606 1419 634 t.
1440 603 1466 634 1.
1495 612 1529 642 Ρ.
1552 599 1639 642 366,
1667 602 1755 642 apud
1781 611 1863 642 quos
1889 601 2041 633 cadentis

1027 649 1225 681 Graecitatis
1251 659 1339 682 more
1374 647 1584 695 προσεγγίζειν
1607 650 1821 681 transitivum
1847 652 1910 680 est.
1947 648 2040 679 Idem

1026 696 1171 736 llesych.
1200 694 1350 742 ἵαψενε
1382 694 1550 743 ἔπεμψεν,
1581 694 1712 741 ἔβαλεν,
1743 694 1890 736 ἔδωκεν,
1918 693 2040 740 ἔδησεν

1026 742 1128 786 (male
1151 745 1241 776 enim
1260 745 1357 784 vulgo
1383 741 1508 777 ἔδεισεν
1534 741 1686 787 legitur),
1716 741 1885 813 ἔφθειρεν.
1920 740 2039 787 ἐνίκη-

1027 800 1093 823 σεν.
1123 791 1191 822 Nec
1208 791 1294 823 male
1311 791 1414 823 schol.
1443 794 1508 823 vet.
1530 788 1624 828 ὅπως
1651 801 1709 834 μοι
1727 788 1879 836 συνάγῃς
1896 786 2039 835 ὄρχησιν

1026 836 1221 883 ποιουμένῳ
1247 835 1428 871 παντοίανε
1463 847 1592 870 mecum
1608 840 1750 870 εαιιωιιε
1772 847 1910 869 inanum
1928 845 2040 868 comc-

1025 895 1098 924 ras,
1126 886 1159 918 id
1187 890 1238 917 est
1255 885 1387 917 choreas
1403 885 1516 918 ducas.
1546 885 1718 917 Trai-atum
1735 889 1798 923 est,
1822 885 1914 916 velut
1931 881 2040 916 ἅπτε-

1026 930 1124 973 σθαι,
1152 929 1393 966 καθάπτεσθαί
1415 943 1506 969 τινος
1523 934 1677 964 conviciis
1694 935 1866 964 attrectare
1883 931 2036 971 aliquem,

1025 977 1139 1024 λόγοις
1165 977 1294 1013 ἰάπτων
1322 981 1376 1012 Ai.
1398 976 1484 1020 501,
1515 989 1557 1011 ex
1575 980 1720 1011 Homero
1745 988 1942 1020 expressum
1962 978 2000 1009 ll.
2023 975 2042 1016 ζ

1026 1024 1115 1067 459,
1144 1031 1362 1058 memoratum
1386 1027 1482 1059 Eust.
1512 1037 1545 1068 p.
1570 1024 1623 1067 17,
1647 1024 1680 1067 s),
1701 1027 1741 1059 ab
1759 1026 1924 1065 Aeschylo
1941 1026 2036 1066 Sept.

1026 1071 1094 1106 388
1113 1072 1234 1108 ὀνείδει
1251 1069 1360 1107 θένειν
1377 1074 1517 1106 dictum.

1089 1136 1230 1181 Ἴασις
1248 1144 1385 1175 medela.
1414 1142 1457 1189 ἣν
1484 1141 1638 1190 εὕρισκον
1664 1141 1751 1177 ’ίασιν
1778 1141 1840 1188 μόν
1867 1155 1885 1176 ν
1903 1142 1960 1175 OR
1979 1139 2036 1174 68.

1025 1189 1077 1229 οἷς
1093 1189 1280 1248 (πήμασιν)
1304 1189 1392 1224 ἴασιν
1422 1189 1486 1224 οὐκ
1504 1189 1606 1224 ἔνεστ’
1626 1189 1710 1224 ἰδεῖν
1730 1191 1782 1223 El.
1803 1188 1847 1223 87
1877 1216 1883 1222 .
1915 1188 1955 1223 ἐκ
1970 1193 2040 1223 τῶν

1023 1237 1188 1272 τοιούτων
1205 1249 1276 1286 χρη
1294 1232 1356 1271 τιν’
1381 1236 1470 1272 ἴασιν
1493 1235 1612 1284 λαβεῖν
1631 1238 1769 1278 Thyest.
1791 1238 1832 1270 fr.
1853 1235 1934 1278 236,
1957 1234 1989 1269 3.

1095 1303 1246 1355 Ἰατήρ
1270 1309 1425 1342 medicus.
1465 1310 1597 1341 Tralate
1623 1308 1670 1343 ὧν
1698 1307 1771 1356 ἔχω
1795 1308 1957 1342 παιώνιον
1983 1306 2041 1341 καὶ

1026 1358 1152 1401 μοῦνον
1178 1354 1303 1402 ἰατῆρα
1326 1360 1394 1390 τῶν
1413 1354 1507 1402 ἐμῶν
1531 1361 1648 1390 κακῶν
1676 1357 1732 1388 Tr.
1756 1353 1857 1388 1209.
1888 1356 2040 1395 Musgra-

1027 1405 1119 1436 vium
1145 1404 1192 1436 ὦν
1219 1402 1292 1451 ἔχω
1323 1408 1358 1436 et
1382 1405 1478 1436 iuxta
1498 1405 1690 1444 appositum
1710 1407 1778 1436 τῶν
1806 1401 1899 1447 ἐμῶν
1923 1406 2043 1436 κακῶν

1025 1451 1184 1491 offendit,
1206 1452 1392 1484 normanni
1425 1452 1604 1492 explicatio
1629 1452 1781 1492 quaesita
1798 1450 1942 1482 videtur.
1972 1449 2043 1490 Ego

1026 1499 1133 1530 multa
1151 1499 1315 1530 eiusmodi
1333 1496 1373 1532 ἐκ
1398 1495 1623 1545 παραλλήλου
1649 1498 1715 1530 dici
1733 1498 1841 1539 poetis
1858 1497 2022 1537 intelligo.

1095 1565 1102 1578 '
1114 1564 1126 1602 Ι
1138 1567 1213 1602 ατό
1225 1579 1290 1615 ριο
1302 1580 1317 1607 ς
1333 1569 1493 1601 medendo
1512 1571 1699 1601 inserviens.
1730 1569 1947 1601 Femininum
1965 1577 2041 1607 cum

1027 1617 1139 1655 synesi
1157 1616 1198 1648 de
1215 1619 1283 1649 arte
1299 1616 1427 1648 medica
1443 1617 1578 1649 dicitur.
1598 1614 1649 1654 τίς
1667 1614 1685 1650 ὁ
1702 1614 1926 1663 χειροτέχνης
1945 1614 2040 1649 ἰατο-

1028 1661 1101 1708 pia<
1119 1664 1173 1695 Tr.
1199 1660 1288 1695 1002
1306 1673 1359 1696 an.

1096 1718 1187 1755 Ἰἆτ
1226 1720 1443 1759 όςηιεάὶωε.
1473 1722 1630 1764 Proprie:
1660 1719 1699 1756 οὐ
1725 1720 1810 1768 πρὸς
1837 1719 1953 1767 ἰατροῦ
1981 1731 2044 1754 σο-

1027 1770 1093 1815 φοῦ
1111 1769 1165 1801 Ai.
1187 1732 1268 1801 381.
1298 1770 1405 1802 Schol.
1436 1770 1575 1801 Aristid.
1597 1773 1620 1802 t.
1642 1766 1676 1801 2.
1703 1779 1736 1810 p.
1762 1767 1816 1808 18,
1847 1770 1908 1810 qui
1925 1769 2042 1810 inepte

1027 1827 1077 1862 πρ
1088 1815 1129 1853 ὸς
1148 1814 1250 1868 ἀρχόν
1267 1818 1359 1849 dicit.
1392 1815 1505 1863 ἰατρός
1519 1813 1608 1850 ἐστιν
1627 1814 1691 1850 οὐκ
1707 1814 1906 1861 ἐπιστήμων
1923 1819 2042 1849 κακῶν

1026 1865 1066 1895 fr.
1089 1864 1163 1896 Ter.
1185 1860 1264 1905 514,
1287 1862 1320 1896 5.
1351 1865 1504 1897 Tralate:
1533 1861 1665 1910 ἐκείνης
1684 1860 1788 1897 ὕπνον
1808 1861 1921 1909 ἰατρὸς
1937 1860 2040 1896 νόσου

1026 1911 1144 1952 Eriph.
1165 1908 1253 1943 207:
1273 1912 1448 1952 legebatur
1473 1909 1604 1957 ἰατρόν,
1626 1915 1811 1943 correctum
1829 1922 1847 1943 a
1866 1910 1981 1943 Valck.
2002 1910 2043 1941 ad

1026 1959 1217 2037 gippogbg.
1239 1955 1317 1991 313.
1347 1957 1365 1993 ὁ
1384 1955 1532 1993 θάνατος
1555 1954 1698 1992 λοῖσθος
1716 1957 1830 2005 ἰατρὸς
1845 1955 1955 1991 νόσων
1973 1956 2035 1989 Ph.

1095 2059 1225 2098 Ἰαύω
1249 2062 1296 2107 (ἵ)
1318 2062 1429 2108 [Curt.
1450 2065 1504 2096 Et.
1527 2074 1559 2096 n.
1582 2061 1678 2108 587J.
1722 2063 1962 2105 Lexicographi
1981 2072 2041 2094 ve-

1026 2115 1115 2143 teres
1141 2115 1176 2142 et
1197 2115 1389 2151 pernoctare
1406 2116 1440 2143 et
1457 2111 1598 2144 dormire
1614 2115 1650 2143 et
1665 2112 1789 2143 versari
1816 2111 2044 2152 interpretan—

1026 2163 1092 2189 tur.
1120 2155 1406 2205 (ἀναστρέφεσθαι
1425 2157 1592 2202 Hesych.)
1625 2159 1687 2190 Est
1703 2162 1818 2190 autem
1834 2158 1923 2190 haud
1939 2158 2042 2190 dubie

1027 2206 1067 2236 ab
1084 2202 1149 2246 ὀίω,
1184 2202 1258 2239 αύω
1275 2207 1423 2247 praefixo
1449 2211 1514 2239 tut
1539 2208 1574 2238 in
1601 2203 1710 2239 ἰάλλω
1737 2203 1848 2239 ἰάπτω
1875 2203 1975 2251 ίάχω,
2005 2207 2044 2236 ut

1026 2253 1298 2293 antiquissimam
1325 2254 1495 2285 notionem
1520 2255 1626 2286 fuisse
1652 2256 1802 2294 oporteat
1827 2253 1961 2292 spiritus
1978 2251 2042 2283 du-

1026 2299 1141 2339 cendi,
1177 2300 1335 2339 gravioris
1361 2302 1506 2332 maxime
1538 2301 1672 2342 qualem
1702 2300 1868 2340 consopiti
1901 2309 1944 2331 ex
1977 2300 2043 2331 imo

1026 2350 1159 2387 pectore
1184 2347 1337 2379 trahunt.
1360 2365 1401 2370 —
1429 2341 1498 2380 οὔτ’
1524 2345 1681 2393 ἐννυχίαν
1704 2344 1821 2392 τέρψιν
1850 2343 1955 2380 ἰαύειν
1986 2346 2039 2378 Αἰ.

1029 2390 1119 2425 1204
1137 2394 1188 2426 ch.
1218 2395 1328 2434 Vulgo
1353 2404 1498 2436 sequens
1516 2404 1554 2427 eo
1576 2395 1721 2426 trahitur
1738 2393 1894 2438 ἐρώτωνε
1925 2402 2041 2425 emen-

1027 2441 1119 2472 davit
1144 2441 1260 2473 Herm.
1303 2441 1444 2473 Bothius
1476 2443 1555 2474 olim
1581 2438 1734 2488 ἐννύχιον
1759 2438 1884 2485 θύρσον
1910 2438 2042 2486 ἰάκχειν

1027 2488 1112 2519 coni.
1134 2497 1192 2529 pro
1210 2497 1312 2520 sensu
1331 2489 1394 2520 loci
1412 2490 1636 2531 ineptissime.
1787 2486 1820 2531 (Ι
1837 2498 1872 2529 p.
1890 2485 1971 2528 823,
1993 2484 2047 2531 3.)

1097 2551 1161 2591 'Ia
1204 2559 1322 2599 αῖος,
1350 2552 1500 2605 Ἰάκχιος
1526 2559 1747 2591 lamentabilis
1772 2559 1824 2590 vel
1850 2557 2040 2590 Bacchicus.

1027 2606 1066 2639 In
1081 2603 1166 2637 OR1
1198 2602 1238 2638 19
1249 2605 1301 2638 ch.
1318 2606 1395 2637 libri
1408 2599 1562 2647 plerique
1580 2603 1726 2652 ὃύρομαι
1743 2604 1807 2652 γὰρ
1825 2604 1872 2642 ὡς
1890 2598 2042 2650 περίαλλ’

1030 2649 1156 2698 ἰαχέων
1176 2652 1215 2687 ἐκ
1233 2651 1426 2696 στομάτων.
1449 2653 1528 2685 cod.
1546 2654 1707 2686 Brunckii
1723 2653 1747 2685 G
1772 2650 1929 2698 ἰαγαίων,
1955 2651 2044 2693 quod

1028 2700 1174 2732 Brunck.
1202 2701 1318 2741 probat
1342 2701 1383 2733 ab
1409 2698 1492 2746 ἰαχή
1513 2701 1639 2742 quippe
1664 2693 1892 2742 propagatum,
1914 2700 1950 2730 in
1969 2699 2044 2731 aliis

1029 2750 1080 2778 est
1111 2744 1256 2794 ἀχέων
1299 2750 1358 2778 aut
1393 2745 1553 2793 ἰαγεὶων,
1600 2748 1671 2779 Erf.
1701 2748 1887 2779 secundum
1922 2747 2039 2778 Herm.

1030 2791 1187 2840 ίακχίων.
1225 2794 1272 2826 Eo
1298 2794 1382 2826 mihi
1407 2785 1540 2826 videtur
1564 2795 1671 2834 glossa
1685 2795 1923 2836 plerorumque
1941 2793 2034 2825 codd.

1030 2844 1183 2886 φωνῶν
1209 2844 1377 2881 spectare3
1408 2851 1474 2873 non
1501 2842 1592 2873 enim
1609 2842 1825 2883 participium
1849 2841 1989 2872 arbitror
2006 2841 2042 2872 in

1028 2891 1143 2923 mente
1167 2888 1416 2930 explicantibus
1446 2889 1570 2929 fuisse,
1608 2889 1668 2920 sed
1685 2889 1873 2928 genitivum
1891 2887 2043 2919 vocabuli

1057 2933 1148 2979 ωνή,
1190 2939 1229 2966 ut
1261 2935 1361 2966 simul
1397 2933 1575 2979 στομάτων
1608 2936 1865 2977 interpretaturi
1897 2935 2038 2966 fuerint.

1030 2981 1149 3012 Elmsl.
1179 2979 1308 3027 ίαχὲων
1337 2983 1500 3022 servavit,
1532 2992 1597 3014 non
1615 2986 1654 3014 ut
1671 2983 1876 3014 adiectivum
1895 2985 1984 3013 esset
2002 2982 2043 3012 ab

1031 3026 1114 3074 ἰαχή
1132 3029 1282 3068 ductum,
1304 3028 1392 3070 quod
1409 3030 1569 3061 irrisurus
1586 3029 1796 3061 Erfurdtium
1813 3030 1960 3070 scripsit,
1983 3029 2042 3060 sed

1030 3076 1246 3116 participium
1262 3077 1302 3107 ab
1321 3074 1445 3122 ἰαχεῖν.
1467 3076 1531 3108 Sed
1550 3086 1661 3117 neque
1678 3076 1719 3108 de
1736 3079 1914 3117 praesente
1932 3074 2042 3121 ίαχεῖν

1031 3122 1111 3153 satis
1129 3126 1217 3154 certo
1234 3121 1380 3163 constat,
1410 3133 1520 3164 neque
1544 3133 1611 3155 non
1636 3126 1843 3155 contractum
1869 3123 1903 3153 in
1932 3120 2042 3168 ίαχῶν

1029 3170 1225 3208 protulisset
1242 3174 1350 3210 poeta.
1381 3168 1514 3216 ίάκγιος
1540 3171 1678 3202 formam
1695 3171 1795 3201 habet
1813 3170 1947 3210 regulae
1965 3179 2043 3201 ana-

1029 3216 1135 3255 logiae
1152 3209 1524 3257 convenientissimam,
1546 3218 1639 3248 velut
1656 3228 1674 3249 a
1697 3213 1856 3263 Βάκχος,
1887 3213 2041 3263 Βάκχιος

1031 3263 1087 3302 flt3
1118 3264 1225 3294 verior
1242 3267 1355 3295 autem
1373 3265 1535 3296 Brunckii
1553 3265 1728 3304 scriptura.

1099 3326 1233 3378 Ἰάχω
1255 3335 1382 3365 insono.
1412 3332 1429 3367 ὁ
1452 3331 1639 3378 καλλιβόας
1665 3331 1768 3371 αὐλὸς
1794 3332 1858 3367 οὐκ
1881 3331 2042 3378 ἀναρσίαν

1031 3377 1140 3427 ἰάχων
1156 3378 1310 3427 καναχάν
1329 3378 1497 3414 ἐπάνεισιν
1517 3381 1571 3413 Tr.
1593 3377 1662 3413 642
1675 3381 1726 3414 ch.
1748 3382 1796 3412 sic
1814 3382 1883 3413 LA.
1906 3381 2038 3420 Elmsl.,
