2288 3600
194 74 289 122 192

189 187 271 222 458.
300 187 368 235 ἐγὼ
385 184 500 236 [ἔγωγ’
518 187 592 233 LA]
610 187 688 236 οὐγὶ
705 189 763 221 OR
783 186 883 221 1002.
912 189 1011 221 Porro
1027 190 1128 221 orasis
1146 189 1203 221 da-

189 238 271 278 tivi,
302 234 442 282 ἐμοῦστι
475 238 535 269 Ph.
565 234 646 269 812.
667 231 676 236 ’
700 235 822 281 μούστί
844 237 899 268 Ai.
932 233 1021 269 1225
1049 234 1123 281 [LA
1147 237 1202 267 hic

190 282 313 329 μοίστί,
335 282 502 329 1111οέμοὶ
526 278 615 328 ’στι].
661 284 727 317 Sed
753 288 841 315 recte
866 282 936 328 εἰμί
961 285 1101 324 penitus
1126 293 1202 314 cum

189 333 386 372 pronomine
405 333 559 363 coalescit
576 342 635 363 sua
653 331 795 373 quadam
813 335 847 362 et
860 332 993 372 propria
1010 332 1044 362 vi
1062 340 1196 371 carens;

191 389 287 410 secus
305 384 356 410 est
373 380 411 410 in
429 380 570 419 graviori
587 379 831 419 significatione
850 379 976 418 verbis,
1007 383 1045 410 ut
1061 379 1096 409 in
1116 376 1202 423 ἐμοῦ

188 423 372 459 ’πάκουσον
391 425 450 457 OR
468 423 549 459 708.
576 428 619 458 V.
641 426 766 464 Reisig.
784 429 872 465 synt.
891 435 935 457 cr.
953 435 987 466 p.
1000 423 1056 457 27.
1078 425 1198 456 Elmsl.

190 474 278 505 Mus.
299 473 353 505 Or.
378 473 474 505 Cant.
495 470 528 504 4.
549 483 583 514 p.
600 470 681 506 485.
710 474 823 514 Intpp.
847 474 946 512 Greg.
969 473 1042 504 Cor.
1062 483 1096 514 p.
1121 469 1199 504 149.

189 521 386 561 Quanquam
405 521 459 552 vel
477 521 639 553 eiusmodi
658 529 785 561 crases,
815 525 853 551 ut
874 518 1034 564 μούδόκει
1059 529 1118 560 pro
1144 529 1202 564 μοι

190 566 320 608 ἐδόκει,
352 564 547 614 μοῦχρησεν
574 577 616 599 ex
635 578 694 612 μοι
712 566 856 613 ἔχρησεν
876 572 984 599 ortum
1003 568 1066 599 rite
1084 567 1203 598 defen-

190 616 246 646 das
269 624 336 646 sec.
363 616 465 647 schol.
493 616 550 646 Ar.
572 617 677 656 Vesp.
707 612 770 655 343
800 615 858 646 sed
881 612 1071 659 ἐμούὃόκει,
1093 610 1203 658 ἐμοῦ-

188 671 315 708 χρησεν
347 666 484 703 propter
511 663 677 694 diversam
702 663 908 703 pronominis
934 666 1022 693 recto
1045 665 1123 693 tono
1146 662 1202 692 in-

190 711 309 741 structi
334 714 487 741 naturam
511 719 578 741 non
597 711 818 750 probaverim.
841 727 881 732 —-
902 710 952 740 De
970 710 1051 740 crasi
1071 709 1203 740 articuli

190 761 224 789 et
249 757 476 798 pronominis,
512 758 594 788 item
620 758 801 798 particulae
825 754 901 796 καί,
939 758 1032 788 velut
1054 754 1199 801 τούμοῦ,

189 802 287 850 κάγώ
311 815 342 836 V.
368 805 405 835 in
430 802 449 837 ὁ
473 801 496 848 ἡ
519 802 566 836 τό
589 808 623 836 et
647 802 733 837 καί.
762 821 867 835 -.-
893 800 1118 845 2.111)ααὶὶε.
1147 802 1203 835 νώ

190 851 248 883 OR
268 848 370 883 1504.
398 852 479 883 Ant.
501 848 556 883 58.
587 851 648 882 Ph.
672 847 772 883 1079.
804 852 857 883 El.
878 848 934 883 75.
957 847 1036 883 984.
1067 852 1204 882 Rectius

191 909 257 930 non
275 899 499 930 subscribitur
524 909 533 931 ι
558 908 623 929 sec.
644 899 754 939 Apoll.
777 899 817 930 de
842 908 892 939 pr.
914 909 947 939 p.
972 895 1057 938 110,
1080 895 1100 930 6
1118 907 1205 929 eun-

191 947 267 978 dem
285 956 353 977 una
370 946 410 977 de
427 949 505 978 tono
523 950 736 986 monentem,
765 950 803 977 ut
819 946 942 977 Herod.
963 955 1015 986 ap.
1038 946 1141 977 schol.
1161 946 1201 976 ΙΙ.

192 1005 213 1027 α
231 990 311 1026 574.
341 993 407 1024 ΕΜ
424 1003 458 1034 p.
479 989 567 1034 609,
589 990 645 1024 47.
690 994 758 1024 Nec
779 998 868 1024 recte
886 994 1014 1025 Buttm.
1038 993 1146 1024 Lexil.
1167 1001 1201 1033 p.

191 1038 249 1082 49,
270 1050 462 1082 quanquam
479 1041 631 1072 eiusdem
648 1042 830 1081 scripturae
848 1044 1019 1081 patronus,
1047 1051 1065 1072 ν
1076 1043 1126 1072 ὧι
1143 1050 1203 1071 an-

193 1089 335 1129 tiquitus
359 1088 488 1120 dictum
512 1097 588 1119 cum
614 1089 649 1119 in
675 1088 722 1119 νώ
748 1092 954 1120 contractum
979 1089 1101 1127 fuerit,
1131 1091 1170 1118 ut
1195 1097 1205 1119 ι

193 1135 404 1177 pronuntiari
421 1145 486 1167 non
499 1139 624 1176 posset,
646 1139 736 1166 recte
753 1145 791 1167 ea
809 1136 906 1166 litera
923 1145 1034 1166 carere
1051 1144 1203 1176 pronun-

192 1184 263 1215 tiat.
293 1182 430 1214 Rectius
448 1183 500 1213 illi
516 1186 686 1223 veterum,
707 1184 766 1223 qui
783 1192 967 1224 apocopen,
991 1191 1058 1214 non
1076 1186 1206 1214 eontra-

193 1231 339 1262 ctionem
363 1239 519 1271 passum,
548 1239 610 1260 nec
635 1239 678 1261 ex
703 1233 778 1262 νῶι
802 1231 913 1271 potius
938 1239 1037 1271 quam
1056 1239 1098 1261 ex
1123 1232 1206 1262 νῶε

194 1282 304 1309 ortum
321 1286 395 1308 esse
412 1276 468 1310 νώ
486 1277 734 1318 existimabant,
757 1279 853 1309 cuius
871 1278 994 1309 formae
1007 1278 1206 1308 documenta

193 1335 237 1356 ex
258 1325 458 1356 Antimacho
483 1327 517 1355 et
543 1323 688 1356 Corinna
712 1325 817 1365 petita
842 1328 1003 1356 memorat
1027 1325 1137 1366 Apoll.
1167 1333 1200 1364 p.

196 1368 275 1412 113,
297 1368 329 1403 6.
358 1372 518 1403 Inclinari
534 1381 631 1412 posse
655 1371 710 1404 νώ
727 1372 859 1404 credam
876 1372 1013 1412 quidem
1032 1371 1207 1404 Schaefero

193 1420 263 1451 ind.
283 1418 414 1451 Hecub.
445 1429 476 1449 v.
504 1418 572 1459 νώ,
593 1420 746 1459 quamvis
770 1423 883 1450 contra
906 1419 1042 1451 Porsoni
1068 1423 1207 1450 senten—

194 1467 276 1498 tiam
290 1464 414 1510 [praef.
435 1475 469 1506 p.
491 1462 678 1510 32:34),
707 1467 766 1498 sed
788 1467 825 1498 in
845 1467 944 1507 Soph.
967 1476 1032 1498 non
1050 1470 1118 1506 est,
1148 1466 1207 1497 ubi

194 1515 269 1545 eius
286 1514 410 1545 formae
429 1523 510 1545 usus
535 1514 590 1545 sit.
620 1531 660 1536 —
685 1512 765 1558 νῷν
791 1515 916 1554 legitur
942 1514 1000 1545 Ph.
1026 1510 1103 1545 133.
1123 1509 1203 1545 779.

194 1561 247 1593 ΕΙ.
268 1557 349 1594 882.
371 1557 451 1592 918.
474 1557 575 1593 1038.
600 1558 701 1593 1297.
730 1562 785 1592 Ai.
815 1557 895 1592 945.
932 1561 986 1593 OC
1014 1557 1070 1592 29.
1103 1557 1203 1592 1184.

198 1604 288 1639 1670
304 1617 349 1639 m.
373 1604 462 1640 1683
480 1618 524 1640 m.
560 1609 641 1639 Ant.
664 1605 697 1640 3.
728 1605 784 1639 21.
813 1605 868 1640 50.
898 1606 977 1640 558.
1001 1626 1103 1639 —.—-
1124 1605 1156 1639 3.
1178 1607 1192 1649 ΙΙ

198 1654 344 1688 PLuralis
360 1656 585 1687 nominativus
600 1653 624 1699 ἡ
637 1657 733 1700 μεῖς
747 1667 753 1687 2
776 1655 830 1687 El.
847 1652 927 1687 796.
956 1656 1015 1687 Ph.
1029 1651 1109 1687 379.
1123 1651 1203 1686 464.

198 1698 298 1734 1061.
329 1699 432 1734 1393.
475 1702 534 1734 ΟΒ
549 1699 629 1734 435.
674 1702 730 1734 00
750 1699 851 1734 1017.
875 1699 977 1734 1335.
1022 1704 1103 1734 Ant.
1124 1699 1204 1734 634.

196 1746 264 1781 835
279 1758 333 1781 an.
355 1745 435 1782 889.
481 1750 535 1781 Tr.
558 1746 614 1781 39.
637 1746 716 1782 390.
741 1747 841 1782 1155.
886 1750 940 1781 Ai.
965 1746 1031 1782 165
1046 1759 1099 1782 an.
1124 1745 1204 1781 269.

195 1793 275 1829 276.
305 1793 386 1829 677.
416 1793 517 1829 1058.
547 1814 588 1819 —
619 1796 726 1828 Genit.
755 1795 895 1842 ἡμῶνε
925 1797 986 1828 Ph.
1016 1793 1071 1830 65.
1103 1793 1205 1828 1064.

197 1839 299 1875 1072.
322 1839 424 1875 1275.
461 1843 519 1875 ΟΒ
536 1840 591 1875 37.
616 1840 705 1876 1093
722 1844 774 1876 ch.
804 1841 905 1876 1458.
952 1843 1006 1876 OC
1025 1841 1105 1876 312.
1126 1841 1205 1875 347.

198 1887 300 1922 1339.
323 1887 412 1923 1766
422 1900 467 1922 m.
496 1892 577 1923 Ant.
602 1887 702 1923 1020.
732 1891 786 1922 ΕΙ.
810 1888 912 1924 1104.
935 1888 1037 1924 1489.
1066 1892 1120 1922 Αἰ.
1141 1887 1210 1923 252

198 1938 249 1969 ch.
271 1933 350 1969 689.
371 1934 451 1970 872.
475 1935 576 1970 1102.
600 1935 701 1970 1227.
730 1940 770 1970 fr.
794 1939 869 1970 Ter.
892 1936 972 1978 518,
993 1935 1025 1970 3.
1054 1940 1121 1970 inc.
1142 1935 1210 1971 869

197 1986 255 2016 ubi
279 1985 392 2017 nescio
417 1994 457 2017 an
483 1982 570 2030 ἡμῖν
597 1995 623 2016 s,
651 1983 735 2030 ἥμιν
762 1986 976 2017 scribendum
993 1987 1048 2017 sit.
1093 1986 1140 2017 At
1155 1985 1210 2017 OC

201 2028 289 2063 1021
307 2033 384 2064 libri
401 2041 517 2063 omnes
534 2033 660 2064 habent
681 2030 723 2066 ἵν’
748 2031 778 2066 εἰ
803 2031 864 2077 μὲν
891 2031 926 2066 ἐν
948 2031 1082 2066 τόποισι
1105 2028 1212 2066 τοῖσδ’

199 2076 291 2125 ἔχεις
314 2076 376 2116 τὰς
394 2077 520 2116 παῖδας
536 2077 660 2125 ἡμῶν,
689 2077 790 2117 αὐτὸς
814 2078 967 2128 ἐκδείξῃς
993 2078 1082 2125 ἐμοί.
1128 2079 1212 2112 Cum

200 2127 356 2167 loquatur
373 2127 545 2167 Theseus,
567 2124 710 2171 ἡμῶν,
731 2128 766 2158 in
784 2137 850 2168 quo
867 2129 995 2168 primus
1013 2128 1109 2159 Both.
1132 2127 1214 2158 hae-

200 2174 255 2214 sit,
276 2174 376 2215 plane
393 2174 549 2214 ineptum
566 2178 628 2214 est,
649 2178 688 2206 ut
706 2174 824 2205 Elmsl.
845 2172 868 2218 ἡ
881 2176 953 2219 μῖν
966 2201 973 2214 ,
1002 2174 1091 2206 haud
1115 2175 1214 2215 paulo

201 2221 334 2252 felicius
350 2221 466 2252 Herm.
520 2232 608 2255 κων
626 2222 834 2262 scripserint,
856 2222 986 2261 virgula
999 2226 1072 2262 post
1088 2219 1215 2258 παῖδας

202 2268 312 2309 posita
337 2264 411 2311 [τὰς
437 2269 498 2301 τοῦ
521 2279 537 2301 ε
561 2265 689 2305 παῖδας
707 2270 792 2300 coni.
813 2266 950 2312 Dind.].
974 2285 1015 2292 -—-
1034 2269 1086 2300 De
1105 2268 1215 2300 dativo

202 2312 309 2360 ἡμῖν
327 2319 362 2347 et
377 2316 538 2348 inclinato
561 2313 664 2360 ἧμιν
676 2342 684 2358 ,
713 2317 796 2347 item
819 2317 1015 2348 accusativis
1038 2313 1156 2361 ἡμᾶς
1182 2319 1216 2347 et

203 2360 298 2407 ἧμας
322 2363 370 2394 sic
393 2363 507 2395 statim
531 2363 737 2394 coniunctim
752 2363 1042 2404 pronuntiandum
1061 2367 1130 2404 est,
1161 2364 1215 2394 ἰπ-

203 2411 344 2442 clinatas
360 2409 487 2450 formae
510 2410 610 2451 poni,
639 2410 699 2442 ubi
725 2414 875 2451 correpta
899 2411 1023 2450 syllaba
1047 2420 1130 2451 opus
1157 2411 1211 2450 sit,

204 2466 267 2488 nec
283 2457 353 2488 ulla
371 2460 460 2488 certa
475 2457 541 2488 fide
558 2457 638 2488 inde
656 2467 675 2489 a
691 2458 806 2490 Reizio
821 2455 880 2500 [de
896 2467 963 2490 acc.
984 2459 1062 2489 incl.
1083 2468 1116 2498 p.
1134 2454 1217 2501 128)
1252 2457 1345 2489 dedit
1361 2457 1414 2488 El.
1439 2454 1539 2488 1403.
1573 2457 1628 2487 Αἱ.
1650 2454 1736 2497 588;
1766 2457 1885 2488 ceteris
1910 2457 1988 2487 locis
2013 2453 2128 2501 ἡμᾶς
2151 2444 2275 2505 ῐιθιῃιιξῑρὟ

204 2505 415 2546 quadruplex
433 2505 600 2536 scribendi
628 2513 735 2544 genus
758 2515 776 2536 a
800 2505 971 2546 plerisque
987 2505 1023 2536 in
1040 2514 1139 2537 usum
1158 2514 1216 2535 vo—
1251 2507 1387 2546 propter
1403 2513 1535 2535 causam
1551 2504 1654 2535 ullam
1673 2504 1902 2544 conspicuam,
1928 2512 2040 2544 neque
2063 2512 2184 2535 sensus
2209 2501 2275 2535 dixu?

204 2555 316 2583 catum
333 2561 418 2592 esse,
438 2549 524 2596 ἡμῖν
536 2577 544 2592 ,
564 2549 668 2596 ἡμίν,
688 2549 791 2596 ἧμιν,
812 2549 910 2597 ἥμιν.
948 2553 1024 2584 Duo
1041 2553 1132 2583 enim
1149 2552 1216 2584 sola
1251 2552 1406 2583 scrimine
1423 2551 1501 2582 ullo.
1546 2551 1722 2582 Praeterea
1747 2551 1788 2582 de
1812 2551 1983 2582 nonnullis
2001 2551 2164 2591 exemplis
2187 2544 2277 2593 aliid}

476 2596 483 2605 '
845 2601 926 2644 μᾶς
951 2602 986 2630 et
1002 2597 1131 2643 ἧμαςε
1160 2600 1215 2631 in-
1251 2599 1397 2630 indicare
1422 2599 1586 2629 lubricum
1612 2598 1783 2637 negotium
1800 2601 1869 2637 est,
1901 2601 1940 2629 nt
1962 2607 2047 2638 quae
2071 2597 2159 2629 haud
2177 2593 2274 2643 malo}

205 2646 368 2678 clinandis
393 2650 506 2677 autem
530 2646 582 2678 his
606 2647 719 2677 formis
745 2647 979 2686 pronominum
1003 2650 1038 2678 et
1055 2643 1212 2685 Aeschyl.
1251 2646 1397 2686 aliquam
1421 2646 1458 2676 in
1483 2645 1679 2686 pronomine
1706 2645 1774 2675 vim
1798 2645 1978 2686 repositam
1995 2648 2217 2685 monstrare'p

206 2697 241 2725 et
252 2693 372 2734 Eurip.
393 2694 648 2733 abstinuerunt,
671 2693 834 2725 v.Matth.
855 2693 896 2725 ad
913 2694 996 2725 Hec.
1009 2690 1088 2724 511.
1109 2694 1217 2732 Igitur
1250 2696 1378 2732 tentur,
1399 2696 1438 2724 ut
1453 2693 1539 2723 bene
1556 2690 1580 2736 ἡ

205 2738 310 2785 ἡμῖν
328 2741 452 2780 legitur
475 2744 552 2772 ante
577 2741 724 2771 vocalem
748 2741 801 2772 El.
822 2737 891 2772 458
908 2737 1016 2784 [1005
1034 2749 1078 2771 ex
1094 2740 1212 2771 Elmsl.
1252 2737 1374 2783 Dind.]
1393 2740 1446 2770 Αἰ.
1468 2736 1525 2770 21.
1570 2738 1627 2770 OR
1645 2735 1700 2770 96.
1748 2738 1880 2779 Quippe
1905 2736 2074 2783 σημασίας
2092 2734 2193 2771 ἕνεκα

206 2598 331 2631 Graeca
348 2602 439 2639 sunt,
467 2600 575 2643 ημῖν
601 2602 635 2630 et
659 2597 783 2643 ἧμιν,
811 2596 835 2644 ἡ

206 2787 340 2818 emend.
361 2788 488 2828 ree-epit
505 2785 639 2831 Dind.].
664 2784 751 2819 1381
764 2812 772 2827 ,
794 2790 829 2818 et
844 2788 880 2818 in
897 2789 966 2818 fine
983 2787 1117 2819 dimetri
1134 2796 1217 2818 ana-

207 2835 346 2875 paestici
363 2835 417 2866 Tr.
442 2831 542 2865 1271.
588 2835 759 2874 Sequente
783 2843 926 2866 consona
943 2834 1114 2866 duodecies
1130 2835 1216 2874 legi-

207 2886 262 2912 tur
278 2881 340 2912 Ph.
359 2878 440 2912 247.
466 2878 566 2913 1057.
597 2878 698 2913 1079.
742 2881 800 2913 OR
822 2878 902 2913 404.
930 2878 1011 2914 834.
1055 2881 1110 2913 OG
1134 2877 1214 2912 414.

211 2924 311 2959 1426.
337 2924 437 2960 1589.
473 2928 555 2960 Ant.
576 2925 656 2960 681.
684 2929 740 2961 Ai.
761 2925 840 2960 332.
878 2929 932 2959 ΕΙ.
953 2926 1009 2960 85.
1033 2925 1134 2960 1000.
1178 2929 1217 2959 In

206 2976 314 3015 prima
330 2975 508 3015 imparium
522 2985 637 3007 versus
655 2976 788 3006 iambici
801 2976 931 3006 sedium
945 2979 1039 3015 parte
1052 2976 1220 3016 quinquies

208 3026 298 3052 recte
315 3021 451 3061 legitur,
471 3021 531 3053 Ph.
556 3019 655 3054 1333.
679 3019 781 3054 1337.
809 3022 865 3054 OG
883 3019 963 3054 633.
985 3022 1041 3053 Tr.
1062 3018 1141 3054 589.
1162 3022 1215 3053 ΕΙ.

211 3065 311 3100 1431.
355 3066 379 3112 ἡ
392 3070 472 3112 μᾶς
497 3072 635 3100 accentu
659 3073 748 3100 recto
766 3069 918 3101 ultimam
937 3070 1009 3100 sine
1026 3069 1094 3100 ulla
1111 3069 1217 3100 ambi—

208 3116 335 3155 guitate
359 3116 514 3155 producit
537 3119 605 3147 ter.-
639 3115 701 3147 Ph.
722 3113 801 3148 529.
836 3116 891 3147 Ai.
915 3113 1016 3148 1233.
1061 3116 1112 3147 El.
1135 3112 1214 3147 975.

208 3162 375 3201 Ambigua
401 3166 452 3193 est
474 3163 509 3193 in
536 3164 662 3194 cantico
688 3163 762 3194 Ter.
793 3163 834 3194 fr.
866 3159 953 3203 518,
980 3159 1021 3202 3,
1056 3163 1115 3194 ubi
1134 3163 1219 3194 male

209 3209 289 3239 clim
305 3209 435 3240 editum
453 3207 577 3253 ἡμέας.
624 3209 746 3250 Septies
770 3212 801 3240 et
826 3209 928 3240 decies
945 3219 1086 3241 consona
1103 3210 1220 3250 sequi-
1253 3210 1379 3240 rectius
1397 3212 1545 3240 constare
1562 3208 1742 3240 inclinatas
1759 3211 1877 3248 putes,
1905 3208 1985 3248 quid
2010 3209 2131 3238 mirum
2147 3198 2279 3254 pluras?

209 3258 281 3295 tur,
311 3255 372 3287 Ph.
393 3252 448 3287 92.
479 3254 558 3288 588.
588 3252 667 3287 995.
699 3253 798 3287 1221.
822 3253 924 3288 1364.
961 3256 1018 3288 ΟΒ
1037 3253 1112 3288 131.
1135 3253 1215 3288 331.

209 3301 264 3333 OC
283 3298 362 3333 798.
407 3302 463 3333 Tr.
491 3300 547 3334 89.
574 3300 655 3334 870.
697 3303 751 3334 Ai.
772 3299 852 3335 273.
875 3300 954 3335 775.
981 3300 1082 3335 1309.
1115 3299 1215 3334 1362.

211 3348 263 3380 El.
284 3345 341 3380 24.
362 3345 442 3381 598.
467 3346 566 3382 1010.
606 3350 652 3381 At
670 3350 865 3382 inclinatum
890 3347 913 3394 ἧ
927 3360 995 3394 μιν
1020 3351 1139 3381 ultima
1156 3359 1217 3381 ne·
1253 3350 1293 3381 In
1310 3349 1372 3381 Ph.
1392 3345 1461 3381 828
1477 3349 1530 3382 ch.
1550 3341 1804 3387 legitur-‘'Yme,
1832 3345 1930 3385 εὐαὲς
1947 3346 2033 3391 ἡμῖν
2053 3344 2184 3386 ἔλθοις,
2205 3328 2288 3378 culfi1

1169 68 1179 88 ’
1192 70 1302 138 Εγώ

1936 82 1969 130 [1
1984 95 2019 128 p.
2036 53 2249 129 naarai}

1238 190 1380 221 cessario
1397 189 1564 231 correpta,
1590 194 1628 221 ut
1641 176 1766 221 'nmen
1791 191 1831 221 ab
1848 189 2031 224 editoribus
2056 191 2150 224 modo
2165 185 2251 237 ἧμιᾶυ

1238 237 1332 268 modo
1350 234 1434 282 ἡμίν
1460 237 1512 268 vel
1529 248 1536 254 ·
1558 247 1614 282 μιν
1632 237 1794 278 scriptum
1812 238 1873 278 sit,
1902 239 2000 270 vicies
2021 241 2052 270 et
2076 240 2178 271 aea-ies
2200 240 2250 273 iffi·

1237 285 1345 324 gitur:
1375 284 1435 315 Ph.
1456 281 1491 315 8.
1511 280 1534 315 4
1559 282 1592 315 5.
1636 284 1694 316 OR
1715 281 1772 316 39.
1802 281 1858 316 42.
1886 281 1943 317 86.
1967 282 2046 318 103.
2065 282 2145 318 242.
2165 281 2247 319 765.

1238 327 1317 363 921.
1347 330 1402 362 OG
1419 327 1498 362 549.
1523 327 1623 363 1038.
1647 327 1748 363 1201.
1779 331 1834 363 Tr.
1857 327 1936 364 320.
1953 328 2032 364 871.
2062 334 2144 365 Ant.
2163 329 2252 372 253.

1237 379 1292 409 Ai.
1312 375 1394 410 216.
1415 375 1495 409 733.
1526 378 1579 409 ΕΙ.
1604 376 1658 410 17.
1680 375 1736 410 41.
1759 375 1838 410 272.
1860 375 1940 411 357.
1961 375 2042 412 496.
2064 375 2144 412 877.
2165 377 2246 412 898.

1240 422 1341 457 1318.
1358 422 1448 456 1372
1457 422 1546 469 [add.
1563 422 1680 470 1443].
1710 422 1825 469 [Dind.
1846 425 1886 458 ad
1902 426 1957 458 Ai.
1970 423 2040 458 216
2056 427 2132 468 „LA
2149 425 2246 472 ἡμῖν.

1238 473 1329 504 Alibi
1345 470 1400 515 (ut
1414 473 1497 504 Ant.
1518 469 1604 516 253)
1619 482 1685 504 non
1701 482 1773 505 raro
1789 471 1872 518 ἧμιν
1889 474 2062 515 scriptum.
2091 474 2157 507 Nos
2174 475 2252 506 ubi·

1239 529 1304 560 que
1322 517 1408 564 ἡμῖν
1422 523 1456 551 et
1469 517 1550 563 ὑμῖν
1563 521 1758 560 scripsimus
1770 521 1828 552 ubi
1841 524 1986 552 metrum
2000 521 2185 562 spondeum
2199 520 2252 553 vel

1239 568 1304 598 fert
1317 568 1371 598 vel
1385 567 1542 608 postulat,
1556 564 1579 611 ἠ
1585 565 1641 611 μὶν
1652 572 1686 599 et
1696 564 1775 611 ὑμὶν
1785 568 1843 599 ubi
1854 568 2026 600 trochaeus
2035 569 2247 610 requiritur“.

1240 614 1291 646 Cf.
1321 623 1405 656 quae
1426 618 1538 645 contra
1561 614 1748 655 disputavit
1765 615 1890 647 Nauck.
1921 615 1957 646 in
1974 616 2066 647 Ann.
2086 615 2248 648 Fleckeis.

1238 658 1296 701 85,
1312 659 1407 706 183]
1418 662 1545 692 Horum
1555 662 1785 703 exemplorum
1794 662 1859 693 duo
1872 672 1910 693 eo
1922 662 1992 694 loco
2006 664 2153 704 positum
2165 660 2250 708 ἧμιν

1238 709 1375 749 habent,
1397 713 1435 739 ut
1453 710 1563 749 aliquo
1580 710 1727 747 graviore
1745 718 1825 741 sono
1842 710 2064 741 attollendum
2081 710 2246 750 videatur,

1239 759 1274 787 et
1290 757 1474 787 inclinetur
1490 760 1622 788 tamen:
1652 753 1727 789 ἀλλ’
1751 755 1835 801 ἥμιν
1859 754 1932 790 εἷκε
1955 757 2010 792 OG
2030 754 2132 789 1201.
2160 751 2249 797 ἀλλ’,

1240 803 1268 836 ὦ
1285 800 1424 844 τάλαιν’,
1445 797 1515 849 λέγ’
1532 801 1618 848 ἡμῖν
1637 801 1677 836 ἐκ
1695 806 1823 849 σαυτῆς
1841 804 1894 835 Tr.
1914 801 1992 836 320.
2023 804 2086 837 Sed
2101 808 2135 836 et
2152 813 2250 846 saepe

1240 848 1308 896 ἐγώ
1325 851 1413 890 addi,
1434 848 1532 895 ἐμοῦ,
1554 848 1643 895 ἐμοί,
1664 848 1727 895 ἐμέ
1744 852 1810 883 dici
1826 852 2015 883 videbimus
2033 848 2131 898 ἀδείᾳ
2147 861 2252 897 ποιη-

1239 897 1337 945 τικῇ,
1367 899 1426 930 ubi
1451 899 1637 930 secundum
1661 907 1787 930 morem
1810 903 1962 930 nostrum
1987 899 2143 931 inclinari
2167 900 2252 931 obli-

1240 955 1323 986 quos
1342 955 1456 986 casus,
1486 946 1730 977 nominativum
1754 947 1863 977 omitti
1887 950 2151 978 consentaneum
2167 950 2250 986 erat,

1241 996 1275 1024 et
1292 994 1348 1024 illa
1364 994 1519 1034 exempla
1535 993 1765 1024 traiectionem
1779 994 2013 1026 vocabulorum
2027 994 2163 1025 habent.
2194 994 2253 1026 Al·-

1241 1045 1351 1071 terum
1369 1041 1460 1071 enim
1477 1042 1525 1072 sic
1542 1040 1782 1072 ordinandum:
1812 1038 1886 1073 ἀλλ’
1904 1038 1975 1074 εἶκε
1991 1038 2089 1086 ἧμιν,
2111 1042 2252 1073 alterum

1242 1084 1329 1127 ἀλλ’,
1349 1087 1378 1120 ὧ
1395 1085 1559 1127 τάλαινα,
1589 1081 1659 1133 λέγ’
1683 1085 1767 1132 ἧμιν
1786 1085 1827 1121 ἐκ
1845 1091 1989 1134 σαυτῆς,
2018 1097 2082 1120 nec
2103 1089 2140 1119 in
2166 1086 2252 1133 ἧμιν

1243 1135 1293 1166 vis
1311 1135 1500 1166 sententiae
1516 1135 1625 1175 inest,
1648 1135 1706 1166 sed
1722 1136 1758 1166 in
1776 1133 1816 1167 ἐκ
1834 1137 1973 1181 σαυτῆς.
2019 1135 2153 1167 Deinde
2170 1135 2254 1167 duo-

1243 1181 1380 1213 devicies
1396 1183 1437 1214 de
1454 1191 1613 1213 mensura
1629 1182 1768 1214 ultimae
1786 1183 1822 1214 in
1839 1183 1959 1224 impari
1975 1183 2161 1215 iamborum
2174 1183 2255 1215 sede

1242 1230 1369 1270 positae
1387 1230 1528 1261 iudicari
1546 1239 1612 1261 non
1629 1233 1758 1270 potest:
1788 1229 1846 1261 ΟΒ
1859 1226 1938 1262 306.
1968 1229 2023 1261 OG
2036 1227 2093 1262 25.
2115 1226 2171 1262 34.
2192 1226 2251 1262 81.

1244 1273 1323 1308 556.
1352 1273 1432 1308 723.
1463 1273 1563 1309 1156.
1594 1273 1695 1308 1249.
1739 1277 1821 1308 Ant.
1842 1273 1922 1309 734.
1946 1273 2047 1309 1016.
2093 1277 2148 1309 Tr.
2169 1273 2250 1309 201.

1243 1324 1298 1355 Ai.
1319 1320 1398 1356 679.
1421 1320 1500 1356 826.
1522 1320 1601 1356 898.
1631 1324 1683 1355 ΕΙ.
1705 1320 1784 1355 311.
1806 1320 1885 1356 656.
1903 1320 1970 1356 949
1987 1321 2123 1368 (1443).
2148 1320 2256 1356 1454(

1244 1371 1372 1402 Horum
1389 1372 1620 1411 exemplorum
1638 1372 1802 1412 scriptura
1818 1381 1871 1412 ap.
1892 1372 2008 1403 Herm.
2029 1372 2137 1413 ναι-ἰῆς
2219 1372 2262 1404 ἵν.

1245 1419 1360 1450 scribit
1377 1417 1432 1450 oo
1451 1415 1529 1450 556.
1551 1415 1630 1450 723.
1656 1415 1757 1450 1156.
1782 1415 1882 1450 1249.
1912 1418 1966 1450 Tr.
1987 1415 2068 1451 201.
2108 1419 2163 1450 Ar.
2209 1412 2255 1450 79

1244 1467 1303 1497 ubi
1329 1469 1419 1497 recte
1442 1466 1618 1497 inclinavit
1643 1466 1723 1497 Lob.
1752 1461 1832 1498 826.
1861 1461 1941 1497 898.
1985 1465 2040 1497 ΕΙ.
2068 1462 2149 1498 311.
2171 1461 2254 1509 656}

1248 1510 1356 1553 1454,
1386 1517 1437 1544 ter
1461 1510 1562 1557 ἡμίν,
1589 1512 1644 1544 OC
1663 1510 1720 1544 25.
1742 1509 1798 1544 34.
1844 1513 1897 1544 El.
1922 1509 2012 1545 1454
2037 1514 2158 1545 ceteris
2174 1512 2259 1545 loci&

1244 1558 1340 1605 ἥμιν.
1371 1559 1547 1592 Godicibus
1564 1569 1630 1591 non
1643 1561 1724 1592 satis
1737 1560 1827 1591 fidei.
1856 1559 2038 1591 Duodecim
2053 1557 2078 1604 ἤ
2087 1572 2112 1605 μ
2123 1570 2159 1593 ιν
2177 1563 2255 1592 ante

1244 1608 1421 1639 consonam
1438 1608 1561 1647 legitur
1573 1634 1580 1646 ,
1608 1611 1646 1638 ut
1670 1607 1754 1638 mihi
1779 1607 1915 1649 quidem
1932 1607 2145 1639 scribendum
2160 1608 2264 1644 vide—,v

1245 1659 1319 1686 tur:
1349 1655 1409 1686 Ph.
1435 1651 1487 1686 12.
1509 1652 1591 1686 737.
1614 1651 1714 1686 1079.
1739 1651 1828 1687 1180
1843 1665 1887 1686 m.
1916 1653 1974 1685 ΟΒ.
1990 1651 2046 1687 53.
2077 1651 2255 1688 Αηῐ.487ἕ

1246 1703 1301 1734 Tr.
1324 1699 1404 1733 541.
1434 1702 1488 1732 Ai.
1510 1698 1590 1734 233.
1611 1698 1692 1733 283.
1713 1698 1793 1733 790.
1817 1698 1917 1733 1224.
1947 1701 2002 1733 ΕΙ.
2025 1698 2126 1734 1202.
2170 1701 2265 1737 Nanf.

1245 1750 1345 1789 vulgo
1362 1749 1508 1790 quidem,
1531 1752 1571 1780 ut
1586 1749 1622 1780 in
1640 1758 1675 1780 re
1692 1750 1847 1789 ambigua
1863 1749 2063 1790 plerumque
2079 1746 2165 1794 ἡμῖν
2183 1747 2258 1793 edi-5

1246 1801 1319 1828 tum
1335 1797 1498 1836 legimus,
1526 1793 1610 1840 ἧμιν
1635 1800 1675 1827 ut
1691 1797 1781 1837 apud
1797 1796 2031 1828 Hermannum
2047 1805 2115 1828 non
2132 1796 2267 1828 scribam

1246 1848 1303 1875 tur
1320 1844 1388 1875 nisi
1406 1844 1486 1874 Ant.
1507 1840 1587 1876 487.
1626 1843 1681 1874 Ai.
1701 1839 1782 1875 283.
1803 1839 1883 1874 790.
1927 1843 2143 1875 Accusativua
2159 1843 2257 1875 ineli-v

1246 1894 1346 1923 natus
1362 1889 1385 1935 ἦ
1398 1902 1452 1934 μα
1464 1901 1479 1927 ς
1493 1916 1499 1931 ,
1520 1894 1559 1922 ut
1577 1887 1664 1935 ὖμας
1676 1916 1683 1930 ,
1705 1891 1763 1921 ubi
1780 1899 1882 1922 sensu
1896 1890 2029 1922 videtur
2040 1891 2144 1932 posci,
2166 1899 2268 1929 nun-j,

1248 1948 1347 1979 quam
1365 1939 1412 1969 sic
1429 1939 1556 1979 positus
1574 1941 1701 1978 exstat,
1731 1941 1771 1968 ut
1795 1938 1991 1978 corripiatur
2012 1939 2132 1970 ultima
2148 1938 2267 1970 manich.

1249 1987 1345 2026 festo,
1368 1985 1426 2016 sed
1443 1986 1497 2016 vel
1515 1986 1550 2016 in
1568 1986 1690 2025 impari
1707 1985 1786 2016 sede
1804 1986 1948 2017 velante
1962 1994 2149 2017 consonam.
2170 1976 2263 2019 Inue

1250 2034 1323 2064 fleri
1340 2033 1492 2064 videmus
1509 2033 1563 2063 Ai.
1584 2029 1663 2064 738.
1680 2028 1781 2063 1244.
1803 2029 1903 2064 1401.
1931 2032 1991 2064 OR
2009 2029 2063 2064 15.
2093 2032 2147 2063 El.
2170 2028 2269 2077 100Q'

1252 2078 1324 2124 [ubi
1346 2078 1432 2124 ἡμῖν
1451 2080 1554 2111 Dind.
1573 2089 1600 2111 c.
1614 2076 1763 2123 Elmsl.].
1794 2078 1848 2111 OC
1869 2075 1970 2110 1142.
1997 2079 2126 2111 Horum
2142 2075 2263 2129 ἡμᾶζ

1251 2127 1349 2166 vulgo
1366 2127 1525 2168 pleraque
1544 2127 1642 2158 scribi
1659 2126 1810 2158 videmus
1838 2123 1964 2170 [omnia
1981 2124 2121 2171 Dind.],
2143 2123 2167 2172 ἥ
2179 2132 2270 2173 pagg·

1251 2174 1443 2206 Hermanno
1468 2175 1521 2206 Ai.
1550 2171 1629 2206 738.
1661 2170 1762 2205 1244.
1808 2174 1880 2205 Non
1906 2173 1986 2205 adeo
2015 2178 2103 2205 certa
2125 2172 2270 2220 proptor?>

1251 2231 1388 2253 sensum
1407 2222 1572 2261 scriptura
1588 2221 1662 2252 aliis
1677 2221 1758 2252 locis
1776 2225 1839 2253 est.
1868 2220 1952 2252 Nam
1968 2220 2026 2253 ΟΒ
2045 2217 2146 2253 1255.
2174 2215 2271 2258 Ant-{¹

1253 2265 1355 2300 1087.
1384 2269 1438 2299 Ai.
1462 2265 1539 2300 125.
1563 2264 1629 2299 142
1652 2277 1718 2299 non
1743 2269 1856 2299 minus
1879 2268 1967 2299 bene
1991 2268 2074 2300 recti
2091 2268 2163 2299 toni
2179 2261 2273 2307 rati&

1251 2319 1396 2356 constat,
1430 2315 1602 2355 ediditque
1626 2315 1742 2346 Herm.
1770 2313 1865 2359 ἡμᾶς
1882 2311 1977 2358 [item
1995 2311 2128 2359 Dind.].
2171 2307 2273 2395 11181ἔῖ

1251 2372 1429 2395 consonam
1463 2363 1672 2394 accusativus
1697 2363 1911 2393 inclinandus
1936 2362 2070 2394 videtur
2093 2363 2148 2393 Ai.
2177 2360 2199 2394 5
2242 2366 2273 2406 ,ς’

1252 2409 1310 2442 OR
1336 2406 1414 2442 131.
1438 2406 1538 2440 1404.
1583 2408 1638 2441 OC
1658 2406 1759 2440 1101.
1790 2406 1890 2441 1769.
1934 2409 1979 2441 Et
1998 2406 2117 2454 ἧμας
2141 2402 2274 2454 Hermi}

1593 2692 1675 2736 μᾶς
1694 2701 1842 2723 servasse
1867 2692 2058 2723 existimem
2075 2691 2190 2723 Herm.
2212 2687 2227 2735 [

2221 2724 2277 2769 ng.

2207 2747 2221 2769 1
2252 2767 2254 2769 .
2274 2749 2278 2765 ι

1253 2787 1369 2818 clinari
1387 2783 1481 2831 ἧμας
1499 2790 1533 2817 et
1557 2783 1645 2830 ὖμας
1669 2795 1757 2817 more
1774 2787 1893 2816 Ionum
1910 2786 2030 2817 docent
2045 2763 2274 2826 grammatici&

1254 2834 1363 2875 Apoll.
1385 2833 1426 2864 de
1444 2843 1536 2874 pron.
1558 2840 1592 2874 p.
1612 2829 1658 2864 43
1675 2843 1703 2863 a.
1732 2830 1777 2864 45
1795 2843 1812 2864 a
1829 2830 1887 2874 (cf.
1908 2841 1941 2873 p.
1966 2829 2031 2864 123
2048 2843 2077 2864 a.
2099 2836 2132 2864 et
2152 2829 2248 2864 125³

1253 2881 1343 2912 idem
1361 2881 1402 2912 de
1420 2880 1514 2919 Synt.
1543 2890 1575 2921 p.
1602 2877 1667 2911 130
1685 2884 1718 2910 et
1738 2876 1814 2910 135.
1856 2880 1932 2911 Arc.
1953 2889 1986 2919 p.
2011 2875 2087 2911 139.
2133 2878 2276 2920 Chares

1254 2938 1306 2969 ap.
1327 2928 1434 2959 Bekk.
1454 2937 1487 2968 p.
1511 2923 1620 2967 1150,
1651 2927 1800 2958 codicum
1823 2930 1936 2957 autem
1957 2936 2067 2967 neque
2085 2926 2164 2957 fidei
2180 2925 2280 2966 δαί-..ξ

1254 2984 1364 3016 neque
1382 2974 1600 3014 constantiae,
1620 2978 1659 3005 ut
1679 2973 1736 3005 hos
1748 2974 1959 3014 potissimum
1973 2974 2068 3014 sequi
2081 2965 2281 3018 possimusss

1256 3021 1341 3053 Cum
1358 3022 1461 3061 igitur
1478 3021 1655 3060 singularis
1673 3021 1805 3051 numeri
1831 3021 1950 3051 formas
1968 3020 2281 3055 orthotonumenass‘⁴

1255 3072 1290 3100 et
1305 3069 1481 3100 inclinatas
1500 3077 1565 3099 non
1585 3077 1654 3099 raro
1671 3065 1855 3113 ποιητικῇ,
1877 3077 1975 3107 quam
1993 3067 2192 3107 Apollonius
2207 3061 2281 3112 dil?

1254 3117 1312 3156 cit,
1333 3112 1431 3160 ἀδείᾳ
1447 3115 1493 3146 ita.
1510 3115 1642 3146 misceri
1659 3114 1847 3154 videamus,
1879 3118 1916 3145 ut
1940 3114 2106 3154 pleniores
2122 3118 2157 3145 et
2173 3122 2227 3144 rec
2252 3111 2281 3153 J„

1254 3166 1332 3194 tono
1355 3165 1490 3193 utentes
1523 3162 1676 3193 dicantur
1700 3170 1797 3192 versu
1832 3161 1976 3192 maxime
1999 3161 2174 3200 adigente,
2202 3157 2282 3194 abs}

1254 3256 1296 3287 lis
1314 3257 1435 3287 formas
1453 3255 1567 3287 eadem
1584 3256 1655 3286 toni
1672 3255 1895 3285 inconstantia
1919 3255 2032 3285 cerni?
2072 3254 2157 3286 Sunt
2182 3247 2285 3296 verm}

1255 3303 1411 3344 exempla
1433 3302 1594 3343 quaedam
1618 3302 1835 3333 dubitationis
1859 3302 2065 3342 aliquantum
2089 3297 2282 3340 habentia&

2249 3437 2288 3600 3
