2288 3600
222 137 323 185 478

214 257 375 294 quentem
394 261 573 285 consonam
591 261 712 284 sensus
738 252 895 284 inclinari
920 253 1016 284 iubet
1048 264 1139 293 νυν,
1177 254 1235 284 ubi

215 309 307 332 nunc
323 309 454 332 summa
470 300 697 331 inconstantia
714 299 883 331 editorum
910 300 944 331 in
969 300 1162 332 inclinando
1181 300 1235 332 vel

215 348 418 379 inflectendo
435 350 578 388 prostat:
610 344 659 391 μή
681 356 740 379 νυν
766 343 799 391 μ’
825 344 887 394 ἔρῃ
919 344 962 380 τὰ
995 345 1138 381 πλείονα
1171 347 1231 379 Ph.

218 392 299 427 576.
357 394 413 426 Sic
438 394 583 426 Brunck.
613 391 751 438 [Dind.]
779 394 892 426 Herm.
924 395 1004 434 νῦν,
1034 395 1120 435 quod
1146 400 1235 426 recte

216 442 388 481 defendas,
413 442 441 473 si
459 445 577 482 aptum
595 442 750 472 videatur
768 442 803 472 in
819 450 976 481 praesens
994 442 1231 482 interpretari:

217 490 251 520 id
268 489 357 531 quod
375 498 471 520 secus
488 492 553 520 est.
597 485 666 522 ἀπό
682 486 741 520 νύν
761 498 803 532 με
821 485 946 521 λείπετ’
964 486 1033 534 ἤδη
1054 490 1113 520 Ph.
1146 486 1236 520 1177

214 546 259 568 m.
295 546 346 567 me
364 537 501 577 linquite
518 537 620 575 ἱρέων
632 546 642 565 .·
676 538 766 567 recte
784 536 831 567 sic
849 535 924 568 edd.
946 545 1074 567 omnes.
1120 534 1236 581 στεῖγὲ

213 594 272 616 νυν
291 580 366 627 [νῦν
394 580 483 627 LA],
511 580 641 615 τέκνων
660 579 687 615 δ’
705 580 795 627 ἀφοῦ
813 582 871 614 OR
891 580 992 615 1521.
1037 580 1159 622 κάθιζε
1176 573 1235 616 νῦν

214 641 258 675 με
274 630 330 662 OC
348 627 405 662 21.
458 627 536 676 πρίν
554 641 613 663 νυν
637 627 681 662 τὰ
706 627 832 663 πλείον’
863 627 1028 675 ἱστορεῖν,
1068 629 1108 663 ἐκ
1139 627 1236 685 τῆσδ’

217 675 317 724 ἕδρας
337 674 446 717 ἔξελθ’
459 687 466 694 ·
495 675 586 724 ἔχεις
603 675 668 723 γὰρ
685 680 801 723 χῶρον
819 674 886 724 οὐχ
903 675 1004 723 ἁγνὸν
1030 679 1152 711 πατεῖν
1175 675 1231 709 36.

219 725 273 758 Sic
292 728 382 756 recte
399 725 514 757 Elmsl.
537 734 581 756 ex
598 725 669 757 cod.
698 725 789 756 Ricc.
818 725 903 757 Rell.
924 726 1003 765 νῦν,
1034 725 1115 756 illuc
1134 726 1235 756 etiam

218 772 312 805 codd.
342 772 551 813 quorundam
577 773 741 813 scriptura
773 771 867 803 ducit
899 770 1003 817 πρινή
1029 773 1083 803 vel
1108 769 1187 817 πρὶν
1211 769 1234 816 ἥ

218 817 280 862 (==
306 817 383 864 πρίν
417 819 486 863 νυ).
538 819 853 859 Argumentationis
889 820 1126 859 significandae
1160 829 1234 850 esse

220 867 416 908 particulam
435 867 561 898 clarum
575 870 639 906 est,
653 867 682 898 si
702 866 879 898 inverteris
897 867 1119 898 sententiam:
1143 864 1235 912 ἔχεις

216 918 333 960 χῶρον
353 912 419 961 οὐχ
445 911 547 960 ἁγνὸν
565 914 707 953 πατεῖν,
741 910 857 951 ἔξελθε
874 911 987 946 τοίνυν
1002 939 1009 952 ,
1045 911 1123 958 πρὶν
1143 911 1234 946 ἱστο-

217 963 301 1006 ρεῖν.
347 962 389 992 1η
412 970 568 1001 praesens
593 970 636 992 ne
666 961 720 992 hic
743 960 880 1001 quidem
907 966 995 992 recte
1014 962 1230 1002 explicueris.

215 1005 381 1055 πρόσθιγέ
406 1005 465 1041 νύν
493 1019 558 1052 μου
595 1004 661 1040 173
680 1017 734 1040 an.
779 1004 855 1040 ἀλλ’
889 1006 927 1041 οὐ
961 1006 1025 1054 γὰρ
1052 1006 1123 1041 ἔστι
1144 1006 1254 1054 τάμε,

215 1058 311 1137 §affl
329 1053 489 1109 Ἃρύπῖειν
503 1080 510 1093 ’
540 1053 580 1088 σύ
597 1066 655 1088 νυν
674 1052 738 1098 [Ἦν
758 1055 859 1087 Βίῃᾶ’
889 1065 917 1086 θ’
948 1054 1128 1100 mames}
1151 1054 1235 1107 πρὸξ
1252 1082 1254 1111 ’ἲ
1274 1119 1314 1124 -
1334 1101 1348 1142 ΙΙ
1367 1102 1478 1133 Noctis
1497 1102 1734 1141 significationi
1749 1103 1901 1143 proxima
1914 1105 1967 1133 est
1984 1101 2254 1141 unsaramma?

240 1107 306 1136 εῶν
325 1113 510 1148 πατρῳων,
530 1099 706 1142 Οἰδίπους,
730 1101 879 1139 πεισθεὶς
908 1100 986 1146 ἐμοὶ
1010 1100 1141 1148 κρύψον
1166 1101 1234 1134 750

215 1154 251 1182 tu
275 1160 372 1190 er90‚·
406 1152 440 1182 iu
467 1150 603 1191 apodosi
631 1150 793 1190 ineptiret
818 1151 888 1181 νῦν.
933 1153 1060 1195 χωρῶν
1102 1147 1233 1182 ἀπείλει

213 1208 273 1231 νυν
305 1194 396 1230 1038
422 1197 617 1229 dimittendi
636 1206 712 1228 cum
730 1200 903 1229 contemtu
923 1198 1084 1228 formula:
1106 1199 1233 1228 minare

213 1247 256 1276 sis
274 1248 436 1286 quantum
453 1244 541 1277 libet.
580 1243 628 1289 μὴ
647 1242 707 1276 νυν
725 1241 809 1284 ποτ’,
830 1243 858 1276 ὦ
876 1246 951 1283 παῖ,
973 1242 1034 1281 τὰς
1052 1242 1178 1290 φρένας
1203 1237 1232 1289 γ’

215 1285 271 1338 ὑφ’
288 1289 419 1337 ἡδονῆς
436 1290 596 1337 γυναικὸς
615 1284 726 1325 οὕνεκ’
744 1288 897 1338 ἐκβάλῃς
916 1293 996 1323 Ant.
1019 1288 1097 1323 648.
1145 1288 1230 1336 ὄμνυ

213 1335 295 1376 Διός
311 1350 370 1372 νυν
387 1342 449 1373 τοῦ
469 1350 511 1383 με
529 1336 697 1384 φύσαντος
713 1336 806 1384 κάρα
824 1338 879 1371 Tr.
904 1335 993 1370 1185
1020 1339 1099 1370 olim
1117 1348 1232 1370 omnes

213 1387 291 1420 νῦνε
314 1386 373 1419 sed
396 1387 547 1427 adigenti
572 1386 610 1418 ad
630 1386 868 1417 iusiurandum
890 1386 1026 1417 Herculi
1046 1386 1107 1417 hoc
1124 1387 1232 1417 solum

215 1435 383 1473 convenit,
406 1437 569 1466 antestare
588 1434 701 1473 ἱρέων.
743 1428 893 1466 ἐνταῦθά
917 1444 975 1467 νυν
1001 1432 1071 1479 Αχρὴ
1105 1431 1234 1477 τούμὸν

215 1478 384 1527 ἐξάραντοί
409 1491 444 1514 σε
469 1484 570 1525 σῶμα
595 1477 760 1526 ἐμβαλεῖν
790 1477 892 1512 1193.
946 1473 1175 1512 Consentiunt
1199 1482 1234 1511 in

215 1539 286 1562 νυν.
327 1527 452 1574 κόμιζέ
468 1526 527 1561 νύν
547 1538 607 1572 μοι
622 1525 731 1561 παῖδα
748 1528 804 1559 Αἰ.
825 1524 912 1566 53Ο;
937 1532 1026 1559 recte
1045 1537 1161 1560 omnes
1179 1528 1234 1559 in-

215 1576 359 1614 clinant,
397 1577 524 1618 quippe
557 1576 777 1607 ratiocinante
810 1584 853 1606 ex
887 1576 1084 1607 Tecmessae
1123 1576 1235 1607 verbis

217 1620 312 1656 πάντ’
338 1621 446 1670 ἔγωγε
463 1620 626 1667 πείσομαι
643 1623 756 1654 Aiace.
817 1619 950 1668 ἄφερπὲ
976 1633 1035 1655 νυν
1065 1619 1151 1654 1161
1180 1622 1236 1662 fac

215 1669 313 1702 abeas
330 1672 442 1711 iyitur.
495 1666 603 1703 ἄκουέ
624 1680 684 1703 νυν
713 1666 815 1701 1332.
859 1668 906 1706 ὥς
929 1680 988 1702 νυν
1015 1666 1086 1713 [νῦν
1114 1667 1235 1713 Dind.]

215 1714 322 1764 τάχος
348 1715 538 1764 στείχωμεν
565 1717 702 1757 Thyest.
732 1717 772 1748 fr.
802 1713 890 1757 235,
928 1714 959 1748 1.
989 1712 1235 1759 -.--11Μὲν

216 1774 291 1798 νυν
309 1769 399 1798 recte
418 1765 594 1798 scribitur:
622 1760 733 1797 θεοῖσι
751 1761 813 1808 μέν
830 1774 888 1796 νυν
915 1760 980 1797 οὐκ
1005 1761 1183 1809 ἰσούμενον
1208 1757 1236 1796 σ’

219 1810 298 1853 ἐώ,
333 1809 407 1846 οὐδ’
447 1809 522 1846 οἵδε
552 1809 675 1848 παῖδες
709 1807 870 1855 {Copto-8³
903 1808 1053 1857 ἐφέστιοι
1085 1811 1143 1843 OR
1176 1808 1233 1843 31.

212 1822 341 1906 ’ἔρωτι
367 1857 430 1904 μέν
452 1869 512 1893 νυν
539 1856 628 1895 ὅστις
654 1855 892 1892 ἀντανίσταται
919 1855 1053 1904 πύκτης
1080 1855 1174 1895 ὅπως
1201 1855 1236 1894 ἐς

215 1909 356 1955 χεῖρας,
391 1903 430 1940 οὐ
466 1903 584 1943 καλῶς
592 1907 732 1985 8ἒρονεῖ
774 1906 830 1938 Tr.
867 1902 932 1936 441
961 1907 1042 1952 γοῦν
1078 1915 1131 1946 ap.
1161 1905 1237 1937 Sto-

216 1956 337 1987 baeum
356 1950 421 1994 63,
449 1950 496 1986 24
513 1963 547 1994 p.
569 1949 591 1984 3
657 1954 840 1994 scriptum,
860 1954 919 1985 νῦν
947 1953 981 1984 in
1006 1953 1100 1985 libris
1134 1956 1215 1985 vett.

217 2012 290 2035 νυν
304 2001 492 2033 Brunckius
509 2000 603 2032 dedit
619 2009 686 2032 aec.
710 1999 827 2040 Steph.
849 1999 947 2031 Cant.
969 1997 1043 2044 [LA
1058 2010 1119 2044 μεν
1135 2012 1159 2031 :·
1180 2001 1230 2035 ῦν.

217 2059 262 2082 m.
279 2058 345 2090 pr.,
375 2046 440 2093 μὲν
467 2048 528 2080 νῦν
552 2044 667 2091 corr.].
707 2047 886 2089 Perperam
910 2045 973 2091 μέν
991 2057 1050 2080 νυν
1084 2047 1232 2078 Brunck.

220 2097 354 2128 invexit
372 2095 425 2127 El.
440 2092 496 2135 73,
518 2105 551 2127 v,
571 2095 613 2127 A.
627 2095 654 2135 1,
679 2091 695 2126 1
710 2106 717 2135 3
737 2095 836 2135 peius
852 2095 954 2126 etiam
968 2091 1088 2130 0096.
1111 2094 1232 2126 Elmsl.

220 2143 261 2175 ad
278 2143 367 2175 Med.
392 2138 493 2174 1263.
515 2159 556 2165 -
576 2142 590 2184 ΙΙ
607 2141 699 2173 Haec
717 2142 747 2173 si
769 2145 859 2174 recte
877 2142 1158 2181 disseruimus,in
1175 2141 1235 2173 ob-

223 2190 370 2222 testandi
387 2194 422 2221 et
439 2189 599 2231 precandi
616 2189 770 2220 formulis
787 2199 812 2221 π
836 2186 873 2226 ός
889 2199 961 2228 νυν,
983 2198 1050 2220 non
1067 2190 1127 2222 νῦν
1153 2189 1235 2220 scri-

218 2239 328 2270 betur.
370 2237 482 2268 Huius
500 2236 658 2277 exempla
682 2236 783 2276 vulgo
828 2233 1085 2281 ρθοτονούμενα
1119 2236 1235 2277 posui-

220 2294 297 2317 mus
317 2285 352 2316 in
370 2285 412 2315 A.
434 2283 494 2324 111,
517 2283 579 2315 Ph.
599 2279 681 2315 468.
710 2283 764 2315 El.
783 2279 865 2315 428.
894 2280 976 2315 889.
1005 2284 1085 2315 Iure
1103 2282 1233 2316 Schaei'.

219 2333 254 2364 in
273 2331 360 2363 Phil.
381 2331 405 2362 l.
426 2340 454 2362 c.
474 2328 559 2376 πρός
575 2341 636 2363 νυν
654 2330 780 2370 suasit,
802 2331 868 2362 etsi
893 2331 995 2362 etiam
1021 2329 1116 2362 Suid.
1153 2331 1238 2361 alte-

220 2389 297 2411 rum
315 2378 416 2410 habet
434 2378 468 2409 in
488 2388 521 2410 v,
545 2375 630 2423 πρὸς
645 2378 718 2410 νῦν.
763 2378 940 2409 Accedunt
957 2378 1139 2409 inclinatae
1157 2378 1239 2408 scri-

219 2430 340 2468 pturae
357 2426 441 2457 duo:
471 2435 497 2457 π
519 2422 557 2458 ός
572 2435 631 2457 νυν
649 2420 762 2466 θεῶν,
789 2422 818 2457 ὦ
843 2422 941 2464 ξεῖνε,
976 2422 1025 2469 μή
1053 2417 1087 2469 μ’
1112 2421 1239 2469 ἀτιμά-

221 2483 283 2521 0..
342 2518 930 2561 ..
954 2468 1235 2551 rems}

219 2545 292 2608 tur,
330 2567 388 2598 ubi
413 2567 471 2599 νῦν
499 2575 559 2597 suo
584 2566 657 2598 iure
691 2568 832 2598 constat.
868 2564 924 2598 OC
952 2529 1034 2597 465.
1071 2527 1139 2597 51375
1181 2565 1240 2596 ubi

224 2614 343 2646 Elmsl.
363 2623 422 2647 νυν
442 2611 580 2646 δίδασκε
597 2613 750 2654 scripsit,
779 2613 843 2644 etsi
871 2614 937 2644 iam
961 2621 1037 2644 vero
1059 2622 1167 2652 nunc,
1206 2612 1239 2643 id

220 2666 273 2693 est
290 2662 402 2693 statim
419 2660 497 2691 doce
514 2661 701 2699 significat,
732 2661 815 2692 Ant.
837 2656 928 2691 1337
946 2660 1003 2692 ubi
1019 2661 1078 2693 νῦν
1105 2663 1158 2691 est
1180 2660 1239 2691 νῦν

222 2707 272 2742 ἔτι
293 2706 372 2759 [νυν
397 2704 533 2751 Dind.].
578 2707 633 2740 Ai.
662 2703 743 2738 995.
783 2703 885 2739 1129.
921 2706 975 2739 El.
1007 2703 1088 2738 854.
1135 2703 1236 2738 1200.

222 2752 324 2796 1430,
346 2755 404 2787 ubi
422 2753 536 2787 Herm.
557 2755 659 2786 etiam
676 2764 735 2787 νυν
755 2755 918 2793 servavit,
951 2763 1105 2795 quaeque
1129 2754 1240 2785 omnia

219 2803 299 2834 olim
318 2802 352 2833 in
372 2803 413 2834 A.
435 2803 450 2833 I
476 2804 511 2833 et
540 2802 591 2833 111
616 2801 835 2833 tractavimus
877 2798 1052 2845 [extremis
1083 2803 1240 2842 quattuor

222 2850 304 2881 locis
321 2858 380 2882 νυν
399 2849 491 2881 dedit
509 2845 643 2892 Dind.].

291 2895 330 2928 C.
358 2895 475 2927 Forma
491 2896 592 2927 tertia
607 2906 625 2928 ν
637 2891 720 2935 υνί,
753 2903 853 2936 quam
878 2903 955 2926 cum
974 2897 1151 2935 praesente
1170 2894 1238 2926 solo

219 2943 284 2974 dici
302 2944 398 2974 docet
415 2942 480 2974 EM
499 2952 532 2983 p.
553 2938 634 2982 608,
654 2938 712 2974 45.
741 2941 784 2973 cf.
806 2941 905 2974 Wolf.
927 2941 969 2973 ad
992 2942 1087 2983 Lept.
1106 2951 1140 2982 p.
1154 2937 1235 2973 242.

223 2991 377 3022 Bornem.
399 2989 439 3021 ad
458 2990 546 3021 Xen.
569 2988 683 3029 Symp.
706 2998 738 3029 p.
763 2985 830 3020 118
847 2998 924 3020 cum
942 2998 960 3020 a
978 2989 1112 3028 tragicis
1139 2988 1238 3028 plane

221 3037 422 3068 excludatur
438 3034 486 3079 (v,
508 3036 599 3068 Pors.
619 3036 659 3067 ad
676 3035 764 3066 Med.
796 3032 875 3067 157.
905 3035 1023 3067 Matth.
1050 3035 1090 3066 ad
1115 3033 1234 3075 Suppl.

222 3081 308 3127 304)
338 3084 374 3115 in
403 3082 594 3124 Sophocleis
618 3083 740 3114 fabulis
765 3091 809 3114 ne
838 3083 1071 3114 tenuissimam
1098 3082 1237 3123 quidem

222 3131 273 3162 sui
293 3131 484 3162 memoriam
502 3130 650 3170 reliquit.
965 3127 1013 3171 (11
1031 3138 1064 3170 p.
1090 3125 1167 3168 185,
1184 3125 1239 3173 2.)

292 3220 321 3257 Ν
335 3221 393 3262 ύξ.
413 3223 428 3265 ΙΙ
444 3224 575 3265 proprie
592 3232 670 3256 now.
715 3221 747 3256 εἰ
771 3233 803 3255 τι
826 3220 886 3262 νὺξ
913 3219 989 3269 ἀφῇ
1013 3222 1071 3255 OR
1098 3218 1165 3254 198
1181 3222 1234 3253 ch.

221 3267 280 3308 νὺξ
306 3268 370 3316 γὰρ
395 3267 537 3316 εἰσάγει,
566 3268 624 3303 καὶ
647 3267 706 3308 νὺξ
730 3267 869 3303 ἀπωθεῖ
894 3266 1138 3315 ὃιαδεδεγμένη
1172 3266 1238 3302 πό-

221 3327 280 3350 νον
297 3318 353 3350 Tr.
374 3314 431 3349 29.
477 3315 514 3350 ὃν
541 3315 640 3350 αἰόλα
663 3313 722 3354 νὺξ
747 3314 969 3362 ἐναριζομένα
992 3313 1097 3348 τίκτει
1114 3326 1238 3349 κατευ-

220 3357 313 3402 νάζει
351 3374 388 3396 τε
409 3389 417 3403 ,
449 3356 571 3397 ξἈλιον
613 3361 659 3395 94
702 3363 776 3402 ch..
827 3364 915 3405 quod
958 3372 1024 3395 non
1071 3363 1159 3402 cogit
1201 3366 1240 3394 ut

221 3406 294 3447 Νύξ
329 3411 502 3442 scribatur.
563 3407 665 3443 αἰόλα
701 3407 760 3447 νύξ
789 3407 855 3442 133
888 3409 939 3441 ch.
993 3406 1026 3442 τί
1070 3403 1099 3441 δ’
1133 3406 1238 3454 ἐνήλ-

1052 135 1095 184 Ν
1099 136 1148 190 ύξ
1175 164 1237 172 -
1267 133 1440 201 Νύχιος

1224 1977 1231 1992 2
1273 1959 1430 2009 Νησαῖος
1454 1964 1553 1994 adeo:
1585 1974 1615 1994 v.
1646 1964 1787 1995 Dorvill.
1814 1963 1855 1995 ad
1878 1962 1976 1995 Char.
2001 1972 2034 2004 p.
2063 1958 2142 1994 530.
2179 1953 2255 1998 Β]

1955 144 2004 191 [11
2021 154 2056 187 p.
2079 142 2188 178 183-
2197 110 2288 194 186ῑ1

1272 249 1463 309 λακταιγ...ι
1483 250 1541 292 νὺξ
1555 250 1619 297 ἥδε
1638 250 1776 331 ζὲοἱρος9
1790 254 1846 285 Ai.
1867 248 1936 284 209
1954 261 2009 284 an.
2061 249 2189 286 ὁπόταν
2213 249 2288 286 δνο-

1272 308 1360 387 re?
1374 296 1741 392 3?³:²‡}.2-23³.³¹..{¹..
1781 295 2084 392 malea
2097 298 2288 428 {ar-3

1272 395 1331 427 νῦν
1350 391 1523 440 φθιμένης
1540 393 1663 427 νυκτός
1681 395 1735 426 Ai.
1760 391 1824 426 141
1845 404 1899 426 an.
1939 393 2062 427 νυκτὸς
2090 391 2149 427 αἰα
2173 395 2213 426 ’ς
2227 404 2250 427 κ
2284 424 2288 426 ,

1272 438 1356 478 κλος
1373 442 1427 472 Ai.
1450 437 1519 472 672
1536 451 1567 472 v.
1597 439 1731 486 αἰανής.
1768 439 1888 486 φάσμα
1914 439 2037 478 νυκτός
2064 441 2117 473 El.
2134 437 2180 473 50
2234 440 2288 484 clu

1274 484 1531 567 iifabvaerssitij
1575 486 1802 569 3³⁶”q303222‘ff
1818 486 1885 568 τἒχ
1915 485 2288 569 Ὓὸὲηῗλλέὲἓοωῖ

1275 600 1315 634 -Π
1344 559 1379 615 ἐν
1397 560 1492 615 νυκτὶ
1510 560 1554 627 τῖῗ
1575 559 1634 615 *adv
1652 584 1732 615 Ant.
1754 561 1808 615 sss.
1838 581 1873 617 ἐν
1886 546 2000 616 mlv?
2011 583 2067 615 Tr.
2089 561 2168 615 ⁶149.
2196 531 2288 628 νυν-ξ

1271 627 1354 676 τῃδε
1397 629 1449 661 El.
1495 626 1540 662 64
1569 654 1575 661 .
1641 627 1835 677 ἐπεὺγομαι
1872 628 1970 663 νυκτὶ
2019 628 2065 677 τῇ
2103 625 2288 665 aaroni&

1253 677 1392 717 ‘Naan
1434 678 1472 708 l'r.
1510 673 1589 709 383.
1621 695 1664 702 ——
1700 672 1802 716 ὦνὺξ
1821 677 1875 710 El.
1900 674 1968 710 203
1994 687 2049 710 an.
2087 694 2129 702 -·
2164 667 2288 721 πολλοὶ

1271 721 1479 757 κυκλοῦνται
1509 721 1630 756 νύκτες
1676 722 1806 769 ἡμέραι
1829 721 1858 757 τ’
1891 722 1963 758 ἰ’σαι
2006 721 2106 756 1365.
2166 721 2285 769 μυρί

1273 769 1290 804 ὁ
1327 769 1446 816 μυρίος
1479 769 1604 817 χρόνος
1637 774 1816 805 τεκνοῦται
1848 768 1972 809 νύκτας
2012 768 2147 818 ἡμέρας
2174 764 2204 803 τ’

1272 817 1327 850 OC
1346 815 1427 850 618.
1458 836 1498 841 —
1526 819 1613 850 Hinc
1637 821 1800 859 yenite'vus
1835 817 2075 850 adumbrauit.-
2102 812 2177 851 ὥστ’
2212 810 2286 867 οὔὲῖ

1270 864 1392 902 νυκτὸς
1411 862 1515 898 ὕπνον
1535 862 1605 898 οὔτ’
1623 863 1657 905 ἐξ
1678 863 1812 911 ἡμέρας
1839 864 1902 910 ἐμὲ
1929 864 2098 912 στεγάζειν
2121 863 2208 910 ἡδύν

1272 909 1351 945 780.
1396 911 1518 949 νυκτὸς,
1535 910 1599 958 γὰρ
1625 911 1719 958 ἡμᾶς
1746 911 1851 958 τῆσδε
1876 914 2006 959 πρᾶγος
2032 910 2185 946 ἄσκοπον
2216 909 2234 945 ἔ

1271 958 1420 1004 περοίνας
1441 960 1493 991 Αἱ.
1517 956 1572 991 21.
1617 958 1726 1005 ἄκρας
1741 958 1864 997 νυκτός
1882 957 1951 992 285
1971 971 2000 992 ν.
2021 957 2140 1005 ἄκρος.
2169 965 2273 992 νυκτ

1273 1004 1423 1045 ἐξελθὼν
1443 1004 1545 1051 μόνος
1560 1007 1620 1039 Ph.
1643 1005 1723 1040 606.
1775 1005 1818 1040 τὰ
1835 1005 1947 1040 πολλὰ
1964 1011 2033 1040 τῶν
2060 1005 2181 1039 δεινῶν
2207 998 2285 1039 ὄψ’

1272 1051 1462 1087 πνεύσαντα
1479 1053 1601 1087 νυκτὸς
1616 1052 1750 1100 ἡμέρας
1769 1052 1980 1099 μαλάσσεται
1998 1055 2106 1090 Acris.
2119 1055 2161 1086 fr.
2182 1050 2238 1094 63,
2254 1069 2255 1072 ¹

1271 1148 1408 1188 inferos.
1445 1142 1521 1180 ἀλλ’
1539 1146 1621 1182 αὐτὸ
1638 1146 1696 1187 νὺξ
1709 1142 1834 1194 ’Ἀιδης
1850 1160 1886 1182 τε
1913 1146 2091 1188 σωζόντων
2108 1146 2206 1191 κάτω
2242 1143 2287 1165 ·‘

1270 1192 1351 1228 660.
1383 1213 1424 1219 -
1443 1195 1457 1237 ss
1477 1196 1562 1227 Cum
1581 1197 1684 1236 figura
1700 1197 1828 1228 dictum
1841 1200 1895 1228 est
1918 1194 1989 1241 νῷν
2016 1190 2044 1228 δ’
2069 1192 2208 1241 ὀλεθρία
2249 1201 2286 1238 <³4³

1272 1236 1325 1275 ἐπ’
1342 1240 1494 1287 ὄμμασιν
1513 1241 1659 1288 βέβηκεν
1678 1243 1733 1276 OC
1754 1240 1845 1276 1684
1861 1253 1920 1284 m.,
1944 1243 2039 1284 quasi
2057 1252 2123 1274 nox
2147 1242 2223 1273 cala
2257 1253 2258 1256 ¹
2275 1243 2288 1250 ·’

1271 1291 1366 1330 tatis.
1397 1290 1429 1321 id
1457 1294 1510 1321 est
1534 1300 1663 1323 summa
1688 1291 1863 1322 calamitas
1890 1300 1950 1322 nos
1976 1291 2119 1322 invasit:
2150 1286 2250 1334 ὄμμ«
2267 1290 2283 1330 lj

1271 1341 1509 1377 memorantur,
1532 1339 1659 1379 quippe
1676 1338 1826 1370 tenebris
1845 1338 1983 1369 affectae
2000 1338 2226 1379 potissimum.
2253 1337 2275 1360 '=

1344 1392 1464 1429 Νῦσα
1488 1406 1520 1427 n.
1551 1406 1601 1437 pr.
1640 1393 1719 1429 ὅθεν
1743 1394 1901 1430 κατεῖδον
1918 1395 1983 1429 τ“ν
2002 1394 2207 1442 βεβακχιωμ
2264 1388 2270 1401 ³

1273 1441 1426 1489 βροτοῖσι
1443 1441 1582 1489 κλεινὴν
1605 1439 1722 1477 Νῦσαν
1739 1445 1779 1477 fr.
1798 1445 1864 1476 inc.
1893 1408 1983 1485 783,
2010 1440 2043 1475 2.
2089 1443 2178 1482 Nysa
2201 1442 2256 1482 ha,

1272 1491 1374 1522 dubie
1403 1491 1550 1523 Euboica
1576 1495 1646 1531 est;
1683 1492 1724 1523 ad
1748 1491 1833 1523 hanc
1861 1492 1952 1522 enim
1986 1492 2137 1532 proxime
2163 1498 2222 1531 spe
2243 1499 2256 1524 ,·
2274 1512 2288 1526 ,

1272 1538 1394 1578 Iacchi,
1416 1540 1512 1570 cuins
1531 1539 1587 1570 illa
1606 1539 1721 1570 nutrix
1739 1539 1875 1579 dicitur,
1897 1539 2066 1578 memoria.
2087 1547 2188 1578 quam
2211 1538 2288 1567 2:115·

1272 1585 1349 1616 dem
1362 1586 1396 1616 in
1413 1586 1582 1625 Antigona
1594 1586 1798 1626 significavit
1810 1589 1908 1627 poeta
1920 1588 1954 1617 et
1966 1586 2001 1617 in
2010 1585 2167 1625 Thyeste,
2179 1594 2222 1626 qu
2232 1593 2246 1611 ·¹
2265 1588 2267 1590 “
2285 1588 2288 1610 2

1273 1642 1372 1673 quam
1391 1632 1445 1664 hic
1462 1633 1598 1673 quidem
1617 1642 1739 1665 nomen
1757 1633 1895 1664 excidit.
1925 1632 2200 1673 Explicatissime
2221 1629 2275 1674 0527
2286 1643 2288 1665 ,1

1274 1679 1485 1720 Stephanum
1503 1691 1535 1712 v.
1556 1676 1669 1713 Νῦσαι
1685 1679 1788 1722 (male
1806 1680 1917 1712 editur
1941 1675 1972 1713 N
1984 1676 2107 1722 ύσαι)
2123 1679 2218 1711 Fust.
2243 1684 2261 1712 ’.
2286 1670 2288 1676 ¹

1272 1728 1373 1759 Dion.
1405 1728 1480 1761 Per.
1507 1736 1540 1768 p.
1569 1723 1658 1767 224,
1691 1725 1748 1759 34.
1794 1727 1889 1759 Phot.
1916 1726 1997 1759 bibl.
2031 1736 2064 1767 p.
2085 1722 2155 1758 332
2178 1735 2208 1767 a,
2245 1742 2263 1763 v,

1273 1775 1378 1806 Bekk.
1413 1774 1453 1806 de
1476 1775 1565 1813 Nysa
1582 1775 1683 1815 urbe,
1713 1776 1868 1815 regione,
1904 1777 2016 1806 monte
2043 1773 2204 1805 disseruit
2243 1772 2265 1814 ‚VJ

1273 1822 1378 1853 Henr.
1401 1821 1497 1853 Voss.
1519 1822 1559 1853 ad
1578 1821 1675 1854 Hom.
1697 1822 1811 1861 hymn.
1835 1821 1912 1853 Ger.
1935 1818 1978 1853 17
1994 1830 2028 1862 p.
2053 1817 2107 1852 12.
2131 1837 2172 1844 -
2198 1819 2263 1863 8ζ,

1272 1872 1371 1910 ptura
1388 1869 1547 1900 librorum
1566 1870 1601 1900 in
1620 1869 1681 1901 hoc
1698 1872 1733 1900 et
1759 1869 1907 1909 cognatis
1932 1868 2124 1900 nominibus
2146 1868 2192 1899 flu

1272 1917 1363 1947 inter
1379 1911 1488 1956 Νύσα,
1512 1911 1620 1956 Νῦσα,
1643 1912 1773 1956 Νύσσα,
1798 1912 1984 1955 Νυσσαῖος,
2005 1910 2163 1956 Νισαῖος,
2181 1916 2257 1951 et'

1273 2011 1375 2049 hardy
1393 2011 1433 2042 ad
1452 2011 1553 2042 Dion.
1584 2011 1657 2042 Per.
1679 2007 1758 2042 601.
1796 2010 1946 2042 Ellendt.
1977 2009 2018 2041 ad
2045 2009 2177 2041 Arrian.
2202 2017 2223 2040 e

1274 2058 1328 2088 Al.
1358 2055 1390 2096 5,
1415 2054 1445 2097 1,
1469 2055 1500 2088 1.
1546 2057 1731 2099 Ap.-Eust.
1753 2066 1786 2098 p.
1808 2054 1888 2092 629.
1909 2054 1966 2088 45.
1994 2056 2060 2088 ΕΜ
2075 2065 2108 2097 p.
2130 2051 2272 2100 389‚÷„

1274 2105 1465 2145 duplicatur
1482 2114 1518 2141 σς
1542 2105 1666 2136 rectius
1684 2114 1752 2136 uno
1781 2101 1880 2139 Νύσα
1905 2103 2019 2136 scribit
2036 2103 2206 2143 Hesych.‚

1274 2152 1483 2192 Stephanum
1502 2153 1536 2182 in
1555 2152 1791 2192 compendium
1810 2152 1949 2191 redegit.
1963 2151 2021 2182 sed
2030 2150 2115 2182 falso
2124 2156 2223 2182 accen
2236 2149 2242 2184 ’,
2261 2154 2271 2194 γ’

1275 2210 1296 2232 α
1313 2199 1405 2230 enim
1430 2199 1623 2239 corripitur,
1653 2200 1734 2230 item
1761 2199 1880 2231 Suidas
1906 2193 2060 2243 Νυσήιος
2085 2201 2119 2229 et
2144 2191 2236 2231 N‘'
2266 2191 2271 2195 ’

1275 2245 1331 2277 Sic
1348 2246 1439 2277 enim
1456 2247 1575 2286 optimi
1594 2250 1627 2277 et
1645 2246 1868 2277 vetustissimi
1884 2244 1961 2277 libri
1978 2253 2055 2276 cum
2063 2243 2200 2276 Homeri
2221 2242 2258 2289 ’ζμ

1275 2294 1485 2333 tragicorum.
1515 2293 1618 2333 Apud
1635 2293 1738 2324 schol.
1760 2293 1799 2325 ll.
1828 2289 1931 2331 §133
1957 2295 2099 2333 utraque
2126 2291 2229 2332 scrip

1274 2343 1411 2381 prostat.
1463 2340 1664 2371 Probabilior
1693 2340 1799 2378 igitur
1830 2335 1946 2378 Νῦσα,
1984 2339 2072 2380 quod
2104 2339 2218 2380 ipsum

1275 2383 1367 2421 Πῖσα
1391 2387 1550 2418 daturum
1576 2387 1683 2418 fuisse
1717 2387 1899 2418 Arcadium
1925 2387 2076 2427 suspicor
2101 2394 2143 2417 ex
2165 2392 2222 2429 ce¹¹
2251 2426 2254 2428 v

1275 2435 1442 2475 exemplis
1460 2435 1698 2473 bisyllaborum
1713 2435 1748 2465 in
1767 2443 1810 2467 σα
1827 2434 2040 2474 exeuntium,
2058 2441 2143 2474 quae
2159 2441 2216 2473 gra
2228 2435 2237 2474 ,fl

1276 2482 1374 2521 dicit3
1396 2482 1507 2512 onmia
1525 2481 1616 2512 enim
1635 2484 1693 2512 aut
1718 2481 1964 2522 diphthongum
1989 2483 2048 2511 aut
2072 2481 2203 2519 longam
2224 2502 2230 2509 .

1276 2530 1380 2561 calem
1397 2529 1431 2559 in
1451 2529 1641 2570 penultima
1664 2528 1808 2568 habent,
1845 2524 1943 2567 αἶσα,
1975 2528 2088 2571 μοῦσα
2101 2552 2109 2566 ,

1276 2573 1398 2615 πειθώ,
1411 2573 1560 2621 γλῶσσα.
1592 2576 1689 2607 Nunc
1706 2575 1841 2616 quidem
1859 2575 1978 2607 vitiose
1995 2574 2152 2606 scribitur
2167 2569 2242 2619 πίχ
2262 2564 2267 2600 '0

1274 2620 1390 2656 νύσσα.
2008 2619 2058 2664 (11
2074 2630 2109 2662 p.
2133 2616 2227 2667 186,ι

1346 2676 1552 2718 Νῦσαῖος
1589 2680 1746 2721 Nysaeus.
1792 2676 1954 2713 Νυσαίων
1979 2676 2088 2724 ὀρέων
2113 2680 2263 2716 κισ·

1276 2724 1380 2774 ὄχθαι
1399 2729 1479 2759 Ant.
1507 2724 1594 2759 1130
1613 2728 1665 2761 ch.
1706 2727 1942 2758 Euboeensem
1953 2726 2075 2766 Nysam
2091 2726 2157 2758 dici
2174 2721 2197 2769 [
2217 2756 2219 2759 ,
2256 2751 2261 2765 ,

1274 2771 1388 2818 liasta]
1404 2775 1501 2815 vidit,
1522 2785 1553 2807 V.
1574 2771 1675 2808 Νῦσα
1698 2772 1756 2819 [cf.
1777 2774 1878 2805 schol.
1904 2773 2022 2814 Eurip.
2043 2770 2204 2806 Phoens-
2245 2771 2263 2801 ,’

1276 2818 1437 2856 Νυσαίων
1455 2822 1531 2853 libri
1549 2822 1702 2863 plerique
1720 2831 1748 2853 c.
1779 2822 1856 2861 LA,
1879 2821 1937 2852 alii
1954 2816 2119 2860 Νισαίων,
2139 2821 2197 2852 aut
2220 2832 2222 2834 ·

1276 2867 1384 2911 σέων,
1413 2865 1612 2916 Νυσσαίωνς
1642 2869 1787 2901 Brunck.
1818 2864 1968 2901 Νυσίων.

1346 2919 1504 2965 Νόσιος
1531 2927 1695 2968 Nysensis.
1731 2923 1844 2960 Νύσια
1863 2918 2011 2959 Κνώσσι’
2027 2918 2222 2971 ὀρχήματι*
2245 2935 2250 2966 ξ,

1275 2971 1343 3006 699
1361 2974 1412 3006 ch.
1459 2975 1510 3006 De
1528 2974 1580 3006 his
1598 2974 1832 3005 saltationibus
1850 2983 1881 3004 v.
1900 2974 1980 3004 Lob.
2010 2971 2253 3014 Bacchias-,m

1275 3022 1382 3053 multa
1398 3022 1625 3054 exsultatione
1643 3021 1708 3052 dici
1727 3024 1880 3061 apertum
1895 3025 1958 3053 est.
1989 3019 2160 3060 Explicuit
2176 3017 2199 3049 l
2213 3054 2227 3066 r
2239 3046 2254 3056 „

1275 3070 1426 3109 uberius,
1447 3078 1546 3109 quam
1565 3069 1599 3099 in
1625 3067 1760 3099 scholiis
1778 3069 1827 3106 nt,
1850 3067 1943 3098 Suid.
1959 3077 1989 3098 v.
2004 3062 2125 3100 Νύσια.
2154 3061 2238 3109 [U

1275 3125 1294 3148 σ
1319 3119 1435 3147 tuetur
1464 3112 1552 3158 LA.]
1610 3115 1700 3146 Ante
1726 3115 1871 3145 Brunck.
1908 3109 2042 3146 Νύσσια

1275 3164 1362 3204 qnod
1379 3163 1414 3193 in
1433 3163 1557 3203 aliquot
1574 3162 1667 3193 codd.
1689 3165 1810 3192 exstat.

1346 3217 1374 3254 N
1388 3212 1438 3266 ῧγ
1451 3231 1488 3253 ιο
1499 3231 1514 3257 ς
1531 3222 1713 3251 nocturnus
1727 3230 1738 3249 .·
1756 3216 1883 3266 νυγίων
1895 3215 2104 3263 φθεγμάτων
2120 3211 2223 3258 ἐπίῗ
2243 3243 2259 3259 ,,,

1275 3269 1356 3300 Ant.
1377 3260 1528 3299 1147011.
1566 3260 2102 3298 Bacchiearum‘eoeczmnntionum
2123 3263 2212 3294 cl‘.·-

1276 3316 1299 3346 l.
1320 3325 1349 3348 c.
1369 3318 1404 3346 et
1421 3315 1460 3345 ad
1478 3314 1589 3355 Apoll.
1613 3314 1674 3345 Rh.
1695 3314 1778 3351 Arg.
1799 3310 1833 3347 2.
1855 3309 1934 3343 910.
1971 3309 2105 3357 [νυχίου
2122 3307 2171 3342 ὃεί
2211 3298 2257 3355 {j

1276 3362 1330 3393 Ai.
1353 3358 1438 3393 1211
1460 3361 1547 3392 coni.
1569 3361 1677 3391 Wolff.
1698 3362 1740 3392 cf.
1764 3356 1950 3405 ἑννύγιος.]
2038 3360 2044 3365 ”
2228 3382 2242 3399 v

1274 3410 1332 3440 bet
1349 3408 1510 3450 flyuratae
1528 3407 1684 3438 dictionis
1700 3407 1820 3453 νυχιᾶν
1840 3399 1908 3439 ἆπὸ
1924 3403 2024 3452 ῥιπᾱν
2042 3403 2097 3436 OC
2118 3398 2169 3434 12
2187 3400 2251 3445 ἷ’·,’,··
