2288 3600
30 96 115 174 ³11.
131 126 348 176 τεο-783]
379 160 382 162 ,

16 279 118 323 4977.
147 282 325 325 Gompmt
348 283 420 316 Ers.
450 282 640 329 πόμπιμος,
669 285 757 326 quod
779 285 858 326 plus
875 285 979 318 semel
995 283 1052 319 τὸν

8 327 1053 420 ἷῖἷμῗθθέτῖεεῗξίἓῖἶωιο066ηόλέἷέἔίΞεινῗξίιιΐιῗυζτὶἶήμίίἓ

26 415 28 419 ζ
88 402 96 410 Q
397 403 404 418 ⁷
951 404 959 415 1

4 423 106 462 ''z-:non
124 425 267 457 multum
289 425 384 457 abest
399 436 419 457 a
433 425 603 466 mortifero
630 426 859 467 significando,
885 427 972 468 quod
990 436 1052 459 ex-

7 474 108 508 :stat
125 471 180 504 Tr.
202 467 290 504 758:
319 470 357 506 τὸ
375 470 433 505 σὸν
451 470 608 518 δώρημα,
629 469 820 517 θανάσιμον
838 470 980 506 πέπλον.
1011 474 1054 506 Et

17 505 82 552 f'de
99 518 180 551 Laio
197 529 216 550 a
232 520 485 560 percussoribus
502 521 608 552 occiso
625 518 776 566 ἄφαντος
795 519 886 566 ἔρρει
910 517 1054 554 θανασί-

6 563 95 612 ἧῗμῳ
119 565 328 612 χειρώματι,
367 566 424 599 OR
441 563 521 599 560.
551 568 770 607 Vocabulum,
792 568 855 600 etsi
881 569 981 609 paulo
999 578 1051 600 ra-

2 613 14 648 fi.
38 613 120 654 rius,
141 616 253 644 tamen
280 622 323 645 ne
339 624 358 645 a
374 623 469 654 prosa
493 614 629 655 quidem
655 615 803 648 oratione
827 616 976 647 alienum
993 616 1052 647 ob-

12 660 212 692 'VsQrvavere
238 669 304 692 sec.
334 660 478 692 Antiatt.
508 661 613 693 Bekk.
651 672 684 703 p.
706 659 769 702 99,
797 659 823 697 9,
853 663 985 695 Bastius
1012 663 1053 694 ad

0 665 139 785 ἓθτθς.
180 717 213 748 p.
244 703 321 739 156.
377 707 570 740 Schneider.
608 709 647 741 ad
686 709 769 741 Plat.
815 709 887 742 civ.
923 706 992 742 408
1012 710 1048 742 C.

13 752 232 791 'Stallbaum
260 754 300 786 ad
318 754 440 796 Rpubl.
461 765 495 796 p.
517 752 585 788 610
604 755 640 788 C.
669 754 725 801 [In
751 757 867 788 otiosis
892 757 1052 798 epithetis

0 785 24 843 ξῖ
39 801 284 833 numerandum
298 811 396 842 saepe
411 811 484 834 esse
498 803 630 835 monuit
647 803 727 836 Lob.
744 803 838 836 Path.
853 800 888 843 2,
905 800 973 836 359
984 801 1053 848 sq.]

0 835 155 895 &Neque
174 844 377 894 θανατηρός,
398 849 487 890 quod
501 859 552 890 ap.
576 850 841 882 Antiatticistam
860 852 1052 891 corrigendo

0 888 23 938 {⁴¹
38 895 216 929 substituit
233 895 322 927 Pors.
343 896 383 927 ad
402 896 489 928 Med.
511 894 591 937 852,
614 907 724 939 neque
752 895 944 943 θανατηγός
962 899 1053 930 Atti-

0 941 88 978 *goia
103 942 208 974 tribui
225 945 355 983 potest3
379 954 410 974 v.
433 944 514 976 Lob.
534 944 574 975 ad
592 944 715 984 Phryn.
746 955 779 986 p.
801 942 865 976 651
896 943 946 990 [et
962 946 1047 978 Prol.

125 986 209 1067 sq.]5.
235 989 354 1021 Pollux
371 1000 447 1022 cum
466 987 652 1036 θανάσιμος
668 993 796 1033 probet,
819 990 1052 1038 θανατήσιμος

3 1034 171 1089 1ζέὴίίοίιιῐ
214 1061 222 1075 ‚
245 1033 322 1076 132,
343 1037 433 1068 unde
452 1037 568 1070 Photio
594 1039 827 1071 emendatione
854 1041 939 1072 facta
963 1045 1053 1072 certa

6 1080 18 1123 ’ζ
36 1081 146 1115 lucem
164 1083 281 1116 attulit
304 1084 399 1123 Lob.‚
428 1094 487 1124 ego
512 1095 587 1117 cum
606 1086 808 1118 Schneidero
827 1088 955 1127 sentio,
987 1097 1051 1119 non

3 1129 136 1173 miano
154 1130 375 1171 improbatum
393 1141 467 1163 esse
485 1143 503 1163 a
521 1133 721 1174 quibusdam
746 1131 934 1179 θανάσιμος
958 1133 1052 1176 (nam

6 1188 15 1222 J
40 1174 114 1210 'emn
133 1178 263 1208 letalem
281 1180 315 1209 et
331 1178 539 1218 nwrtiferum
564 1181 730 1220 significat
743 1205 750 1219 .
783 1181 864 1212 satis
882 1176 975 1214 certa.
989 1182 1052 1213 tide

4 1222 120 1267 gibet),
148 1224 203 1256 sed
223 1225 355 1265 quando
370 1227 469 1257 morta?
482 1229 704 1268 propinquum
728 1231 763 1259 et
785 1229 879 1268 quasi
907 1229 979 1268 fato
995 1228 1053 1260 de-

2 1268 220 1319 quinctium,
250 1272 342 1303 velut
367 1282 419 1313 ap.
443 1273 525 1305 Plat.
556 1275 618 1305 civ.
640 1271 672 1307 3.
693 1285 726 1316 p.
748 1272 817 1307 408
834 1286 867 1307 c:
898 1286 937 1307 ea
961 1277 1051 1307 enirn

4 1318 238 1359 'grigniflcatio
261 1323 433 1359 poetarum
451 1320 632 1353 dictionem
656 1322 791 1354 redolet.

3 1387 41 1425 ..μγ
111 1372 195 1410 Θαν
207 1375 430 1424 ατηφόρος
447 1379 608 1419 mortifer.
629 1378 738 1426 νηλέα
755 1378 792 1414 δὲ
831 1379 953 1415 ένεθλα
970 1381 1054 1428 πρὸς

2 1421 135 1503 Ῑέῆῖπέδιὲ)
154 1420 377 1471 θανατηφόρα
391 1426 502 1458 κεῖται
527 1424 693 1465 ἀνοίκτως
710 1428 769 1460 OR
788 1392 850 1462 181
871 1430 922 1461 ch.
946 1426 1054 1463 θανα-

13 1478 109 1518 ’,ζταφ
132 1481 174 1516 ρα
198 1471 258 1503 LA
274 1481 324 1512 pr.
356 1469 600 1519 θαναταφόρωι
623 1485 721 1514 corr..
749 1477 807 1508 sed
833 1476 893 1508 hoc
919 1477 1053 1508 nonnisi

14 1507 84 1561 de
99 1518 283 1550 inferorum
308 1519 387 1550 locis
413 1520 557 1561 intelligi
576 1522 712 1562 licebat,
747 1533 888 1564 quocum
915 1525 1054 1555 minime

6 1559 198 1597 ‘Af-nvenit
213 1562 351 1599 κεῖσθαι
368 1565 461 1612 πρός.
491 1569 658 1601 Indicium
676 1571 823 1603 faciente
846 1574 952 1603 metro
969 1575 1055 1603 stro-

3 1611 140 1661 yphico
162 1612 244 1644 illud
263 1613 380 1645 Elmsl.
409 1617 557 1655 reposuit
583 1626 626 1648 ex
645 1617 761 1649 Laurr.
783 1619 903 1650 tribus.
936 1618 1054 1650 Morti—

1 1657 116 1699 „fera
139 1663 220 1691 sunt
242 1669 301 1700 per
317 1663 558 1701 eontayionem.
596 1663 648 1695 De
669 1668 734 1696 tota
760 1666 887 1697 ratione
907 1666 1053 1697 vocabuli

2 1704 207 1747 {explicuit
223 1707 303 1739 Lob.
326 1717 454 1749 parerg.
477 1710 518 1741 ad
536 1710 658 1750 Phryn.
681 1713 715 1743 in
734 1722 782 1753 pr.
805 1722 838 1754 p.
861 1710 940 1744 651.

7 1764 37 1825 ff
111 1773 353 1815 Θανατόεις
380 1780 542 1820 mortifer.
581 1778 621 1814 ίὼ
655 1786 787 1827 φρενῶν
820 1781 1054 1828 ἁμαρτήματα

9 1819 62 1858 ³4--
83 1821 161 1869 ερεά
179 1820 386 1858 θανατόεντα
402 1827 483 1858 Ant.
504 1824 589 1859 1261
602 1838 645 1859 m.
667 1829 775 1861 Schol.
795 1827 943 1863 θανάτου
962 1827 1049 1869 ἄξια,

83 1865 233 1904 θανάτου
251 1869 356 1905 α’ίτια.
385 1873 455 1906 Hoc
473 1875 571 1906 unice
590 1885 718 1907 verum.
742 1894 782 1899 —
803 1877 905 1908 Plane
931 1882 969 1908 ut
989 1875 1053 1911 θα-

71 1975 102 2002 ς
119 1962 294 2003 θανατόεις
311 1967 334 1997 i.
356 1976 384 1998 e.
407 1977 494 1999 mors
520 1969 602 2010 ipsa.

86 2078 116 2102 ει
140 2070 198 2103 OR
214 2067 294 2102 942.
324 2072 526 2118 στεναγμός,
549 2072 633 2120 ἄτη,
664 2073 810 2114 θάνατος
833 2074 933 2108 1284.
962 2071 1054 2122 μοῖρ’

84 2115 245 2160 υμέναιος
263 2143 270 2150 .
296 2144 303 2151 .
322 2117 553 2165 άναπέφηνε,·
578 2119 726 2160 θάνατος
753 2121 787 2160 ές
811 2121 971 2157 τελευτάν
998 2123 1052 2156 OC

65 2159 134 2196 224
150 2164 202 2196 ch.
222 2163 266 2198 τοὶ
290 2165 388 2199 τοῦδε
412 2163 624 2213 μαντεύμαθ’
650 2167 686 2202 ὃς
712 2169 804 2216 σφῶν
838 2168 985 2204 θάνατον
1019 2167 1053 2208 ἐξ

95 2213 173 2256 φοῖν
199 2209 298 2256 θροεῖ
323 2210 423 2246 1425.
461 2212 578 2260 ἔχετον
611 2219 730 2250 κοινοῦ
763 2203 913 2251 θανάτου
948 2216 1052 2262 μέρος

9 2262 64 2305 ξς
93 2267 147 2303 φω
173 2259 253 2290 Ant.
279 2257 343 2291 147
361 2271 414 2292 an.
436 2258 586 2296 θανάτου
612 2258 702 2296 τοῦτ’
727 2262 901 2311 ἐγγυτάτω
927 2261 1054 2298 τοῦπος

10 2301 56 2354 Ji·
72 2305 184 2338 ῖκται
200 2302 268 2338 933
286 2316 339 2338 an.
363 2306 515 2353 ἐμήσατο
533 2309 617 2355 πρὸς
636 2308 775 2358 θανάτῳ
795 2309 941 2346 θάνατον
968 2309 1052 2345 ἀνύ-

9 2352 38 2396 Jsss„
52 2369 54 2372 v
70 2359 129 2384 σοι
147 2350 254 2396 μόνα;
285 2354 339 2385 Tr.
360 2352 428 2387 885
443 2365 486 2387 m.
511 2351 557 2389 ὅτ’
575 2354 670 2402 αύτῷ
689 2355 835 2392 θάνατον
853 2356 876 2403 ἢ
898 2356 971 2402 βίον
990 2357 1051 2405 φέ-

81 2407 92 2431 ι
114 2395 262 2445 (ἡμέρα)
286 2401 339 2433 Ai.
361 2398 441 2434 802.
478 2402 552 2437 *ὧν
580 2403 670 2450 ἠράσ
751 2408 868 2452 τυχεῖν
895 2399 1054 2451 ἐκτήσατ’

72 2456 78 2467 ·
105 2445 147 2498 ᾗ),
183 2443 330 2481 θάνατον
356 2445 437 2481 ὄνπε
476 2447 600 2494 ἤθελεν
619 2448 687 2484 968
720 2451 947 2498 secl.l)ind.].
978 2447 1054 2487 ἀλλ’

67 2487 104 2525 θ
136 2491 154 2526 ὁ
180 2489 327 2532 θάνατος
350 2492 429 2529 λοῖσ
455 2508 492 2534 ος
518 2496 632 2542 ἰατρὸς
657 2497 758 2533 νόσου
784 2500 871 2531 Phil.
894 2501 980 2533 Troi.
1008 2501 1048 2531 fr.

88 2534 120 2571 6.
155 2539 280 2573 Plurali
306 2551 443 2576 numero
467 2546 614 2577 maxime
639 2546 680 2577 de
704 2550 807 2578 morte
822 2548 964 2579 violenta
987 2547 1054 2579 dici

71 2591 192 2618 ›servat
216 2587 355 2620 Seidler.
383 2591 423 2622 ad
448 2591 530 2623 Eur.
558 2593 609 2623 El.
631 2589 711 2625 479.
748 2594 793 2625 Et
809 2595 857 2626 sic
873 2604 926 2636 ap.
949 2595 1048 2635 Soph-

83 2629 276 2677 βδακίδαις
294 2633 476 2683 ἐπίκουρος
500 2635 640 2683 ἀδήλων
659 2636 816 2674 θανάτων
835 2641 893 2673 OR
910 2637 978 2674 496
997 2641 1048 2672 ch.

3 2676 42 2739 ἓ,
58 2696 78 2727 '’.
105 2689 121 2717 ς
146 2677 227 2725 ἐμὸς
252 2679 304 2714 ἰ’δε
329 2684 443 2730 πατὴρ
467 2682 637 2723 θανάτους
664 2686 775 2725 αἰκεῖς
793 2688 846 2719 Ε1.
867 2685 997 2721 206111.
1019 2692 1054 2720 et

19 2770 24 2774 ζ
79 2746 99 2770 .·
146 2728 283 2768 quidem
308 2730 348 2762 de
378 2741 445 2763 uno
468 2732 628 2772 facinore.
673 2735 725 2766 De
749 2735 899 2776 plurium
925 2739 1050 2767 morte:

12 2769 89 2819 ἢ*
107 2770 212 2812 άλους
245 2774 308 2818 μὲν
335 2775 455 2812 ἰδοῦσα
478 2777 575 2817 νέους
605 2777 774 2818 θανάτους
809 2782 864 2814 Tr.
890 2779 978 2814 1276
995 2791 1048 2813 an.

37 2821 53 2872 f.
88 2817 197 2854 νάτων
222 2819 249 2854 δ’
281 2821 349 2868 ἐμᾷ
372 2825 473 2872 χώρᾳ
499 2824 628 2872 πύργος
659 2826 783 2862 ἀνέστα
814 2829 872 2861 OR
892 2826 980 2861 1200
998 2829 1048 2860 ch.

38 2870 170 2914 mutor
194 2874 306 2901 contra
331 2871 491 2913 Sphingis
514 2874 643 2906 caedes.
679 2875 782 2907 Aliud
801 2877 917 2915 agebat
934 2876 975 2908 de
993 2876 1053 2907 hoc

131 2914 281 2948 dicturus
306 2917 460 2951 Bornem.
488 2917 529 2952 ad
552 2921 642 2952 Xen.
671 2922 767 2963 Apol.
797 2922 884 2955 Socr.
913 2932 947 2963 p.
969 2919 1048 2962 352,

34 2973 109 3002 ΜΝ
142 2961 183 2994 de
201 2964 300 2995 variis
325 2965 372 2997 ibi
397 2969 512 2999 mortis
529 2969 709 3006 generibus
734 2978 841 3001 sermo
859 2970 920 3010 sit,
952 2971 998 3001 ita
1016 2974 1053 3001 ut

71 3044 89 3051 ⁷
109 3005 199 3042 άτων
223 3010 353 3043 dicatur
384 3015 554 3054 partitive.
599 3015 664 3047 Sed
689 3017 765 3048 vide
789 3017 889 3048 etiam
914 3018 1049 3050 Dissen.

20 3055 86 3103 34*
97 3053 133 3086 ·1.
145 3054 242 3088 Pind.
259 3067 293 3098 p.
307 3054 387 3091 421.
400 3077 441 3083 —
461 3060 476 3102 ΙΙ
495 3062 671 3101 Fiyurutue
689 3062 842 3094 dictionis
859 3063 940 3095 haec
957 3066 1050 3095 suut.

26 3107 88 3151 0³2?
104 3111 189 3140 aros
207 3102 270 3146 μὲν
286 3103 359 3138 τάδ’
375 3104 511 3140 ἀκούειν
530 3108 584 3140 00
596 3106 717 3141 529111.
735 3119 803 3141 non
814 3111 925 3141 minus
939 3109 1054 3141 acerba

81 3164 98 3191 .'
155 3159 252 3181 mor-⁹.
281 3148 421 3198 θανάτῳ
438 3151 502 3199 γὰρ
520 3152 594 3188 ἴσον
612 3153 724 3193 πάθος
743 3154 900 3189 ἑκπεύσει
918 3158 971 3188 Ai.
984 3154 1054 3188 214

40 3231 42 3233 ,
111 3211 152 3218 —
169 3197 186 3234 ΙΙ
201 3195 310 3229 Deum
329 3199 443 3231 Mortis
461 3202 638 3242 siguificat.
668 3204 883 3235 Indubitatus
901 3203 954 3235 hic
972 3213 1053 3235 usus

18 3246 23 3274 '¹-
68 3242 158 3294 ζμοὶε
173 3247 254 3280 locis
271 3253 343 3280 est:
374 3247 410 3282 ὃν
426 3247 543 3283 τέκετο
563 3246 728 3290 Θάνατος,
750 3249 871 3296 ἔτρεφε
891 3245 918 3283 δ’
936 3249 1053 3287 αἰόλος

83 3319 86 3325 .
138 3304 177 3326 ιιν
195 3294 251 3327 Tr.
272 3292 341 3328 834
358 3296 409 3328 ch.
431 3293 528 3339 (ἰός).
550 3297 663 3337 Longe
675 3298 802 3338 potiore
821 3298 892 3329 iure
911 3298 964 3330 hic
981 3308 1052 3329 ma-

13 2849 16 2856 »

16 2887 39 2922 „m

12 2809 44 2895 W
11 2729 30 2770 «1112.

34 2731 47 2768 ζ’-κ

60 2758 68 2768 κ
65 2736 67 2742 .

15 2917 46 3078 ”ww

19 3129 25 3141 ,

18 3231 23 3244 ”
19 3120 47 3216 &23³9

771 110 1097 187 Θανατηφόρος
1114 149 1180 171 -,
1197 117 1370 187 Θάρσος

19 232 249 283 ’θανασίμους
267 233 452 282 οἰκήτορας
470 237 523 269 Ai.
538 234 607 270 517
623 238 757 275 dicitur.
771 239 815 271 cf.
825 238 908 270 Eur.
920 237 1048 270 Hecub.
1090 233 1169 279 797,
1198 247 1264 280 quo
1288 238 1425 280 quidem
1449 238 1518 270 loco
1544 238 1659 271 Herm.

2003 118 2103 168 313

1676 234 1739 318 ‘fet
1764 235 1888 282 Dind.]
1914 238 2104 270 minuscula

1090 294 1189 317 usus:
1219 286 1278 318 sed
1294 286 1466 326 geminum
1484 288 1537 318 est
1554 286 1608 318 Αἱ.
1628 281 1674 318 85
1702 310 1709 317 .
1738 284 1767 318 ὦ
1784 281 1926 326 Θάνατε,
1956 281 2099 325 Θάνατε,

1088 334 1147 365 νῦν
1165 326 1200 378 μ’
1218 331 1400 379 ἐπίσκεψαι
1420 330 1548 378 μολών,
1578 333 1614 365 in
1632 342 1698 374 quo
1714 335 1859 374 uterque
1876 333 1974 365 aliter
1991 333 2083 364 fecit.

1159 387 1354 430 Θαπτέος
1376 391 1589 434 sepeliendm.
1617 387 1706 425 τόνδ’
1732 389 1822 426 ἐστὶν
1848 389 1928 438 οὐχὶ
1953 388 2103 425 θαπτέον

1090 439 1143 471 Ai.
1169 435 1269 471 1140.
1898 439 1930 483 (1
1947 448 1981 480 p.
2002 435 2104 481 782.)

1159 494 1318 532 Θάπτω
1343 499 1472 538 sepelio.
1500 496 1523 543 ἠ
1549 497 1614 544 γὰρ
1631 499 1721 535 νοεῖς
1746 495 1889 532 θάπτειν
1915 490 1970 542 σφ’
1995 494 2103 542 ἀπόρ-

1089 554 1192 589 ρητον
1211 542 1328 586 πόλει;
1359 546 1440 577 Ant.
1462 543 1519 578 44.
1541 543 1612 580 οὐδ’
1635 544 1682 582 ὣς
1709 543 1777 591 ἐγὼ
1795 541 1936 578 θάπτειν
1956 542 2103 589 παρήσω

1087 594 1203 625 κεῖνον
1224 589 1324 624 1043.
1345 590 1404 625 καί
1421 602 1474 625 σοι
1492 596 1667 639 προφωνῶ
1683 590 1781 625 τόνδε
1807 591 1857 637 μὴ
1875 589 2017 626 θάπτειν
2043 591 2098 622 Ai.

1092 636 1193 671 1089.
1214 637 1244 672 εἰ
1266 637 1346 677 τοὺς
1367 637 1532 678 θανόντας
1557 639 1621 674 οὐκ
1646 637 1706 684 ἐᾷς
1725 637 1865 672 θάπτειν
1888 635 1990 671 1131.
2009 635 2103 671 ἄνω-

1089 697 1150 730 γας
1175 684 1235 720 οὖν
1260 697 1303 730 με
1326 686 1384 720 τὸν
1405 686 1525 733 νεκρὸν
1553 686 1694 722 θάπτειν
1724 685 1801 727 ἐᾶν,
1835 683 1924 718 1364
1939 704 1987 709 ——
2009 678 2104 729 τήνδ’

1089 731 1228 778 εἵλομεν
1246 731 1443 768 θάπτουσαν
1462 736 1543 767 Ant.
1556 733 1636 768 385.
1656 727 1830 779 ταύτην-γ’
1849 731 1928 766 ἰδὼν
1947 729 2102 766 θάπτου-

1090 791 1150 813 σαν
1168 778 1247 813 404.
1273 799 1313 805 -
1333 778 1420 827 αὕτη
1437 781 1493 816 τὸν
1510 777 1603 827 ἄνδρ’
1621 779 1749 816 ἔθαπτε
1767 782 1848 813 Ant.
1863 777 1944 812 402.
1967 796 2008 803 -
2027 781 2105 812 κεῖ-

1088 839 1146 861 νον
1166 822 1194 860 δ’
1212 826 1280 873 ἐγὼ
1305 826 1409 873 θάψω
1426 830 1507 861 Ant.
1530 827 1585 862 72.
1614 829 1671 863 τὸν
1695 827 1813 874 νεκρὸν
1831 826 1916 870 πρὸς
1942 825 2017 871 βίαν
2037 823 2104 859 θά-

1090 873 1164 920 ψειν
1190 873 1277 919 ἐμοῦ
1310 876 1362 907 Ai.
1396 873 1495 908 1327.
1533 876 1590 910 τὸν
1616 873 1736 918 νεκρόν
1770 886 1820 912 τις
1846 872 1972 920 ἀρτίως
1990 871 2105 919 θάψας

1090 921 1129 967 βέ
1153 933 1218 968 ηκε
1251 924 1333 955 Ant.
1354 921 1434 955 246.
1456 941 1497 947 —
1523 922 1567 956 τὰ
1600 917 1628 956 δ’
1661 921 1751 957 ἄλλα
1774 921 1882 969 τεύχη
1915 915 2000 954 κοίν’
2026 918 2105 964 ἐμοὶ

1089 980 1124 1002 τε
1153 968 1275 1015 άψεται
1293 971 1347 1002 Αἰ.
1368 968 1448 1003 577.
1471 969 1510 1004 σὺ
1529 965 1556 1003 δ’
1574 969 1777 1005 ἀντακούσει
1793 972 1914 1004 τοῦτον
1933 967 1979 1005 ὡς
1996 965 2102 1002 τεθά-

1089 1016 1189 1063 ψεται
1218 1014 1317 1049 1141.
1365 1018 1513 1059 Utroque
1538 1019 1608 1050 loco
1632 1028 1748 1050 verum
1773 1018 1873 1059 paulo
1897 1019 1972 1057 post
1998 1015 2104 1047 futuri

1089 1066 1314 1105 significatum
1340 1067 1435 1106 argui
1459 1066 1609 1098 arbitror.
1647 1065 1734 1097 Illud
1759 1074 1824 1096 non
1851 1068 1903 1096 est
1927 1073 1996 1094 αηα
2013 1071 2103 1103 sepe-

1089 1113 1228 1150 lientur,
1259 1113 1315 1143 sed
1343 1112 1507 1144 addentur
1531 1113 1610 1144 mihi
1635 1113 1782 1153 sepulto.-
1809 1111 1869 1144 hoc
1894 1110 2033 1150 sepulcri
2050 1119 2105 1140 ez-

1087 1169 1160 1200 pers
1185 1169 1253 1191 non
1277 1161 1345 1191 erit.
1378 1178 1418 1183 —
1446 1159 1549 1191 Paulo
1575 1161 1679 1199 magis
1705 1159 1827 1197 ambigi
1858 1159 1936 1190 licet
1962 1157 2002 1188 de
2035 1157 2104 1188 loco

1091 1207 1170 1238 Ant.
1185 1204 1240 1238 40.
1265 1207 1403 1246 Legitur
1419 1207 1466 1238 ibi
1483 1208 1518 1238 in
1533 1204 1677 1239 libris-ri
1692 1199 1810 1239 λύουσ’
1826 1203 1866 1239 ἂν
1883 1202 1906 1250 ἢ
1925 1201 2104 1238 θάπτουσα

1091 1250 1303 1299 προσθείμην
1330 1251 1451 1293 πλέον,
1482 1264 1583 1286 sensu
1613 1255 1722 1286 nullo:
1759 1254 1892 1285 additur
1910 1253 1945 1283 in
1966 1252 2024 1283 LA
2047 1261 2099 1295 γρ.

1089 1300 1147 1334 καὶ
1163 1297 1186 1344 ἢ
1205 1295 1408 1345 ’φάπτουσα,
1431 1301 1461 1333 id
1481 1302 1568 1342 quod
1582 1303 1707 1342 recepit
1728 1301 1914 1332 Brunokius
1931 1299 2104 1339 explicans

1090 1349 1218 1379 violans
1236 1349 1339 1388 leyem
1356 1358 1401 1379 an
1417 1348 1618 1387 custodiam,
1647 1348 1734 1390 quod
1753 1348 1887 1388 quidem
1905 1347 1940 1378 in
1960 1343 2104 1391 ἐφάπτω

1090 1397 1203 1427 inesse
1220 1405 1286 1426 non
1306 1399 1428 1436 potest.
1460 1396 1575 1428 Herm.
1595 1405 1684 1427 nunc
1702 1405 1744 1426 ex
1758 1394 1893 1427 Heraldi
1913 1394 2105 1425 coniectura

1088 1441 1104 1483 s
1107 1444 1135 1474 is
1151 1440 1318 1486 λούουσα)
1332 1436 1446 1475 'idone'
1471 1440 1510 1476 ἂν
1528 1440 1551 1487 ἢ
1571 1439 1760 1482 θάπτουσα,
1789 1442 1878 1483 quod
1897 1450 1973 1472 cum
1991 1440 2105 1471 minus

1090 1499 1273 1529 congruum
1292 1489 1465 1529 videatur,
1495 1500 1568 1521 cum
1594 1490 1781 1531 sepeliendi
1807 1489 1983 1521 consilium
2002 1486 2103 1519 Anti-

1089 1547 1174 1576 gone
1200 1537 1333 1568 demum
1360 1548 1389 1567 v.
1413 1534 1457 1569 43
1483 1539 1634 1568 Ismenae
1653 1537 1877 1581 aperiam-sic
1902 1535 2104 1566 existiman-

1089 1585 1169 1616 dum
1187 1587 1250 1624 est,
1280 1584 1365 1615 hanc
1391 1584 1455 1615 iam
1481 1585 1642 1625 suspicari
1668 1594 1736 1616 rem
1763 1587 1798 1616 et
1822 1582 2018 1625 praeludere
2037 1581 2101 1619 his,

1091 1641 1176 1672 quae
1194 1635 1319 1663 terrore
1338 1632 1437 1672 plena
1456 1642 1486 1662 v.
1508 1628 1553 1663 44
1579 1635 1692 1672 aperte
1710 1632 1867 1671 proferat.
1903 1630 1955 1661 De
1972 1629 2106 1669 propria

1092 1679 1185 1710 verbi
1204 1675 1344 1712 θάπτειν
1367 1679 1611 1718 significatione
1636 1679 1731 1710 docte
1757 1678 1826 1718 egit
1842 1675 2036 1709 Hemsterh.
2064 1675 2104 1707 ad

1092 1726 1179 1757 Xen.
1210 1726 1297 1767 Eph.
1327 1735 1360 1766 p.
1381 1722 1450 1757 202
1480 1726 1601 1757 Locell.
1647 1725 1711 1758 Sed
1737 1727 1838 1756 etiam
1864 1724 1905 1756 de
1931 1721 2106 1755 cremando

1091 1782 1224 1813 corpore
1242 1773 1377 1811 dicitur,
1405 1773 1493 1804 sicut
1511 1773 1732 1804 Romanorum
1751 1772 1895 1812 sepelire.
1923 1781 1955 1801 v.
1977 1770 2100 1801 Iacobs.

1090 1820 1129 1851 ad
1148 1820 1284 1852 Anthol.
1307 1820 1375 1851 Pal.
1397 1816 1429 1851 3.
1452 1830 1485 1861 p.
1506 1816 1587 1851 445.

1161 1875 1188 1912 Θ
1200 1890 1220 1911 α
1233 1889 1249 1923 ρ
1262 1876 1342 1911 σέω
1361 1877 1443 1909 bono
1461 1880 1572 1910 (mimo
1591 1889 1684 1910 sun».-
1706 1878 1849 1909 subinde
1869 1876 2008 1917 ronfido,
2030 1876 2101 1906 vel-

65 1935 71 1945 1
88 1927 189 1962 ·ῑμος,
213 1919 313 1950 etiam
339 1915 515 1958 θανατόεις
539 1922 661 1954 dicitur
679 1923 827 2012 EunslIA
849 1921 940 2003 12775Ρί
952 1935 958 1955 :
981 1922 1055 2015 1136}
1070 1934 1073 1969 Ι
1090 1929 1128 1956 ut
1147 1926 1227 1957 Ant.
1248 1921 1329 1958 668.
1357 1926 1478 1958 τοῦτον
1496 1922 1536 1958 ἂν
1561 1925 1617 1959 τὸν
1642 1923 1748 1971 ἄνδρα
1764 1922 1930 1970 θαρσοίην
1957 1921 2024 1968 ἐγὼ
2039 1933 2106 1955 κα·-

783 2012 786 2013 ⁷
820 1981 854 2011 p.
949 1996 956 2011 ‚
1001 1978 1033 2002 5.
1070 1973 1072 2023 ;

1071 1994 1072 2001 .
1090 1969 1159 2008 λῶς
1178 1971 1240 2017 μὲν
1257 1970 1386 2018 ἄρχειν,
1416 1969 1453 2005 εὖ
1471 1966 1499 2004 δ’
1523 1969 1563 2004 ἂν
1581 1970 1749 2018 ἄρχεσθαι
1775 1969 1899 2006 θέλειν.
1930 1970 1975 2002 Et
1993 1973 2107 2002 contra

113 2016 309 2061 Θᾶνᾶτος
343 2024 356 2066 Η
388 2036 486 2059 more,
522 2025 597 2060 ἐπεὶ
620 2038 670 2060 νιν
697 2026 845 2066 θάνατος
872 2027 906 2062 ἐν
931 2027 1053 2075 τάφοις
1091 2015 1240 2074 ᾼῖαντος
1273 2018 1312 2052 οὐ
1334 2015 1453 2063 θαρσῶ
1484 2018 1526 2052 πέ
1553 2030 1562 2051 ι
1588 2021 1641 2051 Αἰ.
1671 2017 1739 2052 793
1764 2020 1922 2051 sollicitus
1946 2027 2030 2048 sam.
2062 2034 2103 2040 —

1091 2064 1214 2112 οέρκου
1249 2063 1385 2111 θαρσῶν
1412 2066 1471 2097 Ph.
1498 2064 1511 2098 1
1542 2064 1562 2098 6
1580 2077 1633 2098 an.
1663 2062 1799 2112 θαρσῶν
1826 2063 1866 2100 ἂν
1892 2061 2104 2110 παρασταίην

1091 2111 1158 2158 ἐγώ
1184 2113 1238 2145 OC
1256 2111 1335 2145 491.
1365 2110 1387 2156 ἡ
1417 2110 1482 2146 κᾶν
1517 2112 1584 2159 ἐγὼ
1613 2110 1787 2159 θαρσοῦσα
1820 2110 1951 2157 μᾶλλον
1978 2109 2013 2148 ἐς
2045 2108 2104 2144 λό-

1089 2167 1169 2205 γους
1184 2159 1264 2198 τοὺς
1283 2159 1362 2194 σοὺς
1380 2159 1519 2206 ἱκοίμην
1538 2161 1589 2193 ΕΙ.
1612 2158 1691 2192 314.
1713 2158 1851 2206 θαρσῶν
1870 2158 1907 2192 δὲ
1925 2156 2028 2203 μίμνε
2046 2159 2100 2190 Ai.

1090 2205 1146 2241 68.
1178 2205 1315 2252 θαρσῶν
1333 2206 1479 2253 ὑβρίζεις
1502 2205 1590 2240 1258
1607 2208 1775 2239 audacter.
1805 2205 1944 2252 θαρσεῖν
1964 2203 2026 2250 μὲν
2045 2202 2104 2237 οὖν

1090 2254 1196 2301 ἔγωγε
1216 2254 1344 2288 ἐπαινῶ
1363 2255 1417 2287 OC
1436 2251 1514 2287 664.
1546 2252 1685 2299 θαρσεῖν
1710 2252 1809 2288 οὐδὲν
1835 2249 2108 2300 παραμυθοῦμαι

1090 2303 1170 2334 Ant.
1192 2298 1261 2334 935
1279 2312 1323 2333 m.
1347 2321 1387 2326 —
1408 2299 1526 2347 θάρσει
1543 2301 1580 2335 τὸ
1598 2300 1699 2335 τοῦδέ
1716 2300 1745 2348 γ’
1762 2299 1885 2346 ἀνδρός
1903 2299 1957 2332 OC
1977 2296 2046 2331 649
2064 2298 2103 2329 de

1088 2359 1138 2380 me
1154 2359 1286 2389 meoque
1301 2349 1465 2390 praesidio
1482 2349 1564 2381 bono
1581 2350 1625 2380 sie
1642 2350 1715 2380 licet
1731 2351 1854 2380 animo.
1885 2345 2005 2392 θάρσει
2018 2356 2106 2390 προ-

1088 2394 1183 2433 νοίας
1201 2393 1325 2429 οὕνεκα
1342 2397 1401 2428 Ph.
1423 2393 1492 2428 774
1510 2407 1540 2428 v,
1559 2397 1674 2428 Herm.
1703 2396 1797 2428 Nihil
1813 2399 1927 2427 autem
1946 2393 2106 2425 usitatius

1089 2444 1146 2475 illo
1159 2441 1461 2488 παρακελευστικῷ
1479 2440 1556 2488 θάρ
1567 2453 1585 2476 σ
1595 2454 1611 2475 ε
1622 2454 1648 2483 ι,
1667 2443 1708 2475 de
1722 2453 1787 2484 quo
1801 2442 1987 2474 observavit
1997 2441 2106 2472 Hein-

1090 2491 1172 2522 dorf.
1191 2491 1232 2522 ad
1248 2491 1333 2522 Plat.
1355 2491 1484 2530 Protag.
1507 2495 1530 2522 t.
1548 2487 1581 2522 4.
1602 2501 1635 2532 p.
1654 2487 1733 2522 467.
1765 2491 1905 2529 Legitur
1921 2489 1968 2520 bis
1986 2485 2106 2531 θάρσει

1091 2548 1158 2582 μοι,
1189 2535 1309 2581 θάρσει
1324 2535 1443 2570 τέκνον
1463 2538 1515 2569 Ε1.
1537 2535 1601 2569 173
1616 2538 1666 2568 ch.
1683 2549 1690 2577 3
1712 2538 1808 2568 semel
1827 2537 1879 2568 El.
1902 2532 1981 2567 322.
1999 2530 2100 2566 1435.

1087 2582 1152 2626 (θ.,
1181 2583 1373 2629 τελοῦμεν).
1411 2585 1471 2615 Ph.
1492 2582 1562 2616 810
1594 2582 1749 2629 (θάρσει,
1788 2585 1984 2628 μενοῦμεν).
2020 2577 2101 2613 894.

1092 2629 1192 2663 1267.
1230 2632 1288 2664 OR
1308 2628 1408 2663 1062.
1446 2631 1501 2663 OC
1519 2628 1587 2663 726
1618 2628 1765 2676 (θάρσει,
1795 2628 1959 2675 παρέσται
1976 2632 2015 2660 ut
2039 2627 2100 2659 Ph.

1088 2675 1182 2722 667).
1207 2676 1308 2711 1185.
1330 2680 1411 2710 Ant.
1425 2675 1506 2710 559.
1527 2679 1567 2709 fr.
1582 2679 1690 2710 Acris.
1704 2675 1760 2716 63,
1787 2675 1815 2709 1.
1838 2678 1912 2709 Ter.
1934 2673 2014 2708 513.
2035 2676 2102 2706 inc.

1089 2722 1169 2757 699.
1211 2725 1382 2766 Scriptura
1414 2721 1593 2771 θαρρεῖν
1627 2726 1759 2757 etiamsi
1789 2726 1824 2756 in
1855 2724 1949 2755 libris
1974 2724 2106 2762 legatur

1090 2773 1242 2813 pauculis
1268 2773 1467 2812 tragicorum
1500 2773 1599 2810 locis,
1634 2773 1670 2803 in
1696 2776 1789 2803 tanto
1815 2771 2104 2811 grammaticorum

1090 2829 1256 2851 consensu
1275 2820 1597 2860 adversantibusque
1624 2820 1775 2851 centenis
1802 2819 1941 2850 alterius
1959 2817 2106 2856 scriptu-

1090 2876 1144 2898 rae
1162 2867 1326 2906 exemplis
1344 2870 1377 2898 et
1396 2866 1544 2906 analogia
1562 2867 1635 2907 ipsa
1653 2865 1859 2906 repudianda
1876 2865 1972 2896 foret.
1994 2865 2033 2895 In
2047 2863 2105 2894 OR

1093 2910 1182 2945 1062
1194 2914 1272 2945 libri
1287 2911 1416 2958 θάρρει,
1430 2913 1518 2954 quod
1529 2916 1710 2945 correctum
1722 2912 1911 2944 aValcken.
1927 2912 1967 2942 ad
1976 2910 2100 2942 Phoen.

1090 2958 1155 3000 553
1185 2958 1323 3005 θαρρῶν
1341 2959 1396 2992 OG
1414 2957 1480 2991 491
1501 2970 1583 2992 corr.
1605 2960 1750 2992 Brunck.
1843 2957 1874 3001 (1
1893 2968 1925 2999 p.
1949 2954 2029 2996 783,
2050 2954 2106 2999 2.)

1161 3015 1247 3063 Θάρ
1259 3029 1304 3051 σο
1317 3030 1332 3055 ς
1349 3018 1452 3050 bonus
1470 3019 1614 3057 αηίτηιιε,
1634 3017 1768 3058 fiducia.
1799 3014 1903 3050 πλέον
1920 3015 1959 3050 τὸ
1978 3013 2104 3060 θάρσος

1089 3062 1163 3111 εἶχε
1197 3063 1342 3110 θατέρου
1378 3065 1436 3096 Ph.
1466 3062 1544 3096 597.
1583 3063 1710 3110 θάρσος
1739 3062 1815 3110 ’ίσγε
1843 3061 1924 3095 807.
1954 3061 2046 3110 ἔχεις
2073 3072 2106 3094 τι

1091 3105 1217 3157 θάρσος
1248 3109 1348 3145 τοῦδε
1382 3114 1442 3144 τοῦ
1474 3109 1620 3155 τάρβους
1647 3110 1724 3156 πέρι
1755 3105 1808 3144 Ei.
1836 3107 1905 3142 412
1929 3118 2106 3141 causamn

1089 3159 1228 3199 fiduciae
1255 3159 1370 3190 habes?
1403 3156 1474 3191 οὐδ’
1507 3156 1586 3202 ἐμοί
1608 3169 1660 3191 τοι
1684 3156 1939 3198 τούξανιστάναι
1970 3153 2105 3192 πόλεως

1090 3203 1155 3252 δίχ’
1181 3204 1251 3238 ἐστὶ
1275 3204 1404 3250 θάρσος
1430 3205 1485 3237 OC
1502 3203 1558 3237 48.
1597 3206 1696 3237 Nulla
1720 3207 1756 3236 in
1780 3206 1833 3237 his
1850 3205 2033 3244 scripturae
2050 3203 2103 3234 di-

1089 3247 1241 3284 versitas.
1279 3252 1346 3284 Sed
1370 3253 1405 3283 in
1422 3253 1474 3284 El.
1497 3250 1566 3284 478
1580 3253 1632 3284 ch.
1661 3254 1759 3284 metri
1784 3252 1907 3284 indicio
1923 3251 2103 3291 legendum

1090 3298 1226 3343 θράσος,
1248 3300 1336 3340 quod
1355 3296 1403 3342 [in
1423 3300 1481 3330 LA
1499 3310 1517 3330 a
1536 3309 1579 3331 m.
1601 3303 1671 3331 ant.
1693 3303 1859 3331 mutatum
1887 3303 1938 3330 est
1963 3301 1997 3330 in
2017 3295 2104 3344 θάρ-

126 3339 173 3373 la
188 3343 264 3381 quis
282 3343 404 3374 initiali
421 3346 584 3384 uteretur,
607 3353 705 3385 quam
723 3345 758 3376 in
786 3344 814 3378 ὦ
831 3341 962 3378 θάνατε
981 3341 1054 3378 Θά-
1090 3345 1162 3391 σος]
1181 3351 1216 3379 et
1233 3347 1412 3388 promiscui
1429 3356 1504 3378 cum
1521 3347 1624 3378 altero
1642 3356 1724 3378 usus
1742 3347 1927 3378 secundum
1946 3355 2105 3378 versuum

124 3389 135 3427 5
161 3391 234 3426 πῶς
259 3387 312 3424 ἀεὶ
328 3387 541 3434 καλούμενος
564 3389 603 3424 οὐ
623 3388 707 3438 δύνᾳ
724 3388 844 3437 μολεῖν
863 3401 966 3434 τεο-τες
988 3391 1050 3426 Ph.
1090 3394 1316 3429 faciendorum
1331 3393 1599 3428 commoditatem
1618 3402 1691 3426 esse
1710 3394 1806 3426 docet
1823 3393 1940 3426 Elmsl.
1958 3394 1997 3427 ad
2013 3393 2100 3425 Med.

19 3327 24 3351 l

19 3357 32 3384 l.

20 3394 27 3444 ’ἶ

21 3478 42 3535 ἴξι-
72 3505 107 3530 ,⁷²

22 3537 37 3587 ᾖ
127 3541 129 3543 ’
