2288 3600
75 206 166 259 [1ιρ.
178 210 394 259 249-251.]

75 320 200 353 buerit.
252 319 378 351 Eadem
396 328 448 351 res
466 322 518 351 est
543 319 578 351 in
602 319 741 352 articulo
768 319 898 351 adiecto
926 319 1084 351 substan-

0 369 13 380 ‘'
77 367 158 399 tivis
174 369 209 399 et
225 366 409 407 adiectivis,
430 369 469 398 ut
484 366 616 408 reliqua
632 366 714 407 sint,
733 375 820 408 quae
836 367 948 398 minua
962 369 1084 397 rectam

12 2873 21 2883 »-

0 1617 15 1708 {¹

0 1709 18 2068 ί

0 2270 11 2305 ἓ

0 2304 30 2483 ξ,

0 3093 24 3129 ,

77 414 279 457 positionem
295 416 452 454 tangunt.

147 471 177 493 a.
207 461 248 492 ln
263 460 327 502 fine
343 470 453 492 verme
470 469 540 492 raro
556 461 695 502 ponitur
719 461 881 492 articulus
894 485 902 501 ,
930 469 992 491 1100
1016 459 1084 491 nisi

77 509 134 548 ita,
156 510 196 540 ut
210 507 266 539 vel
289 510 453 549 sequente
470 507 524 539 vel
539 507 761 548 praecedente
785 507 1003 539 distinctione
1028 506 1082 538 ul-

75 554 158 588 tima
173 554 294 596 priorIs
310 563 426 586 versus
442 563 518 595 pars
543 557 577 586 et
601 554 786 595 insequens
811 563 914 586 sensu
942 557 977 586 et
997 554 1084 585 reci-

76 602 204 634 tatione
221 602 371 642 proxime
390 602 608 641 colligentur:
637 602 680 633 cf.
709 601 851 633 Boeckh.
879 603 948 633 not.
978 610 1023 632 cr.
1043 600 1083 632 ad

76 649 175 681 Pind.
206 658 240 690 p.
269 645 349 680 568.
378 649 493 680 Herm.
514 647 615 680 EDM
644 658 676 689 p.
702 644 778 680 119.
824 648 903 680 Tria
927 648 996 679 sola
1020 657 1082 679 ex-

75 696 187 736 empla
203 705 255 736 ap.
269 696 370 737 Soph.
383 699 551 737 prostant:
573 692 699 740 δεύτερ’
715 691 851 740 ἡγεῖται
865 692 909 727 τὰ
916 697 979 739 τῆς
993 691 1083 727 οἴκοι

78 741 145 776 διαί
192 753 220 782 ς,
242 739 271 775 εί
287 740 400 787 πατὴρ
417 741 549 788 τροφὴν
566 739 584 774 ἔ
610 753 642 775 οι
658 741 713 774 OC
732 739 810 774 351.
848 738 1079 787 Φιλοκτήτης,

75 787 114 824 ὃν
130 753 286 823 οῗδισσοὶ
304 787 484 835 στρατηγοὶ
503 752 642 836 ἔρριιξαν
660 789 720 822 Ρ11.
740 786 820 821 263.
855 790 966 822 πᾶσαν
989 786 1082 821 κόνιν

73 834 249 881 σήραντες,
277 833 301 881 ἢ
318 838 460 884 κατεῖχε
476 834 534 869 τὸν
549 835 661 877 νέκυν,
691 834 809 882 μυδῶν
833 846 871 868 τε
895 839 997 880 σῶμα
1019 846 1082 882 γυ-

73 883 268 929 μνώσαντες
284 880 322 917 εὖ
339 885 421 916 Ant.
437 880 518 916 409.
786 914 791 921 ,

144 931 178 964 b.
205 931 349 963 Nomina
372 940 451 963 cum
474 931 613 962 articulo
630 930 815 962 secundum
841 939 979 962 sensum
1005 938 1080 971 pro-

72 978 165 1010 xime
181 978 336 1018 colligata
359 988 379 1009 a
402 978 511 1019 poetis
528 978 627 1019 paulo
651 978 793 1010 liberius
819 977 1079 1018 transpositione

73 1025 287 1064 afflciuntur3
310 1028 350 1056 ut
367 1024 566 1065 hyperbaton
582 1025 723 1056 aliorum
741 1025 975 1056 vocabulorum
999 1033 1079 1055 sen-

73 1073 216 1105 tentiam
242 1072 463 1104 efficientium
477 1072 656 1112 aliquando
681 1073 838 1113 saepius,
866 1081 967 1112 quam
996 1072 1079 1102 arti-

73 1119 140 1151 culi
157 1119 266 1161 ipsius
283 1128 454 1158 agnoscas.
506 1119 634 1150 Horum
660 1120 856 1150 facillimum
874 1127 979 1158 genus
996 1118 1078 1149 illud

73 1169 143 1206 est,
171 1176 248 1198 cum
273 1167 339 1198 iam
365 1167 436 1197 suis
460 1166 608 1198 numeris
633 1167 770 1206 expleta
799 1166 970 1197 sententia
994 1165 1079 1196 facto

73 1213 302 1246 additamento
324 1213 438 1254 aliquo
464 1214 568 1252 magis
594 1213 696 1244 etiam
724 1216 876 1244 accurate
903 1213 1075 1244 definitur.

70 1259 126 1339 χώ
142 1258 266 1308 χρόνος
284 1256 389 1298 ξυνὼν
408 1258 538 1306 μακρὸς
555 1257 706 1293 διδάσκει
723 1259 779 1292 OG
797 1257 830 1292 7.
862 1257 986 1306 χρόνος
1004 1269 1080 1291 011111

96 1309 323 1340 intur-nitatem
347 1309 500 1347 temporis
523 1309 609 1339 bene
633 1308 739 1348 possit
771 1308 976 1346 significare,
1013 1315 1078 1338 non

70 1357 142 1387 erat
159 1363 296 1387 necesse
312 1353 388 1385 addi
414 1365 486 1399 μακ
509 1352 564 1395 ός,
597 1363 688 1385 1111110
714 1353 843 1398 μακρὸς
868 1351 974 1392 ξυνών
999 1363 1079 1385 0011-

71 1402 255 1442 iungenda,
275 1399 333 1434 τὸν
352 1398 408 1434 διὰ
425 1399 492 1434 πολ
517 1402 556 1434 οὔ
575 1398 715 1441 ξυνόντα
731 1401 967 1441 significantia.
1012 1401 1079 1432 Re-

72 1450 160 1481 ctius
177 1449 280 1488 igitur
298 1446 428 1494 μακρός
445 1449 724 1490 praeponebatur.
768 1448 869 1480 Paulo
887 1448 983 1480 aliter
997 1448 1080 1479 haec

71 1496 208 1528 habent.
247 1493 309 1533 τὰς
335 1495 398 1540 μὲν
415 1493 456 1529 ἐκ
473 1492 563 1529 θεῶν
587 1493 625 1528 τύ
654 1507 693 1532 ας
711 1492 867 1532 δοθείσας
893 1492 957 1527 ἔστ’
974 1492 1080 1540 ἀναγ-

69 1544 170 1577 καῖον
196 1540 308 1589 φέρειν
332 1542 394 1574 Ρ11.
417 1539 518 1575 1316.
559 1540 620 1579 τὰς
657 1553 679 1575 κ
695 1540 784 1578 θεῶν
801 1539 908 1589 τύχας
931 1552 1007 1573 011111
1025 1551 1079 1573 sa-

68 1591 114 1622 tis
137 1590 360 1630 intelligatur,
381 1599 450 1621 re1n
468 1593 580 1622 tamen
597 1590 786 1622 accuratius
803 1590 1003 1630 exsequitur
1020 1589 1078 1620 ad-

67 1637 176 1669 ditum
194 1634 364 1678 δοθείσας,
385 1637 473 1678 (111οᾱ
489 1638 669 1678 ineptiret,
700 1637 727 1668 si
754 1637 831 1678 quis
856 1634 914 1670 ἐὰν
932 1633 1079 1669 δοθῶσιν

67 1685 271 1724 resolveret,
299 1693 376 1716 cum
394 1688 576 1725 antequam
593 1684 794 1724 acciderint,
831 1693 875 1715 ne
899 1684 979 1715 ferri
1001 1684 1079 1724 qui-

69 1731 146 1764 dem
162 1732 304 1773 possint.
356 1731 445 1763 Huic
469 1732 679 1763 simillimum
704 1731 899 1772 exemplum
925 1733 978 1762 est
1001 1731 1075 1767 τοῖς

67 1775 175 1812 πάλαι
188 1776 359 1822 νοσήμασι
379 1775 513 1816 ξυνοῦσι
528 1775 712 1811 λυπεῖσθαι
729 1778 783 1811 Ai.
805 1774 884 1810 338.
908 1795 948 1801 -
977 1777 1075 1809 Porro

65 1825 230 1867 quaedam
253 1828 335 1857 sunt
369 1826 560 1857 sententiae
586 1826 796 1857 infinitivum
826 1834 902 1856 cum
934 1825 1075 1856 articulo

65 1873 209 1905 subiecti
227 1873 318 1904 vices
335 1875 489 1904 tuentem
514 1873 709 1904 exhibentis
737 1882 776 1905 συ
799 1869 898 1918 γύσει
931 1871 1074 1912 quadam

66 1920 229 1952 turbatae.
269 1912 345 1952 ἀλλ’
360 1916 468 1964 ἄνδρα
483 1918 522 1952 τὸ
539 1917 723 1964 μανθάνειν
740 1917 784 1952 πό
808 1912 839 1953 λ’
856 1916 995 1965 αἰσχρὸν
1014 1915 1074 1951 οὐ-

68 1964 125 2000 δὲν
141 1964 200 2000 καὶ
213 1964 253 1999 τὸ
272 1965 321 2011 μὴ
338 1963 456 1999 τείνειν
473 1964 560 2012 α”γαν
576 1967 660 1999 Ant.
681 1963 749 1998 710
772 1967 814 1998 de
838 1975 903 2007 quo
920 1966 1074 2006 exemplo

65 2022 132 2046 non
147 2016 237 2045 recte
251 2013 415 2045 iudicavit
432 2014 547 2046 Herm.
568 2014 608 2045 ad
632 2014 686 2045 Αἰ.
711 2010 795 2054 114;
825 2014 922 2052 longe
947 2013 1072 2044 rectius

65 2060 274 2092 Erfurdtius.
327 2060 390 2092 Est
423 2061 514 2092 enim
545 2061 696 2100 legitima
726 2061 963 2092 vocabulorum
991 2059 1073 2091 haec

63 2107 186 2148 positio
200 2118 207 2139 ε
234 2105 275 2140 τὸ
292 2104 476 2152 μανθάνειν
493 2104 599 2152 ἄνδρα
616 2104 730 2141 πολλὰ
746 2105 844 2141 οὐδὲν
862 2104 1016 2154 αἰσχρόν,
1038 2110 1072 2138 et

63 2154 164 2196 plane
181 2154 353 2194 geminum
363 2155 558 2195 exemplum
576 2152 613 2187 σὲ
630 2153 758 2199 πατρὸς
776 2151 866 2188 οὕτω
879 2152 980 2200 δαρὸν
1000 2151 1072 2191 ἐξε-

63 2199 220 2246 νωμένου
243 2199 283 2234 τὸ
307 2199 356 2246 μὴ
383 2198 553 2235 πυθέσθαι
578 2202 644 2234 ποῦ
660 2196 760 2241 'ou-a,
789 2198 954 2248 αἰσχύνην
979 2198 1073 2246 φέρει

65 2247 121 2280 Τι’.
142 2245 186 2280 65
203 2248 228 2280 1.
248 2257 280 2280 0.
305 2246 346 2281 τὸ
363 2246 413 2292 μὴ
431 2245 603 2282 πυθέσθαι
619 2258 667 2287 σε,
701 2250 768 2282 ποῦ
786 2247 803 2282 ὁ
828 2246 943 2293 πατήρ
968 2245 1068 2280 ἐστιν.

66 2311 108 2318 ·-
137 2295 348 2327 Attractione
374 2295 518 2336 quadam
542 2295 655 2326 minus
680 2299 768 2327 recte
794 2296 949 2327 collocata
973 2296 1073 2326 verba

63 2344 155 2383 eunt,
177 2345 217 2374 ut
233 2345 345 2374 tamen
365 2343 555 2374 sententiae
589 2343 777 2374 coniunctis
805 2343 956 2384 proxime
981 2342 1071 2373 invi-

65 2398 138 2421 cem
162 2389 358 2430 copulandis
392 2390 474 2421 satis
499 2389 736 2430 prospiciatur:
776 2387 903 2434 ταύτην
935 2385 964 2434 γ’
992 2386 1071 2421 ἰδὼν

63 2432 261 2470 θάπτουσαν
279 2433 316 2468 ὃν
334 2433 375 2468 σὺ
391 2434 450 2469 τὸν
466 2434 585 2482 νεκρὸν
604 2434 752 2474 ἀπεῖπας
776 2437 859 2468 Ant.
879 2433 964 2476 404,
986 2445 1071 2477 quae

64 2484 124 2524 qui
151 2483 283 2523 virgula
306 2487 382 2523 post
413 2480 612 2516 θάπτουσαν
644 2485 753 2524 posita
779 2483 962 2523 dirimunt,
984 2483 1071 2514 male

65 2530 212 2570 profecto
229 2530 372 2561 faciunt.
424 2531 464 2561 In
489 2530 563 2561 aliis
581 2530 629 2561 ita
651 2531 785 2571 positus
811 2540 887 2562 cum
912 2531 1071 2562 substan-

65 2577 134 2608 tivo
150 2576 311 2608 articulus
328 2579 389 2616 est,
412 2580 452 2608 ut
469 2586 564 2608 casus
580 2577 733 2617 pendens
757 2578 812 2608 vel
837 2577 1072 2609 adverbialiter

28 2628 31 2646 -’
64 2623 153 2655 dicta
176 2623 347 2663 legitimae
378 2626 557 2656 iuncturae
581 2627 740 2665 exempta
764 2625 862 2666 quasi
894 2627 1067 2664 vagentur.

64 2666 244 2726 Ὀλύμπου
261 2667 352 2703 τοῦδ’
371 2668 388 2703 ὁ
406 2668 600 2715 πρεσβεύων
625 2668 739 2716 πατήρ
756 2672 810 2703 Ai.
833 2667 936 2703 1389.
981 2667 1072 2707 ὅστις

67 2714 131 2763 γὰρ
147 2727 191 2761 ην
208 2714 339 2750 ἐκεῖνον
357 2715 374 2750 ὁ
392 2717 524 2750 κτανών
541 2718 598 2749 OR
617 2714 694 2750 139.
723 2716 850 2764 πατρὸς
866 2715 930 2760 τὴν
948 2716 1072 2750 δυστά-

63 2761 181 2797 λαιναν
208 2757 293 2797 δαῖτ’
320 2761 612 2810 ἐπωνομασμένην
638 2764 692 2796 El.
721 2761 802 2797 284.
852 2762 914 2798 *τί
941 2763 985 2810 γά
1030 2761 1070 2798 ἂν

64 2807 224 2855 θνήσκειν
250 2809 268 2844 ὁ
287 2808 424 2854 μέλλων
440 2812 503 2844 τοῦ
518 2809 643 2857 χρόνου
680 2808 802 2856 κέρδος
829 2809 948 2858 φέροις
1002 2808 1070 2842 486

63 2854 158 2901 [secl.
172 2855 305 2937 Dind}
342 2855 427 2891 ἔνθα
443 2855 579 2903 βροτοῖς
594 2857 653 2891 τὸν
670 2855 871 2903 ἀείμνηστον
888 2856 995 2904 τάφον
1013 2857 1072 2891 εύ-

65 2903 192 2950 ρώεντα
206 2901 277 2938 καθ
298 2901 346 2942 ξει
362 2905 416 2937 Ai.
432 2901 521 2937 1166
537 2906 560 2936 i.
574 2914 606 2945 q.
626 2903 682 2938 τὸν
700 2902 835 2951 βροτοῖς
852 2904 1069 2951 ἀείμνηστον.

63 2951 250 2983 Invertitur
274 2951 351 2983 ordo
377 2951 413 2982 in
446 2952 519 2983 his:
554 2949 578 2995 ἠ
602 2953 664 2984 τοῦ
680 2950 844 2996 τυράννου
870 2950 974 2997 τῆσδε
1007 2954 1070 2998 γῆς

66 2995 172 3031 πάλαι
187 2995 290 3037 ποτὲ;
311 2998 369 3030 OR
389 2995 476 3030 1043
494 2999 518 3031 i.
538 3008 568 3030 e.
589 2999 650 3031 τοῦ
667 2996 774 3032 πάλαι
790 2997 874 3032 ποτὲ
888 2997 1066 3044 τυράννου.

66 3041 170 3077 καλεῖ
183 3043 242 3078 τὸν
258 3042 328 3089 ἤδη
346 3040 451 3078 Λάιον
475 3042 582 3079 πάλαι
604 3043 725 3091 νεκρόν
746 3043 846 3078 1245.
899 3047 988 3078 Huic
1013 3055 1071 3085 ge-

64 3092 138 3124 neri
154 3091 254 3132 plane
271 3092 474 3123 contrarium
491 3095 561 3132 est,
582 3101 658 3123 cum
675 3092 803 3133 aliquid.
828 3093 969 3124 articulo
993 3101 1071 3133 pro-

14 3147 33 3180 'g
64 3139 156 3170 xime
174 3139 406 3178 submittitur,
437 3141 477 3170 ut
499 3139 573 3178 lege
597 3139 760 3171 sermonis
785 3139 827 3171 ad
852 3140 1001 3171 subiecta
1017 3149 1070 3171 re-

7 3184 45 3228 -Qfs
65 3185 145 3218 ferri
162 3185 316 3225 debeant,
339 3194 414 3216 cum
431 3186 505 3217 aliis
522 3185 721 3226 quibusdam
738 3187 897 3227 applicari
923 3196 961 3218 ea
977 3195 1072 3227 opor-

13 3230 37 3253 ἒ·
65 3231 144 3263 tuit.
189 3227 284 3264 οὗτοι
299 3229 357 3264 τόν
375 3228 404 3276 γ’
421 3229 456 3270 ἐξ
476 3227 578 3266 Ἀίδα
603 3230 790 3275 παγκοίνου
811 3230 934 3277 λίμνας
958 3229 1074 3278 πατέρ’

2 3278 44 3319 fssj'j
65 3275 240 3314 ἀνστάσεις
256 3277 311 3309 El.
334 3275 400 3311 137
417 3279 469 3312 ch.
515 3278 580 3310 Sed
596 3280 632 3310 in
650 3276 686 3317 ἐξ
701 3275 813 3319 Ἀίδα,
838 3279 926 3320 quod
952 3279 994 3311 ad
1010 3277 1073 3312 ἀν-

67 3322 198 3362 στάσεις
222 3324 455 3366 referendum,
482 3325 784 3366 breviloquentiam
808 3326 942 3367 potius.
970 3335 1071 3366 quam

6 3404 8 3407 ,
33 3371 310 3414 ffattractionem,
330 3374 370 3402 ut
380 3373 593 3404 Hermannus
610 3373 701 3413 facit,
723 3381 876 3412 agnosco.
903 3371 960 3406 τὸν
979 3370 1072 3405 ἀντί-

7 3418 11 3446 ἰ
41 3414 212 3463 ’Ῡπλευρον
227 3419 341 3463 κῆπον
358 3415 508 3463 Εὐβοίας
540 3416 654 3463 νέμειν
672 3419 757 3459 Aeg.
792 3420 833 3451 fr.
857 3415 910 3456 19,
935 3417 951 3450 1
986 3420 1009 3451 1.
1038 3428 1069 3452 0.
1108 3420 1227 3452 Elmsl.
1262 3422 1393 3453 monuit
1417 3422 1459 3453 ad
1482 3422 1566 3455 Eur.
1594 3422 1682 3453 Med.
1714 3418 1815 3454 1262.
1844 3423 1887 3454 cf.
1915 3421 2035 3454 Matth.
2070 3422 2111 3454 ad

92 3480 97 3493 ι
138 3466 250 3510 κῆπον
275 3460 423 3510 Εὐβοίας
448 3462 683 3513 ἀντίπλευρον.
734 3466 864 3500 Rursus
889 3466 994 3501 nimio
1015 3466 1072 3501 in·
1108 3467 1245 3513 Hippol.
1265 3464 1345 3504 400,

970 199 1022 250 ‘O
1050 229 1115 238 —
1132 197 1244 250 Ὅδε

2027 200 2121 248 501

1119 319 1258 351 tervallo
1289 319 1459 351 dirimitur
1482 319 1642 350 articulus
1667 321 1703 350 et
1734 318 1870 349 nomina
1901 326 1978 349 cum
2002 318 2128 360 quibus

1119 366 1270 407 proxime
1288 366 1513 406 coniungitur.
1566 362 1643 399 οὔτε
1667 363 1732 411 γὰρ
1761 361 1780 397 ὁ
1805 362 1866 397 τὰν
1892 359 2026 410 Κρῖσαν
2043 362 2125 411 βού-

1117 410 1334 492 ἒῖμοῖἔόἳ”
1350 410 1457 492 ἀ“ἶῖ”
1482 408 2127 503 {2⁰}stkA3352⁹”{}{‚⁶331ss⁷:5.¹1‘²ffi.22.{

1120 484 1280 553 σύγχυσιν
1298 469 1582 547 aggoscirims'rr.
1626 503 1671 539 09
1741 503 1799 538 τόν
1815 516 1852 538 τε
1868 504 2024 552 χρυσέων
2042 503 2127 552 δρά-

1118 564 1223 587 κοντα
1240 551 1363 600 μήλων
1380 551 1518 600 φύλακα
1535 555 1558 585 1.
1575 563 1604 585 0.
1624 551 1681 587 τὸν
1696 550 1865 598 δράκοντα
1879 551 2035 599 χρυσέων
2055 552 2126 599 μή·

1118 598 1189 634 λων
1207 598 1355 648 φύλακα.
1392 597 1463 634 οὐδ’
1480 598 1498 633 ὁ
1516 598 1608 646 παρὰ
1623 599 1681 634 τὸν
1704 593 1712 607 ’
1773 598 1789 632 έ
1813 610 1893 633 οντα
1916 597 1995 637 θεὸς
2020 598 2125 634 ἀνάσ-

1120 657 1188 681 σων
1206 648 1259 681 El.
1284 645 1350 680 184
1367 648 1418 680 ch.
1451 666 1491 672 -
1518 648 1583 680 Sed
1601 647 1719 679 Trach.
1739 609 1810 680 865
1834 656 1876 679 ex
1901 647 1963 680 hoc
1987 657 2126 680 numero

1118 696 1335 727 eximendum
1353 704 1427 727 esse
1444 695 1757 727 demonstravimus.

1188 747 1196 761 ¹
1206 750 1234 789 Ο
1245 751 1263 799 β
1274 764 1290 786 ε
1300 752 1322 787 λ
1331 752 1349 787 ό
1360 764 1375 790 ς
1392 762 1482 785 veru.
1510 751 1549 786 τὸ
1566 750 1693 798 θερμὸν
1709 754 1770 786 τοῦ
1780 750 1901 798 ὀβελοῦ
1915 765 1921 785 z
2004 763 2128 799 παροι-

1118 798 1270 846 μία....·
1300 799 1344 846 μέ
1373 812 1390 833 ν
1417 811 1472 833 ται
1505 797 1612 844 αὐτῆς
1643 796 1730 845 Σοφ.
1759 798 1818 843 (fr.
1845 801 1912 832 inc.
1940 797 2008 832 949
2069 810 2123 842 ap.

1118 848 1213 880 Phot.
1235 858 1269 889 p.
1290 844 1334 880 59
1371 810 1433 888 ,3.
1464 846 1558 879 Suid.
1580 848 1602 879 i.
1624 858 1655 879 v.
1686 851 1721 879 et
1747 848 1871 879 Zenob.
1891 856 1983 889 prov.
2004 799 2045 889 6,
2067 844 2110 880 19

1118 896 1171 927 De
1188 895 1434 935 significatione
1452 905 1483 926 v.
1505 892 1644 940 θερμός.
1661 912 1702 918 -
1722 894 1909 926 Accentum
1923 905 1954 926 v.
1976 904 2029 936 ap.
2043 895 2121 927 Arc.

1118 953 1150 984 p.
1172 939 1228 983 53,
1251 939 1283 974 5.
1823 939 1873 984 (11
1889 950 1923 982 p.
1944 937 2026 983 250,
2045 938 2126 986 29.)

1181 993 1327 1046 Ὄγδοος
1344 1004 1490 1033 octavus.
1534 998 1552 1034 ὁ
1579 993 1606 1033 δ’
1623 996 1756 1046 ὄγδοος,
1775 996 1982 1042 λεύκιππος,
2003 996 2127 1035 Αἰνιὰν

1116 1045 1214 1094 γένος
1230 1049 1283 1080 El.
1304 1044 1384 1080 706.
1399 1066 1441 1072 —
1452 1048 1640 1079 Accentum
1653 1047 1926 1079 observavitArc.
1947 1057 1981 1089 p.
1994 1044 2051 1088 42,
2067 1044 2122 1081 16.

1181 1098 1319 1153 Ὂγκο
1331 1118 1358 1143 ς.
1395 1107 1571 1139 Primitiva
1588 1106 1788 1145 significatio
1804 1107 1851 1137 rei
1863 1105 1996 1146 pondua
2019 1106 2124 1148 quod-

1117 1153 1194 1185 dam
1211 1157 1346 1186 eoetema
1363 1156 1465 1194 specie
1482 1154 1660 1185 indicantis
1677 1156 1749 1184 est:
1786 1162 1849 1185 nec
1865 1154 1906 1185 ab
1931 1150 2037 1199 ἄγκος
2061 1163 2122 1195 po-

1117 1202 1186 1233 tius
1203 1211 1303 1242 quam
1322 1202 1362 1232 ab
1380 1198 1483 1247 ἔγκω,
1497 1201 1587 1233 1111ᾱο
1600 1198 1756 1246 ἔνεγκον,
1769 1200 1991 1242 repetendum
1999 1210 2122 1232 secun-

1117 1248 1197 1280 dum
1214 1249 1346 1280 Buttm.
1368 1249 1478 1280 Lexil.
1502 1245 1534 1288 1,
1553 1244 1599 1279 28
1627 1273 1634 1279 .
1676 1247 1730 1279 Sic
1753 1247 1877 1279 dicitur
1893 1247 1935 1279 de
1953 1248 2122 1280 cineribus

1116 1295 1243 1328 Orestis
1268 1296 1303 1326 in
1330 1305 1413 1327 urna
1435 1295 1546 1327 allatis
1580 1293 1723 1340 σμικρὸς
1747 1292 1932 1340 προσήκεις
1958 1291 2061 1341 ὄγκος
2086 1292 2122 1328 ἐν

1118 1341 1254 1387 σμικρῷ
1269 1339 1362 1375 κύτει
1378 1342 1429 1374 El.
1461 1339 1562 1374 1142.
1599 1342 1692 1374 Suid.
1722 1352 1753 1374 v.
1788 1338 1901 1388 ὄγκος.
1929 1359 1976 1365 -
1999 1342 2123 1375 Trans-

1116 1391 1223 1421 fertur
1240 1390 1385 1421 maxime
1404 1390 1443 1421 ad
1460 1388 1587 1430 fastum
1603 1392 1638 1421 et
1655 1390 1786 1421 inanem
1803 1390 1908 1421 animi
1923 1389 2098 1421 clationem
2110 1401 2121 1421 .-

1116 1448 1147 1469 v.
1165 1437 1338 1476 Wyttenb.
1359 1437 1399 1468 ad
1417 1437 1506 1469 Plut.
1527 1436 1568 1468 de
1585 1436 1663 1469 aud.
1684 1439 1773 1478 poet.
1794 1446 1828 1477 p.
1845 1432 1886 1468 16
1905 1435 1930 1468 C
1948 1437 2118 1469 etIacobs.

1116 1484 1155 1515 ad
1169 1484 1326 1515 Philostr.
1347 1493 1381 1524 p.
1403 1481 1483 1516 581.
1513 1476 1593 1528 μηδ’
1611 1480 1713 1529 ὄγκον
1729 1480 1796 1530 ἄρῃ
1815 1480 1948 1528 μηδένα
1961 1483 2016 1515 Αἰ.
2039 1479 2118 1516 129.

1117 1530 1183 1563 Sed
1208 1534 1242 1562 et
1260 1531 1302 1562 de
1323 1541 1358 1562 re
1381 1531 1559 1572 muym‘fica
1576 1531 1802 1571 qualicunque
1826 1530 1950 1562 dicitur
1974 1539 2040 1562 11011
2065 1531 2124 1562 ad-

1116 1578 1303 1618 significata
1318 1579 1564 1619 vituperatione
1578 1586 1584 1607 ε
1620 1574 1723 1624 ὄγκον
1739 1574 1803 1623 γὰρ
1821 1574 1936 1614 ἄλλως
1953 1574 2122 1622 ὀνόματος

1115 1623 1147 1658 τί
1165 1623 1219 1657 δεῖ
1241 1623 1375 1671 τρέφειν
1400 1624 1562 1670 μητρῷον
1592 1625 1647 1658 Tr.
1675 1621 1744 1657 817
1785 1624 1864 1666 quid
1887 1633 1968 1664 opus
1991 1624 2122 1656 honesto

1115 1673 1230 1703 matria
1256 1673 1389 1707 nornine
1414 1671 1549 1712 foedum
1574 1671 1708 1712 facinus
1739 1681 1858 1704 ausam
1889 1670 2124 1704 condecorari?

1117 1718 1182 1751 Sed
1199 1720 1298 1759 longe
1322 1720 1474 1760 proxime
1500 1720 1595 1751 abest
1621 1729 1640 1750 a
1661 1719 1833 1760 primitiva
1856 1719 1889 1750 vi
1907 1719 2061 1751 vocabuli
2079 1719 2122 1751 de

1111 1776 1146 1798 re
1165 1767 1291 1798 dictum
1304 1776 1412 1806 parva
1437 1767 1489 1798 vel
1505 1767 1633 1798 nullius
1649 1766 1788 1798 laboris.-
1814 1763 1842 1845 ίῚβ
1866 1763 1954 1812 αγύν
1978 1759 2040 1799 τιν’
2065 1763 2121 1799 αί-

1110 1815 1164 1846 τεῖ
1189 1810 1300 1858 μῦθον
1323 1810 1387 1846 οὐκ
1419 1811 1523 1860 ὄγκου
1549 1810 1663 1846 πλέων
1687 1812 1742 1846 OC
1770 1810 1809 1845 11
1837 1775 1864 1845 S
1899 1804 1992 1845 Breve
2017 1814 2119 1846 collo·

1111 1862 1237 1901 quium.
1280 1860 1503 1901 Aliquantum
1527 1861 1692 1892 dissimile
1717 1863 1770 1892 est
1795 1858 1920 1906 βραχεῖ
1941 1857 2001 1893 σὺν
2025 1857 2119 1907 ὄγκῳ

1110 1905 1168 1941 καὶ
1183 1905 1299 1954 χρόνῳ
1325 1906 1381 1939 OC
1402 1905 1508 1948 1341;
1543 1908 1633 1949 quod
1655 1908 1747 1940 enim
1770 1908 1806 1939 in
1831 1908 1889 1939 PA
1912 1917 2014 1949 supra
2037 1909 2120 1940 scri-

1109 1958 1208 1996 ptum
1225 1958 1339 1986 exstat
1357 1953 1474 2000 πόνῳ
1492 1964 1550 1996 pro
1566 1953 1694 2002 χρόνῳ,
1713 1955 1748 1986 id
1764 1964 1823 1996 pro
1838 1955 2119 1996 interpretatione

1110 2002 1261 2034 vocabuli
1278 1999 1371 2048 ὄγκῳ
1382 2003 1572 2034 habendum
1581 1998 1754 2046 esseIrecte
1763 2002 1938 2034 admonuit
1947 2000 2114 2035 Schaefer.

1111 2067 1151 2072 —
1171 2050 1358 2081 Accentum
1375 2050 1562 2090 generatim
1579 2050 1708 2081 notavit
1724 2050 1801 2081 Arc.
1830 2059 1864 2091 p.
1886 2045 1944 2090 50,
1965 2047 1998 2081 7.

1178 2101 1186 2114 ’
1197 2103 1224 2142 O
1234 2119 1253 2154 γ
1263 2119 1286 2140 κ
1297 2105 1315 2141 ό
1325 2120 1354 2140 ω
1372 2108 1464 2150 inflo.
1492 2104 1587 2146 οἶκος
1598 2104 1767 2155 ὀγκωθεὶς
1783 2104 1887 2154 χλιδῇ
1900 2108 2020 2140 1“1·.1110.
2033 2104 2113 2141 679.

1177 2159 1342 2212 Ὄγμεύ
1354 2179 1382 2199 ω
1400 2168 1489 2198 viam
1501 2176 1688 2208 prosequor.
1753 2164 1860 2212 ορβῆς
1882 2163 1982 2212 χρείᾳ
2002 2164 2116 2212 στίβον

1108 2211 1246 2259 ὀγμεύει
1270 2211 1368 2247 τόνδε
1390 2211 1498 2251 πέλας
1522 2225 1588 2247 που
1615 2214 1675 2245 Ρ11.
1706 2177 1772 2245 163
1795 2223 1850 2246 an.
1893 2214 1959 2253 Qui
1983 2214 2118 2247 intenta

1108 2270 1186 2292 cura
1203 2261 1364 2292 alimenta
1380 2261 1547 2302 conquirit
1563 2262 1660 2302 quasi
1679 2262 1858 2292 rectissima
1882 2270 2010 2302 quaque
2027 2262 2116 2293 ince-

1108 2307 1188 2339 dens
1204 2309 1260 2339 via
1275 2308 1422 2347 eleganti
1440 2309 1633 2350 metaphora
1654 2319 1673 2339 a
1701 2309 1908 2340 metentibus
1930 2307 2032 2340 ducta
2056 2306 2117 2354 ὀγ-

1110 2352 1224 2398 μεύειν
1239 2352 1351 2399 στίβον
1369 2353 1502 2401 φορβῆς
1527 2356 1662 2387 dicitur.
1691 2351 1814 2400 [ὄγμος
1837 2356 1928 2387 0111111
1961 2358 2014 2387 est
2045 2365 2112 2388 sec.

1110 2400 1204 2433 Suid.
1225 2402 1248 2433 i.
1270 2412 1300 2432 v.
1315 2426 1322 2440 ,
1352 2401 1448 2435 Phot.
1468 2412 1502 2443 p.
1523 2399 1610 2442 315,
1628 2399 1650 2433 4
1676 2405 1710 2434 et
1736 2403 1881 2434 Gramm.
1912 2402 2050 2434 Coislin.
2078 2413 2111 2444 p.

1107 2445 1176 2481 237
1192 2446 1216 2492 ἠ
1234 2446 1323 2482 κατὰ
1340 2447 1453 2496 στίχον
1468 2448 1570 2493 (alter
1586 2450 1655 2481 cod.
1670 2449 1765 2481 Phot.
1779 2449 1868 2481 haud
1875 2449 1974 2491 paulo
1991 2450 2116 2482 rectius

1108 2493 1261 2542 στοιχόν)
1270 2493 1393 2541 ἔφοδος
1409 2500 1477 2530 τῶν
1487 2494 1665 2542 θεριστῶν,
1676 2497 1755 2528 111ᾱο
1774 2499 1808 2528 et
1824 2492 1925 2541 ὄγμοι
1942 2493 2112 2543 σταχύων,

1108 2544 1232 2583 quibus
1258 2543 1340 2574 addc
1363 2544 1506 2583 Hesych.
1536 2554 1567 2575 V.
1598 2540 1654 2575 6.:
1683 2540 1707 2587 ἠ
1726 2540 1850 2588 ἐφεξῆς
1876 2540 2007 2590 φυτεία.
2051 2554 2115 2588 με-

1107 2593 1303 2636 ταφορικῶς
1322 2587 1433 2623 δὲκαὶ
1450 2588 1529 2624 ὅταν
1546 2587 1759 2636 πορεύωνται
1785 2587 1801 2623 ὲ
1829 2587 1836 2600 ’
1864 2587 1924 2624 ἕνα
1946 2588 2116 2635 τεταγμέ-

1106 2646 1158 2669 νοι
1174 2634 1262 2669 κατὰ
1278 2635 1405 2682 στίχον,
1427 2634 1534 2684 ὄγμον
1550 2634 1719 2682 λέγουσιν.
1762 2634 1780 2670 ὁ
1804 2601 1844 2671 δὲ
1867 2640 1935 2670 τῶν
1959 2634 2116 2683 θεριζόν-

1106 2694 1174 2716 των
1191 2681 1306 2730 στίχος
1323 2682 1478 2730 ὀγμεύειν
1494 2681 1657 2731 λέγεται]

1177 2738 1246 2777 *Ὀ
1257 2740 1333 2789 δαγ
1344 2741 1421 2787 μός
1438 2753 1470 2775 v.
1491 2740 1655 2789 ἀδαγμός.

1177 2797 1371 2840 *Ὀδάζω
1392 2800 1540 2842 mordeo,
1559 2810 1685 2841 punyo.
1737 2802 1789 2833 De
1814 2810 1943 2833 amore:
1971 2798 2114 2846 καρδίαν

1107 2844 1307 2893 ὠδαγμένος
1339 2849 1405 2881 1110.
1434 2849 1460 2880 L
1490 2845 1512 2879 8
1545 2848 1640 2880 Brck.
1671 2845 1739 2892 [est
1769 2848 2047 2889 Pseudosophocl.
2077 2859 2109 2881 v.

1106 2891 1271 2940 βαθμός.]

1169 2945 1248 2987 “Οδ
1259 2963 1286 2985 ε.
1307 2952 1321 2995 ΙΙ
1346 2954 1373 2985 Ι.
1394 2954 1445 2986 De
1463 2953 1585 2994 forma.
1614 2954 1738 2986 Earum
1763 2955 1969 2994 pronominis
1993 2955 2114 2986 forma-

1106 3009 1193 3039 rum,
1214 3009 1298 3040 quae
1313 3000 1471 3032 diverbiis
1487 3004 1522 3032 et
1539 3002 1680 3033 canticis
1704 3010 1897 3033 communes
1916 3003 2016 3042 sunt,
2045 3010 2114 3033 una

1106 3047 1330 3079 memorabilis
1353 3057 1420 3079 uno
1453 3048 1522 3080 loco
1552 3058 1604 3089 ap.
1635 3049 1737 3089 soph.
1763 3048 1864 3089 paulo
1889 3048 2037 3080 crebrius
2054 3057 2108 3089 ap.

1106 3093 1261 3134 Euripid.
1290 3097 1442 3135 reperta,
1477 3095 1536 3127 sed
1557 3105 1610 3136 ap.
1639 3095 1799 3134 Aeschyl.
1825 3104 1994 3135 nusquam
2021 3105 2111 3128 τοι-

1109 3137 1223 3180 σίδε,
1246 3140 1308 3172 Ρ11.
1329 3137 1415 3179 956,
1444 3151 1530 3182 quae
1554 3145 1590 3173 et
1618 3141 1739 3174 Suidae
1762 3152 1795 3174 v.
1823 3139 2003 3187 ὀρειβάτης
2029 3141 2112 3174 scri-

1106 3189 1206 3228 ptura
1222 3190 1290 3227 est,
1321 3191 1355 3219 et
1378 3189 1414 3219 in
1439 3189 1499 3220 LA
1516 3199 1534 3220 a
1551 3198 1595 3219 m.
1615 3197 1666 3230 pr.
1694 3191 1878 3220 correctum
1902 3198 1960 3230 pro
1980 3189 2109 3221 τοῖσιν;

1108 3233 1206 3265 Tricl.
1225 3231 1342 3267 τοῖσδέ
1358 3245 1407 3281 γε.
1443 3234 1540 3267 Solus
1556 3239 1714 3267 accentus
1730 3235 1854 3275 variat,
1881 3245 1956 3267 cum
1973 3235 2027 3267 hic
2042 3235 2112 3268 illic

1108 3284 1254 3319 emergat
1266 3282 1365 3314 τοῖσ
1375 3279 1455 3322 ιδε;
1477 3280 1641 3326 (1110(1ζ11ο11
1659 3282 1763 3322 magis
1777 3290 1893 3313 verum
1903 3291 1977 3314 esse
1986 3285 2108 3323 potest,

1108 3336 1208 3367 quam
1226 3327 1373 3360 Seidlero
1389 3329 1565 3368 probatum
1583 3329 1623 3360 ad
1639 3329 1686 3359 ΙΤ
1710 3324 1755 3360 35
1771 3326 1911 3361 τοῖσίδε.
1957 3328 2109 3361 Scriben-

1108 3373 1188 3404 dum
1205 3378 1318 3405 autem
1334 3372 1471 3416 τοισίδε,
1488 3379 1529 3407 ut
1543 3372 1695 3416 τοσόσδε,
1715 3373 1861 3415 τοιόσδε,
1881 3375 1969 3416 quod
1982 3376 2112 3417 primus

1405 3469 1489 3504 Nam
1514 3466 1567 3507 ὁδὶ
1581 3466 1678 3507 τουδὶ
1693 3465 1777 3516 τῳδί
1800 3469 1927 3516 quippe
1955 3469 2112 3506 familiari
