2288 3600
0 108 249 222 {ew-842]

0 237 10 253 b

0 258 16 304 β
47 260 208 292 malorum
242 260 339 300 quasi
368 259 627 300 receptaculum.
673 258 817 289 Rursum
846 258 937 289 aliud

0 310 20 359 pr
43 300 180 340 ἐνταῦθ’
206 304 287 351 ἐμὲν
312 303 425 350 (ἴμεν)
448 301 491 339 ἶν’
523 302 634 339 ούκέτῗ
665 303 777 361 ὀκζνεῖν
805 302 933 349 καιρός,

0 350 120 434 &dativa
135 353 188 386 El.
208 350 266 385 22.
311 351 360 398 μή
379 363 421 398 με
446 350 647 399 παραγάγῃς
667 348 700 384 ἵν
728 349 768 384 ού
785 349 936 396 πάρεισιν

0 396 76 445 βων
122 397 229 446 ρωγαί
244 398 325 432 855.
364 399 458 431 Suid.
479 411 510 432 V.
532 397 732 445 παραγάγῃς
757 399 842 430 male
860 408 936 430 cum

0 446 29 490 jfl.
48 448 195 488 explicat
211 445 469 494 παρηγορήσης.
508 446 573 478 Sed
591 447 651 478 hoc
667 446 809 478 dicitur:
830 455 871 477 nc
887 455 937 477 me

0 494 70 529 'boas
81 504 102 526 α
110 495 278 535 proposito
295 491 502 536 (querendi),
522 503 598 525 cum
612 494 708 524 nulla
724 502 796 533 spes
811 494 938 533 reliqua

0 541 43 577 ilii
67 542 119 573 ait.
162 534 208 574 ἵν’
231 538 337 586 οὑμὸς
362 539 462 578 νέκυς
487 537 616 586 θερμὸν
642 537 730 584 αἷμα
753 537 863 572 πίεται
880 538 936 572 OC

0 611 22 634 ρ,
43 588 131 629 quod
154 597 220 619 non
238 588 279 619 de
296 589 366 620 loco
382 588 507 619 dictum
519 613 526 627 ‚
555 587 613 619 sed
629 587 671 619 de
688 596 798 619 rerum
816 595 936 626 geren-

68 635 176 667 causis
200 639 235 666 et
259 636 405 668 ratione:
434 644 515 675 quae
539 636 566 666 si
592 635 839 673 intercesserint,
867 634 931 674 fiet.

0 642 55 726 ξε
72 682 218 714 Brunck.
239 682 294 714 OC
312 679 379 714 504
403 679 462 715 ἵνα
484 679 528 714 τὰ
552 677 642 727 χρεῖ’
667 679 802 725 ἐφεύρω
818 681 930 719 dedit,

0 736 13 773 ἦ
28 730 264 761 coniunctivus
289 739 364 760 cum
385 729 552 760 adverbiis
569 728 863 770 pronominibusve
881 737 934 759 re-

0 773 39 809 its
63 777 271 808 consociatus
296 776 385 818 apud
409 777 519 817 epicos
537 776 621 807 solos
639 775 776 807 consilio
794 775 935 806 inservit

0 819 152 867 meando.
190 824 232 854 V.
259 823 374 856 Herm.
402 823 442 854 ad
460 822 514 854 OC
535 818 612 854 189.
636 839 676 845 —
703 821 718 864 11
741 821 934 853 Coniunctio

0 863 55 913 [lut
70 870 261 910 significans
278 873 312 902 et
329 871 464 902 consilio
481 869 566 909 facti
582 869 750 901 reddendo
767 869 929 900 serviens.

0 915 70 959 {um
86 918 306 957 commotivo,
335 927 411 949 cum
434 926 593 958 praesens
609 917 662 948 vel
680 917 832 947 futurum
850 919 935 948 tem-

0 963 67 1005 {vel
91 965 310 1006 imperativus
337 965 389 996 vel
407 964 642 996 coniunctivus
658 963 930 1002 interrogativus‚

0 1010 183 1054 ffmtivus,
209 1021 296 1052 quae
318 1012 430 1043 omnia
451 1012 584 1043 futurae
601 1011 649 1042 rei
667 1011 836 1042 notionem
854 1019 933 1041 con-

0 1058 34 1100 ὴὲ,
59 1059 298 1098 antecesserit,
326 1067 392 1099 quo
417 1059 595 1090 consilium
619 1058 802 1090 referatur:
832 1054 871 1089 σύ
891 1067 933 1101 με

0 1094 150 1186 νδινὲσον,
170 1103 228 1139 ἵνα
245 1099 422 1150 ὁρμώμεθ’
439 1103 486 1141 εἰς
503 1107 585 1138 ναῦν
603 1104 662 1136 Ph.
683 1101 764 1136 880.
796 1101 885 1137 εἴπω
901 1114 934 1137 τι

0 1150 60 1189 ‘aaz
85 1149 147 1193 λλ’,
177 1148 218 1186 ἵν’
239 1151 278 1197 ὀρ
303 1150 357 1198 ίζῃ
382 1149 506 1192 πλέον,
531 1152 589 1184 OR
605 1147 685 1183 364.
721 1149 762 1183 ἔα
780 1161 821 1195 με
838 1147 881 1184 ἵν’
899 1147 934 1189 ἐξ

0 1191 67 1242 ᾖσιν
79 1197 118 1232 ὀἵ
137 1193 171 1244 μ’
187 1196 288 1232 ἀπωλ
312 1197 414 1244 ύτην,
443 1196 539 1232 θάνω
559 1195 660 1230 1454.
703 1196 762 1231 ἵνα
779 1196 828 1242 μὴ
847 1208 934 1242 προ-

0 1240 38 1331 {f
55 1243 154 1279 νάπει
175 1243 213 1279 εὖ
240 1243 386 1292 φύλαξαι
410 1246 465 1278 OC
495 1243 560 1278 155
586 1246 637 1277 ch.
690 1245 759 1277 Hoc
791 1254 857 1276 non
884 1249 935 1277 est

32 1293 120 1335 quod
143 1291 260 1329 ὅπως
287 1291 343 1339 μή
369 1295 548 1333 monentis,
576 1296 615 1324 ut
631 1292 792 1324 Elmsleio
808 1293 931 1331 visum,

0 1349 116 1419 ξ.
131 1340 522 1429 33322331223323332251·
542 1336 933 1424 ‚23:20233‘252-{21322‘232

60 1458 62 1461 .
93 1434 288 1474 inyrediare.
334 1435 387 1466 Ex
411 1435 515 1465 simili
539 1434 651 1475 ellipsi
671 1434 929 1474 explicandum:

13 1479 46 1521 “⁵1
59 1474 116 1522 ιδ’,
142 1475 186 1514 ἵν’
202 1479 314 1529 εἰδῇς,
343 1477 432 1518 Ζεὺς
450 1474 478 1527 ᾧ
500 1478 658 1514 δέδοκται
667 1482 773 1513 ταῦτα
790 1480 850 1512 Ph.
867 1477 934 1512 989

19 1539 37 1586 {⁴¹
49 1526 128 1608 ’,ἄπο
144 1528 406 1608 ἰρόἓνζέιιάὶεέοκ
431 1525 527 1573 ἥκεις
547 1521 599 1585 ἔμ’
615 1525 716 1607 ‘ami'
744 1525 811 1582 ούχ
820 1521 935 1609 ἐίῖἑὶεὲς

3 1586 171 1662 2³‘1;]‘³i‘v‘
189 1601 319 1666 §uada
331 1633 346 1660 ς
386 1584 935 1668 ἴιέῗτῖἷῖἶπῖἓῗεάρξςῖἷῖ’(πρξὲῖ

4 1701 38 1712 ..
70 1665 127 1703 ἵνα
145 1667 298 1716 ἐκδείξῃς
335 1667 394 1714 μοί
414 1666 514 1701 1020.
559 1666 732 1702 ἀνακαλοῦ
765 1680 798 1702 αι
820 1666 934 1702 ἐλθεῖν

6 1706 79 1763 ‚2'35211’
98 1713 241 1756 ἀξιῶτον
257 1715 337 1753 τοὺς
355 1713 584 1763 φυτεύσαντας
603 1714 713 1761 σέβειν
734 1680 835 1748 1⁸37?
870 1713 936 1763 οὐχ

6 1762 42 1805 ἰῇ,
57 1763 197 1807 ’μοῦνος
218 1761 366 1809 ἀρκέσει,
385 1761 444 1796 ἵνα
463 1761 501 1796 τὸ
523 1760 643 1796 λοιπὸν
663 1761 838 1808 ἁρπάζητε
851 1764 932 1795 Ant.

19 1816 37 1851 j
51 1819 173 1856 ι·παγε,
194 1808 253 1844 ἵνα
267 1809 326 1844 τὸν
344 1807 454 1854 θυμὸν
472 1808 521 1842 εἰς
535 1807 723 1854 νεωτέρους
739 1808 813 1857 ἀφῇ
833 1807 932 1842 1087.

140 1855 261 1902 μόνον,
281 1854 324 1890 ἵν’
350 1854 543 1904 έκὸιδαχθῄ
565 1857 621 1889 Τι.
647 1854 747 1889 1110.
792 1859 844 1890 De
869 1859 937 1889 loco

18 1904 61 1941 ,fvi
85 1914 117 1935 v.
136 1901 195 1937 ἄν.
220 1922 260 1928 -
287 1906 319 1936 b.
342 1904 427 1936 Cum
444 1906 590 1944 optativo
606 1904 827 1945 praecedente
841 1914 938 1945 prae—

21 1967 41 1990 4
74 1955 113 1982 ut
128 1952 227 1992 quale
244 1955 314 1983 tum
331 1952 425 1983 nobis
443 1951 620 1983 consilium
638 1952 758 1992 fuerit,
787 1961 937 1993 expona-

21 1996 23 1998 ’
47 2014 51 2040 i
89 1995 190 2040 Soph.
211 2008 301 2030 nunc
319 2007 384 2030 non
403 2002 524 2030 exstat.
556 1999 682 2030 Verum
700 2008 775 2030 cum
793 2001 936 2039 optativo

15 2059 21 2075 1.
43 2084 45 2086 Ι
69 2045 94 2062 -“
118 2046 189 2076 sive
213 2047 370 2076 orationis
394 2045 542 2086 obliquae
570 2046 666 2077 alteri
691 2047 837 2086 optativo
855 2047 935 2077 sub-

62 2104 70 2137 )
93 2095 184 2145 ctum
201 2092 262 2124 Ph.
282 2088 362 2124 325.
407 2089 518 2135 θυμὸν
536 2090 667 2138 γένοιτο
681 2091 775 2184 χεὲρὶ
791 2091 937 2138 πληρῶ-

77 2134 410 2232 ίιᾷὦναᾷήῗξζέἶρῖἶ
429 2137 932 2232 ᾩέιὶῖῖιὲιὲἷέῑὲθωιέῒξὲἑῇζ,

14 2230 44 2271 «ἵζ’.
66 2235 190 2264 meant.
226 2233 315 2265 Illud
338 2237 451 2265 autem
468 2237 520 2265 est
536 2237 574 2264 ut
590 2237 808 2274 coynoscant,
837 2237 867 2265 et
885 2244 938 2265 co-

15 2277 49 2321 „s
73 2291 78 2298 ·
111 2279 240 2320 quidem
264 2279 353 2320 facto
377 2281 434 2312 illo
456 2281 570 2312 altero.
608 2280 660 2312 Cf.
679 2281 795 2313 Herm.
821 2282 861 2313 ad
878 2282 934 2313 Ai.

16 2321 77 2367 ’ζῖ
121 2335 148 2358 c.
179 2326 263 2359 Cum
281 2327 460 2359 indicativo
474 2329 642 2368 praeteriti
658 2325 845 2370 (excipitur
862 2337 939 2369 per—

17 2366 69 2418 f'jf]
91 2372 126 2405 in
144 2374 362 2414 significando
379 2375 515 2406 consilio
537 2375 587 2406 vel
606 2375 692 2414 fine,
720 2375 807 2416 quod
823 2376 887 2407 alia
903 2384 937 2407 re

17 2405 43 2453 ἲ,
60 2424 176 2452 .·¹ente
198 2421 331 2453 irritum
355 2422 480 2453 factum
496 2425 558 2453 est.
604 2418 668 2454 οὐκ
683 2419 840 2468 ὴνεσχόμ
865 2433 883 2454 ν
899 2421 938 2456 τὸ

24 2459 75 2500 ’9Ῐῇ
114 2466 194 2511 ᾖσαι
209 2465 336 2512 τούμὸν
354 2465 474 2502 ἄθλιον
499 2465 605 2512 δέμας
619 2494 626 2508 ,
652 2463 696 2501 ἵν’
714 2462 735 2515 ᾖ
756 2433 884 2515 τυφλῖἓς
901 2479 938 2502 τε

19 2514 34 2549 ,²²
136 2511 244 2559 μηδέν
262 2515 320 2547 OR
338 2512 439 2547 1389.
478 2515 573 2548 Suid.
593 2516 628 2546 in
645 2514 684 2548 τὸ
702 2515 778 2561 γάρ.
812 2517 938 2549 Sensus

22 2561 62 2606 ,ζ
88 2595 90 2597 ,
165 2565 196 2593 et
211 2571 325 2594 caecus
341 2565 371 2594 et
387 2562 507 2594 surdus
519 2586 527 2602 ,
554 2562 640 2603 quod
663 2572 754 2594 nunc
771 2573 860 2595 secus
876 2566 934 2595 est.

37 2602 80 2650 {fs
99 2616 147 2639 ιιι
171 2608 348 2641 indicativo
365 2608 493 2649 futuri,
521 2609 630 2641 fallaci
648 2611 759 2650 specie
777 2611 938 2642 similitu-

31 2652 39 2685 ἰ
82 2665 91 2701 j
118 2654 225 2687 inulae
250 2653 344 2693 ὅπως
360 2657 511 2698 componi
530 2657 629 2688 finale
645 2653 704 2689 ἵνα
720 2658 784 2689 sibi
800 2667 938 2698 persua-

13 2741 17 2745 .
35 2705 72 2744 “¹2³
91 2699 184 2733 nck.
213 2702 253 2734 ad
268 2703 348 2735 Eur.
370 2703 488 2735 Bacch.
511 2700 621 2743 1380,
651 2713 752 2744 quem
778 2705 939 2736 refutavit

22 2759 69 2791 ,μ
103 2751 183 2781 sunt
204 2753 316 2781 autem
333 2750 391 2781 illa
407 2751 519 2782 localis
536 2751 685 2782 adverbii
703 2752 869 2793 exempla.
891 2768 938 2773 ——

22 2794 104 2839 ’ᾖιιᾉί
120 2795 253 2828 rietate
279 2798 442 2828 sermonis
466 2798 502 2829 in
527 2797 584 2828 illo
611 2795 734 2843 ἱκόμην
750 2791 794 2831 ἵν’
812 2796 937 2843 ἱκόμην

74 2871 81 2886 ,
114 2851 198 2884 quae
215 2843 362 2876 adverbii
379 2847 443 2884 est,
464 2853 529 2876 non
548 2845 805 2885 coniunctionis,
825 2845 938 2876 obser—

24 2903 29 2909 ·
70 2903 95 2915 ¹·
129 2886 305 2924 ἱκνεῖσθαι.
326 2908 371 2915 —-
396 2891 470 2923 Non
495 2900 570 2923 esse
596 2892 730 2932 ellipsin
755 2892 937 2933 particulae

32 2942 46 2957 ·’
68 2928 272 2984 ξᾶπίσχετον,
301 2935 468 2983 μάθωμεν
494 2939 652 2978 exposuit
675 2938 790 2970 Herm.
819 2939 860 2970 de
879 2938 933 2970 ell.

130 2991 164 3024 p.
187 2980 264 3016 182.
293 2986 337 3016 cf.
357 2985 474 3016 Elmsl.
503 2985 543 3016 ad
561 2985 692 3016 Heracl.
714 2981 794 3018 559.
816 3002 857 3008 —-
887 2986 938 3017 De

28 3029 167 3064 ιαι-Μοι
190 3033 224 3062 et
249 3032 482 3063 coniunctione
508 3036 542 3064 et
558 3032 750 3063 discrimine
767 3033 938 3072 significa-

55 3061 288 3160 ’ῗέωλογικῆς
315 3082 349 3110 et
372 3075 636 3123 ἀποτελεστικῆς
662 3083 759 3110 acute
782 3079 939 3119 exposuit

49 3121 97 3166 *ff
119 3124 221 3156 2coni.
249 3134 282 3166 p.
311 3122 391 3157 510.
429 3117 525 3159 (Ἰνα
553 3125 743 3157 adverbium
767 3130 939 3166 poetarum

35 3187 37 3197 =
144 3171 350 3212 observavit,
377 3181 568 3213 quanquam
593 3174 634 3204 ab
655 3172 864 3213 Antiphonte
888 3173 940 3204 di-

34 3214 56 3230 ”“
77 3229 111 3264 ‘a
137 3239 146 3248 .
171 3219 320 3250 enotavit
344 3228 376 3260 p.
400 3216 478 3259 108,
500 3217 532 3250 5.
562 3236 603 3242 —
638 3220 689 3251 De
710 3223 788 3251 tono
806 3230 837 3251 V.
858 3220 936 3251 Arc.

760 137 946 208 Ἴναχος
973 170 1035 178 -
1058 134 1068 152 ’
1080 141 1153 190 Ῑού

1885 143 1983 193 337

973 257 1087 304 πατὴρ
1111 255 1148 291 δὲ
1173 258 1328 303 ποταμὸς
1347 251 1483 307 Ἴναχος
1508 260 1549 291 fr.
1570 255 1651 300 268,
1674 257 1705 291 1.
1743 252 1858 306 Ἴναχε
1882 262 1984 305 νᾶτορ

973 307 1036 338 παῖ
1061 310 1197 350 κρηνῶν
1223 305 1350 351 πατρὸς
1363 300 1527 340 Ὠκεανοῦ
1545 307 1586 338 fr.
1603 303 1683 347 256,
1701 304 1716 337 1
1746 317 1777 339 v.
1794 305 1979 364 γεννήτωρ.

973 350 1759 448 &affige³5355³t¹3213332222¹2·ffl¹.'¹3¹?
1774 351 1983 433 8..ῗέωὲιῖ

972 447 1155 487 generatim
1181 448 1327 486 regulam
1355 451 1469 489 posuit
1494 450 1570 480 Arc.
1597 458 1630 489 p.
1651 445 1709 487 85,
1731 445 1763 480 5.
1807 449 1858 480 De
1876 450 1983 490 prima

971 494 1129 534 producta
1147 493 1205 526 Gr.
1227 494 1340 526 Herm.
1362 505 1395 535 p.
1417 491 1498 526 446.

1041 560 1098 597 Ἰν
1111 562 1180 597 δικ
1190 562 1207 597 ό
1219 575 1234 601 ς
1248 564 1395 596 Indicus.
1414 563 1473 599 τὸν
1487 559 1627 599 Ἰνδικὸν
1641 563 1768 612 χρυσόν
1781 566 1860 598 Ant.
1877 562 1978 599 1038.

1040 626 1179 671 Ἰξίων
1204 643 1237 665 n.
1257 644 1307 676 pr.
1341 634 1398 668 τὸν
1422 633 1571 668 πελάταν
1593 633 1746 680 λέκτρων
1766 632 1846 674 Διὸς
1863 630 1982 675 Ἰξίονα

971 680 1030 713 Ph.
1052 676 1120 712 678
1138 680 1189 713 ch.
1219 679 1287 725 [De
1299 681 1399 723 Soph.
1422 682 1532 714 fabula
1546 692 1631 723 quae
1644 684 1692 715 sic
1706 683 1982 725 fueritinscripta

972 738 1002 759 v.
1026 728 1126 759 Dind.
1147 728 1186 759 ad
1201 729 1241 760 fr.
1261 725 1361 774 279.]

1009 807 1011 810 ⁴
1038 792 1265 844 Ἰξοφόρος
1291 801 1415 830 viscum
1432 799 1550 839 ferens.
1580 797 1759 846 ἰξοφὸρους
1778 798 1898 846 ’ὀρύαςτ
1919 799 1981 838 τὰς

972 842 1038 883 ἰξὸν
1056 843 1235 891 φερούσας.
1267 842 1354 891 Σοφ.
1376 842 1464 880 Μελ.
1486 846 1545 890 (fr.
1567 843 1651 891 354)
1667 847 1812 887 Hesych.

1061 899 1274 950 Ἰοβάτης
1299 915 1333 937 n.
1362 915 1412 946 pr.
1452 906 1570 945 Lyciae
1597 915 1667 938 rex.
1705 902 1823 949 [Soph.
1846 907 1979 939 fabulae

970 952 1017 983 sic
1035 951 1214 991 inscriptae
1231 956 1311 983 sunt
1328 953 1369 983 sr.
1390 949 1458 985 280
1475 962 1524 994 sq.
1546 962 1598 993 ap.
1620 951 1741 997 Dind.]

1040 1004 1246 1055 Ἰοκάστη
1264 1008 1319 1053 (ἴ)
1336 1020 1369 1041 ιι.
1390 1020 1440 1051 pr.
1478 1007 1544 1057 οὐχ
1559 1003 1671 1056 ἥκιστ’
1687 1007 1728 1044 ἂν
1742 1005 1903 1057 Ἰοκάστη
1920 1009 1981 1045 λέ-

970 1067 1023 1102 γοι
1040 1055 1097 1088 OR
1117 1053 1216 1089 1053.
1246 1055 1317 1101 ὁρῶ
1335 1055 1534 1105 στείχουσαν
1551 1051 1665 1092 Ἰοκάσ
1711 1070 1729 1091 ν
1747 1056 1825 1091 632.
1855 1058 1884 1092 ὦ
1901 1056 1981 1106 φίλ-

969 1114 1070 1137 τατον
1086 1103 1246 1148 γυναικὸς
1264 1101 1439 1150 Ἰοκάστης
1462 1103 1553 1150 κάρα
1569 1101 1650 1137 950.
1719 1107 1789 1138 εῖον
1806 1099 1982 1152 Ἰοκάστης

969 1149 1059 1197 κάρα
1079 1147 1177 1184 1235.
1214 1153 1403 1183 Accentum
1430 1153 1558 1184 notavit
1576 1153 1651 1184 Arc.
1673 1162 1708 1193 p.
1731 1150 1808 1193 115,
1829 1151 1864 1194 2,
1892 1154 1982 1195 apud

970 1208 1070 1239 quem
1087 1199 1249 1239 scriptum
1266 1192 1445 1244 Ἰωκάστη.
1472 1199 1514 1241 [v.
1532 1200 1706 1239 Wieseler,
1727 1199 1768 1232 de
1787 1201 1978 1233 nominibus

969 1246 1110 1287 propriis
1129 1245 1185 1277 Gr.
1205 1255 1345 1287 quorum
1371 1247 1460 1287 prior
1483 1256 1557 1288 pars
1581 1250 1633 1278 est
1650 1246 1705 1279 10.
1734 1246 1884 1288 Gotting.
1904 1248 1975 1280 ind.

970 1293 1061 1324 lectt.
1082 1293 1150 1324 hib.
1175 1289 1295 1337 1860]

1037 1347 1046 1360 '
1060 1347 1159 1396 Ῐόλη
1177 1349 1238 1394 (ἵ)
1255 1345 1346 1397 Ἰόλη
1362 1345 1509 1385 ’καλεῖτο
1529 1352 1583 1383 Tr.
1601 1349 1681 1384 381.
1707 1347 1822 1397 Ἰόλην
1836 1350 1982 1399 ἔφασκες

970 1394 1123 1444 Εὐρύτου
1142 1396 1271 1444 σπορὰν
1289 1396 1383 1444 ἄγειν
1400 1396 1480 1431 420.
1509 1392 1619 1444 Ἰόλην
1639 1396 1756 1438 ἔλεξας
1776 1396 1876 1432 1220.
1913 1401 1979 1432 Ac-

970 1449 1105 1477 centum
1122 1447 1327 1486 generatim,
1349 1446 1413 1478 etsi
1431 1455 1496 1478 non
1510 1446 1779 1478 animadvertens
1793 1447 1833 1478 ad
1846 1448 1982 1479 nomina

969 1493 1101 1534 propria
1124 1494 1251 1524 notavit
1277 1494 1354 1525 Arc.
1380 1503 1414 1535 p.
1439 1490 1515 1533 109,
1540 1490 1592 1525 12.
1629 1490 1677 1537 [v.
1699 1493 1875 1526 Wieseleri
1893 1503 1981 1526 com-

971 1543 1076 1571 ment.
1095 1540 1131 1571 in
1149 1537 1308 1586 Ἰοκάστη
1326 1538 1524 1584 laudatam]

1040 1595 1234 1635 *Ἰόνιος
1261 1610 1291 1630 v-
1314 1597 1419 1636 ὶπνός.
1776 1598 1809 1643 (1
1826 1609 1861 1641 p.
1881 1596 1983 1644 842.)

1040 1651 1123 1693 Ἰός
1147 1655 1192 1700 (ἱ)
1215 1656 1229 1699 n
1254 1659 1388 1698 sayitta.
1432 1655 1515 1702 ἧκεν
1542 1655 1701 1704 κομήτην
1730 1655 1779 1690 ἰόν
1812 1659 1867 1690 Τι’.
1896 1654 1977 1690 567.

972 1702 1097 1750 ἔβαψεν
1123 1702 1193 1740 ἰούς
1220 1701 1299 1736 574.
1346 1702 1417 1741 ἰοὺς
1445 1702 1618 1751 ἀφύκτους
1638 1703 1698 1738 καὶ
1715 1703 1982 1750 προπέμποντας

972 1749 1076 1797 φόνον
1094 1751 1153 1783 Ph.
1179 1748 1255 1784 105.
1300 1748 1563 1797 θηροβολοῦντα
1588 1753 1730 1798 πτηνοῖς
1755 1750 1821 1789 ἰοῖς
1842 1749 1906 1784 166
1923 1762 1977 1784 an.

971 1797 982 1841 Η
1014 1800 1123 1838 vim-³,
1159 1800 1327 1830 communi
1357 1808 1433 1830 cum
1463 1800 1570 1841 priore
1599 1800 1843 1839 significatione
1871 1803 1981 1831 ortum

973 1846 1063 1877 fonte
1091 1843 1190 1891 ἴημι,
1223 1847 1352 1885 emissi,
1385 1846 1479 1887 effusi
1509 1850 1708 1887 potestatem
1731 1846 1888 1879 habente.
1932 1845 1982 1884 ἰὸς

972 1889 1117 1937 αἵματος
1144 1890 1250 1937 μέλας
1275 1895 1350 1929 πῶς
1367 1890 1431 1926 οὐκ
1448 1891 1523 1926 ὀλεῖ
1537 1891 1596 1927 καὶ
1611 1890 1708 1926 τόνδε
1726 1893 1781 1926 Tr.
1802 1891 1871 1926 717
1902 1903 1980 1925 san-

971 1941 1046 1979 guis
1065 1949 1194 1972 veneno
1211 1940 1369 1971 infectus.
1399 1938 1538 1987 ἐχίδνης
1557 1938 1608 1977 ἰός
1626 1937 1704 1972 771.
1733 1938 1982 1986 προστακέντος

974 1985 1027 2019 ἰοῦ
1043 1983 1112 2019 833
1130 1987 1181 2018 ch.
1224 1988 1276 2018 De
1302 1987 1420 2028 spiritu
1438 1989 1610 2029 praecepit
1624 1988 1722 2019 Eust.
1742 1997 1775 2028 p.
1799 1985 1901 2027 1025,
1925 1984 1979 2019 12.

974 2034 1026 2065 De
1043 2037 1182 2066 accentu
1200 2045 1218 2065 a
1236 2034 1369 2073 vulgata
1385 2035 1629 2067 consuetudine
1654 2035 1826 2067 discedere
1851 2035 1984 2066 videtur

973 2082 1100 2121 gravari
1116 2081 1323 2122 praecipiens
1341 2082 1419 2112 Arc.
1439 2091 1472 2122 p.
1492 2079 1549 2122 37,
1570 2078 1635 2113 23:
1662 2079 1706 2114 τὰ
1727 2079 1775 2119 εἰς
1801 2092 1850 2119 ιος
1872 2080 1912 2115 τὸ
1930 2079 1983 2114 δί-

972 2138 1096 2175 χρονον
1114 2129 1154 2172 (i.
1175 2137 1204 2160 e.
1227 2138 1247 2167 ι,
1269 2137 1335 2160 non
1354 2126 1400 2171 ει)
1416 2126 1542 2176 ἔχοντα
1560 2127 1755 2175 βαρύνεται,
1784 2127 1884 2169 σάος,
1914 2126 1978 2169 ἴος,

971 2169 1055 2219 τ’ίος,
1077 2173 1130 2212 ἵος
1148 2173 1165 2209 ὁ
1185 2174 1301 2219 μόνος.
1343 2176 1413 2207 Hoc
1431 2186 1506 2208 cum
1524 2176 1676 2208 additum
1693 2177 1756 2216 sit,
1778 2177 1868 2208 locus
1885 2176 1984 2207 aliter

971 2223 1117 2262 intelligi
1149 2223 1207 2253 vix
1240 2226 1367 2263 potest3
1409 2224 1556 2255 insulam
1588 2224 1680 2255 enim
1708 2224 1767 2255 Ion
1800 2223 1982 2263 significari

973 2270 1057 2301 mihi
1082 2279 1148 2301 non
1172 2270 1366 2311 persuadeo.
1404 2270 1500 2302 Ratio
1526 2274 1639 2302 autem
1664 2271 1739 2302 acui
1755 2271 1850 2302 iubet
1865 2271 1906 2301 ab
1923 2279 1983 2302 an-

973 2318 1067 2357 tiqua
1084 2317 1189 2357 stirpe
1205 2314 1248 2349 ’ίω
1267 2317 1320 2348 vel
1336 2314 1382 2349 ἵω
1400 2321 1628 2359 propagatum.
1669 2317 1826 2350 Ceterum
1842 2316 1982 2358 Cyprio-

973 2373 1047 2395 rum
1065 2364 1253 2396 vindicatur
1270 2364 1409 2395 dialecto
1425 2375 1444 2396 a
1457 2364 1689 2405 glossographo
1702 2365 1808 2396 Bekk.
1827 2373 1862 2404 p.
1878 2360 1979 2396 1095.

1043 2415 1130 2454 Ἰού
1156 2420 1217 2464 (ἵ)
1240 2419 1494 2468 σχετλιαστικὸν
1520 2420 1695 2468 ἐπίρρημα
1719 2422 1812 2454 Phot.
1840 2431 1874 2463 p.
1900 2419 1979 2461 109,

974 2465 995 2500 3
1021 2471 1057 2500 et
1081 2467 1128 2504 ὡς
1152 2467 1191 2501 τὸ
1216 2471 1280 2514 φεῦ
1303 2467 1362 2502 καὶ
1385 2468 1424 2503 τὸ
1450 2471 1564 2503 παπαῖ
1584 2470 1752 2509 Hesych.;
1789 2479 1865 2501 cum
1887 2466 1983 2513 οἴμοι

974 2516 1038 2561 φεῦ
1055 2516 1273 2556 compositum
1290 2526 1309 2547 a
1323 2516 1436 2557 suida,
1457 2517 1620 2557 geminari
1638 2514 1691 2550 ἰοὺ
1706 2514 1759 2549 ἰού
1772 2517 1979 2548 observante.

973 2563 1072 2602 Acui‚
1093 2571 1160 2594 non
1176 2563 1306 2595 inflecti
1324 2568 1436 2595 contra
1451 2564 1634 2603 analogiam
1650 2564 1746 2596 docet
1763 2563 1864 2595 schol.
1879 2563 1980 2595 Dion.

975 2609 1053 2641 Thr.
1084 2619 1116 2650 p.
1142 2606 1231 2641 1237
1256 2611 1362 2642 Bekk.
1393 2620 1491 2642 causa
1514 2611 1645 2651 addita,
1674 2607 1793 2655 ἐπειδὴ
1823 2607 1984 2656 σχετλια-

974 2654 1088 2689 στικόν
1121 2654 1220 2696 ἐστιν,
1258 2656 1291 2690 οἱ
1324 2654 1361 2690 δὲ
1393 2655 1648 2704 σχετλιάζοντες
1677 2655 1768 2702 ὀξείᾳ
1796 2655 1984 2703 κέχρηνται

974 2702 1094 2750 φωνῇε
1133 2704 1219 2744 quod
1251 2705 1387 2745 quidem
1416 2699 1651 2745 argumentum
1680 2705 1825 2736 nimium
1853 2705 1978 2745 probat,

974 2760 1050 2782 cum
1067 2751 1115 2782 sic
1132 2751 1233 2781 etiam
1252 2750 1280 2783 ὤ
1297 2752 1537 2783 inflectendum
1555 2755 1664 2791 esset,
1694 2760 1770 2782 cum
1787 2751 1908 2783 doloris
1925 2760 1984 2782 ex-

974 2798 1125 2829 clamatio
1141 2802 1203 2828 est.
1240 2797 1467 2830 Consentiunt
1488 2802 1600 2830 tamen
1618 2802 1652 2830 et
1668 2799 1850 2830 lexicorum
1868 2798 1982 2830 condi-

974 2848 1060 2875 tores
1085 2848 1120 2875 et
1136 2845 1212 2875 Arc.
1233 2854 1267 2886 p.
1291 2842 1367 2885 183,
1389 2842 1435 2877 24
1460 2846 1501 2877 de
1525 2846 1662 2878 inflexis
1687 2847 1723 2877 in
1749 2856 1788 2878 ου
1814 2848 1853 2876 ut
1877 2845 1980 2876 schol.

973 2891 996 2922 1.
1018 2901 1046 2922 c.
1067 2891 1135 2923 sola
1151 2891 1326 2932 excipiens
1345 2889 1430 2932 ἰδού,
1453 2890 1518 2933 ἰού,
1537 2890 1588 2933 οὔ,
1609 2893 1692 2924 item
1706 2891 1767 2924 EG
1783 2888 1909 2933 p.451,
1922 2888 1979 2932 23,

975 2939 1041 2969 nisi
1067 2938 1156 2978 apud
1183 2938 1273 2970 hunc
1297 2939 1510 2971 scribendum
1536 2937 1571 2984 ἰή
1599 2940 1652 2970 vel
1676 2936 1740 2979 ἰαί,
1776 2948 1852 2970 cum
1877 2939 1984 2970 inter-

973 2985 1174 3017 iectionibus
1199 2986 1235 3016 in
1257 2995 1292 3018 αι
1308 2986 1415 3017 finitis
1433 2987 1548 3027 inepte
1567 2987 1788 3026 subiungatur
1815 2983 1880 3019 ἰοὺ
1906 2983 1983 3018 ἐπι-

975 3030 1126 3077 φώνημα
1149 3029 1273 3076 λύπης.
1313 3033 1352 3063 In
1371 3033 1596 3074 Aristophane
1614 3042 1723 3074 nuper
1739 3034 1910 3064 invectum
1929 3030 1982 3065 ἰοῦ

974 3079 1095 3120 partim
1113 3080 1152 3110 ab
1169 3078 1360 3111 Hermanno
1376 3078 1480 3123 (Nub.
1495 3077 1596 3120 1171,
1617 3080 1675 3111 ubi
1692 3080 1891 3111 recentiores
1909 3079 1982 3111 edi-

974 3126 1084 3157 tiones
1112 3123 1165 3158 ίού
1177 3152 1184 3166 ,
1214 3129 1344 3158 veteres
1363 3124 1414 3159 ἰοῦ
1432 3128 1520 3159 ferre
1538 3131 1733 3166 narrantur,
1762 3126 1803 3157 de
1820 3127 1914 3158 libris
1930 3129 1982 3158 ta-

975 3170 1085 3215 cetur]
1102 3173 1224 3213 partim
1242 3183 1260 3204 a
1276 3173 1448 3205 Dindorfio
1464 3171 1556 3216 (Pac.
1572 3171 1653 3206 317.
1673 3170 1759 3216 347)
1777 3174 1843 3204 solo
1860 3173 1982 3205 Suidae

975 3220 1166 3251 testimonio
1206 3220 1381 3260 subnixis,
1425 3221 1485 3262 qui
1521 3224 1695 3261 postquam
1729 3217 1983 3266 σχετλιαστικὸν

656 3264 689 3309 (1
706 3275 740 3307 p.
760 3262 841 3306 841,
862 3262 942 3310 25.)
976 3263 1150 3312 ἐπίρρημα
1183 3263 1252 3299 ἰού
1286 3267 1412 3307 retulit,
1449 3267 1603 3307 adiungit
1633 3265 1673 3300 τὸ
1700 3264 1766 3299 ἰοῦ
1791 3264 1848 3299 ἐπὶ
1871 3268 1983 3314 χαρᾶς

975 3315 1189 3358 περισπᾶται.
1232 3313 1324 3352 Quae
1348 3314 1463 3352 regula
1488 3323 1563 3345 cum
1583 3315 1672 3354 gravi
1689 3317 1724 3344 et
1740 3318 1892 3345 accurata
1907 3314 1984 3345 doc-

34 3349 51 3393 ἶ
98 3359 100 3362 ’
136 3354 389 3400 ος(ῑ)Ῑ1ιιυι“ιιε.
429 3359 483 3390 Ex
508 3359 704 3400 cognomine
722 3360 834 3391 fabula
849 3363 938 3398 saty-
975 3361 1063 3391 trina
1096 3360 1295 3392 scholiorum
1324 3361 1478 3400 Dionysii
1510 3370 1663 3402 pugnans
1692 3369 1736 3392 ex
1761 3361 1983 3392 recentiorum

166 3407 246 3436 sunt
278 3414 330 3446 ap.
361 3406 463 3437 Dind.
497 3407 536 3437 fr.
565 3402 778 3450 255-278]
801 3407 941 3439 affertur
975 3407 1170 3447 disciplina,
1198 3407 1391 3439 Aristarcho
1412 3408 1577 3447 maxime,
1607 3417 1682 3438 cum
1698 3411 1851 3448 possent,
1881 3408 1984 3439 refra-

1660 3461 1706 3496 22
