2288 3600
238 91 339 140 246

179 208 182 210 “
229 209 321 240 illinc
338 217 365 239 s.
383 217 429 240 ex
445 209 604 240 interiore
621 209 739 241 domus
755 212 862 251 parte,
884 211 907 242 i.
921 220 952 242 e.
965 211 1005 242 ab
1021 210 1253 243 habitantibus

229 265 303 287 eam
321 256 587 297 exspectandum
605 257 662 287 sit.
677 273 717 280 —
738 254 751 298 ΙΙ
771 257 942 289 Tralatum
959 257 1000 289 ad
1017 267 1071 289 res
1091 257 1253 298 deinceps

228 306 488 344 consequentes.
516 300 703 336 κάντεῦθεν
719 301 825 341 ἄλλος
842 301 948 337 ἄλλον
967 301 1093 351 ἔθραυε
1110 305 1165 336 El.
1183 302 1252 338 728

229 349 316 382 inde.
347 347 409 395 ὅρα
435 352 511 388 πῶς
539 361 598 394 μοι
619 348 804 384 τάντεῦθεν
830 349 1008 397 φροντίδος
1026 352 1087 383 Ph.
1109 349 1179 384 834
1196 352 1246 384 ch.

228 397 506 430 Subaudiendum
522 395 613 444 ἔχειν
633 395 685 431 δεῖ
702 407 728 430 s.
751 395 846 445 ἔχοις
864 396 923 432 div:
952 396 1134 433 τάντεῦθεν
1152 402 1244 441 sunt,

228 453 310 485 quae
327 443 444 476 deinde
461 445 590 485 ayenda
607 449 801 487 supersunt,
828 449 868 478 ut
893 449 982 478 recte
1008 447 1153 478 Brunck.
1180 456 1246 478 sec.

227 491 330 523 schol.
350 489 394 524 τὰ
413 490 500 536 μετὰ
511 494 619 526 ταῦτα
637 493 882 534 explicantem,
913 494 972 525 sed
996 503 1174 535 perperam
1199 495 1250 526 di-

227 539 470 579 stinguentem.

296 591 341 631 ‘E
350 608 368 630 ν
377 595 428 643 τή
439 608 498 631 κω
517 597 673 638 infundo.
704 598 897 631 Perfectum
911 603 945 631 et
957 600 1111 641 passivae
1124 601 1249 632 formae

226 654 340 677 omnes
358 645 573 677 intransitive
591 646 753 678 dicuntur
778 647 819 678 de
838 648 941 678 animi
957 647 1107 678 motibus.
1144 644 1181 679 ἐν
1211 645 1218 657 ’
1230 666 1249 671 -

225 702 322 725 κεται
346 689 410 738 γὰρ
438 689 643 737 πλευμόνων
663 690 754 730 ὅσοις
774 691 822 726 ἔνι
840 692 937 740 ψυχή
957 695 998 725 fr.
1021 695 1086 726 inc.
1109 657 1243 734 6782.

226 739 312 771 Cum
337 749 415 770 casu
430 740 578 771 secundo
592 741 719 772 dictum
733 742 952 782 exquisitius,
970 742 1066 772 velut
1080 739 1243 786 ἐμβαίνω,

225 783 417 831 ἐμβατεύω,
440 784 650 834 ἐντυγχάνω.
670 790 770 832 μῖσος
785 786 929 822 παλαιὸν
944 785 1107 833 ἐντέτηκέ
1120 788 1242 833 μοιΕΙ.

226 830 328 866 1311.
346 834 391 866 Et
402 835 535 865 inversa
544 835 685 875 ratione,
699 839 738 866 ut
752 836 828 876 quis
838 836 968 867 dicatur
982 837 1087 867 amori
1097 836 1242 876 deditus,

224 878 254 913 εἰ
270 874 368 926 κάρτ’
386 879 543 929 ἐντακείῃ
560 880 611 926 τῷ
630 880 741 928 φιλεῖν
757 883 811 914 Tr.
827 879 907 915 463.
926 884 1029 915 Recte
1045 883 1085 914 de
1099 883 1246 915 Hercule

223 929 370 969 intelligi
388 928 491 960 schol.
513 930 597 969 vult,
619 939 681 960 nec
695 931 813 969 obstat,
836 931 923 971 quod
941 931 1015 962 eius
1033 931 1160 962 mentio
1178 940 1245 962 non

223 977 375 1016 proxime
389 1001 396 1016 ,
431 976 490 1007 sed
525 977 713 1008 interiectis
743 978 818 1009 aliis
844 981 922 1009 ante
949 979 1034 1009 facta
1060 981 1128 1017 est3
1164 978 1245 1009 haec

223 1023 315 1054 enim
332 1023 471 1055 minoris
490 1025 651 1055 momenti
669 1028 769 1064 sunt,
797 1026 960 1066 brevique
978 1026 1027 1056 eis
1046 1025 1245 1065 defungitur

223 1071 326 1102 oratio
343 1070 383 1102 ad
400 1071 535 1110 gravius
553 1071 719 1103 reditura:
751 1069 869 1118 ἄρχειν
893 1082 969 1103 cum
987 1073 1089 1104 Amor
1107 1076 1141 1103 et
1158 1073 1244 1104 Ioles

222 1120 257 1149 et
274 1118 455 1149 Deianirae
473 1118 621 1159 dicatur,
653 1119 831 1160 utriusque
850 1123 973 1151 sortem
991 1120 1084 1151 illius
1102 1121 1243 1161 imperio

223 1165 294 1205 regi
311 1165 540 1206 significatur,
570 1166 732 1198 Deianira
757 1170 796 1198 ut
820 1168 1000 1199 Herculem
1026 1177 1111 1199 uxor
1129 1171 1243 1199 secuta

222 1222 314 1243 nunc
331 1212 438 1244 adhuc
456 1213 529 1244 eius
547 1223 656 1245 amore
670 1217 836 1254 teneatur,
860 1215 929 1246 Iole
942 1217 981 1245 ut
994 1214 1242 1256 propterAmo-

221 1260 265 1291 ris
283 1260 319 1291 in
333 1259 479 1292 Hercule
496 1262 681 1301 potentiam
699 1271 833 1301 gravem
847 1261 1001 1293 fortunae
1019 1262 1242 1293 mutationem

221 1307 375 1339 subierit.
427 1304 627 1352 [ἐντακῆναί
667 1319 733 1342 τινι
773 1309 1044 1350 colliquefactum
1076 1309 1243 1341 inhaerere

221 1354 333 1386 alicui.
353 1352 489 1398 Herm]

284 1404 503 1458 ”Εντῖμος
527 1415 582 1454 qui
608 1415 643 1445 in
668 1414 785 1446 honore
810 1417 868 1447 est.
914 1415 965 1446 De
983 1415 1139 1446 homine:
1168 1417 1242 1453 τοῖς

221 1457 357 1506 ἔνερθεν
376 1458 511 1506 ἔντιμον
529 1462 665 1507 νεκροῖς
683 1462 765 1493 Ant.
786 1457 843 1493 25.
890 1462 959 1493 Cur
976 1463 1039 1494 rite
1059 1463 1185 1504 sepulti
1203 1472 1241 1495 eo

220 1508 356 1540 nomine
374 1507 550 1548 dicantur,
578 1519 609 1539 v.
641 1518 693 1549 ap.
716 1509 842 1548 Musgr.
881 1506 1015 1554 ἔντιμος
1030 1508 1164 1547 τούτοις
1182 1510 1236 1541 ΕΙ.

219 1551 288 1587 239
305 1565 352 1588 m.
375 1573 415 1578 —
435 1555 487 1588 De
503 1565 558 1587 re:
587 1554 631 1589 τὰ
647 1560 715 1589 τῶν
733 1552 824 1590 θεῶν
844 1554 965 1600 ἔντιμα
983 1557 1064 1589 Ant.
1086 1554 1143 1588 77.

287 1610 479 1694 Ἐντολὲ
507 1614 716 1647 mandatum.
759 1612 862 1661 κείνῳ
895 1610 923 1648 τ’
958 1613 1047 1662 ἐμὴν
1071 1612 1240 1662 ἀγγείλατ’

218 1659 362 1708 ἐντολήν
381 1662 437 1694 Ai.
483 1658 528 1694 67

281 1710 499 1763 ”Εντονος
518 1723 672 1753 intentus.
702 1720 786 1766 πρὸς
802 1718 912 1767 ἅσπερ
929 1718 1080 1766 (πάθας)
1098 1721 1130 1756 οἱ
1176 1734 1240 1768 αρ-

219 1770 347 1814 γῶντες
365 1765 588 1802 ἐντονώτατοι
604 1770 646 1801 fr.
667 1770 734 1800 inc.
757 1766 836 1800 722.
1032 1768 1064 1812 (Ι
1083 1780 1116 1811 p.
1138 1734 1240 1815 6¹12.)

280 1817 507 1860 ”Εντοπος
531 1828 655 1867 accola,
675 1829 815 1859 vicinus.
853 1824 924 1872 βᾶτ’
943 1826 1080 1862 ἔντοποι
1096 1828 1151 1861 OC
1169 1826 1234 1862 841

217 1873 270 1905 ch.
307 1873 361 1906 Sic
385 1877 461 1915 post
485 1874 581 1906 Brck.
603 1875 733 1906 editur:
763 1875 923 1907 librorum
947 1877 1113 1917 scriptura
1140 1875 1238 1910 ἐντό-

217 1931 289 1954 πιοι
311 1930 448 1952 versum
471 1921 700 1956 dochmiacum
726 1923 859 1954 evertit.
905 1919 1001 1960 εἴτις
1020 1921 1163 1961 ἔντοπος
1181 1924 1237 1957 OG

219 1964 321 2000 1457.
357 1965 422 2001 οὐκ
439 1965 593 2014 ἔξεδρος,
622 1963 697 2002 ἀλλ’
722 1967 864 2007 ἔντοπος
890 1968 980 2016 ἁνήρ
1004 1971 1064 2002 Ph.
1094 1968 1164 2003 212
1181 1972 1233 2003 ch.

215 2026 246 2047 v.
268 2015 372 2047 schol.
393 2016 452 2047 Ar.
471 2016 536 2047 Av.
558 2013 639 2048 276.
685 2015 818 2063 ὁρῶντα
841 2014 949 2062 ἄνδρα
967 2011 995 2050 δ’
1013 2015 1123 2051 οὐδέν’
1142 2016 1236 2052 ἔντο-

215 2073 279 2096 πον
295 2059 376 2095 280.
421 2062 450 2096 ὦ
474 2060 584 2109 λῷστε
607 2067 676 2097 τῶν
695 2062 772 2110 πρὶν
799 2062 951 2098 ἐντόπων
971 2062 1058 2097 1171
1078 2075 1123 2096 m.
1168 2070 1236 2099 τῶν

218 2107 481 2156 πλησιασάντων
499 2110 601 2143 schol.

284 2167 303 2187 ⁸
315 2165 441 2203 Ἐντό
453 2181 469 2206 ς
491 2170 592 2201 intus.
623 2167 753 2216 ἑρκέων
773 2167 866 2207 ἐντὸς
885 2168 1160 2219 ἐγκεκλημένους
1177 2172 1234 2205 Ai.

219 2212 308 2248 1274
333 2216 402 2248 cod.
425 2217 557 2249 Bai-occ.
586 2226 646 2258 pro
663 2215 691 2250 ἑ.
721 2215 820 2255 οὗτος
839 2216 867 2252 ἐ.
889 2219 970 2250 satis
988 2219 1132 2251 elevavit
1149 2219 1231 2251 Lob.

215 2263 256 2295 ad
273 2263 305 2295 h.
326 2263 349 2295 l.

283 2306 523 2357 Ἐντρέπω.
569 2311 717 2343 Medium
744 2308 952 2357 ἐντρέπομαι
976 2314 1084 2345 solum
1107 2314 1143 2345 in
1169 2324 1234 2346 usu

213 2366 267 2400 ap.
291 2357 392 2399 Soph.
437 2357 634 2391 Primitivae
651 2368 683 2390 se
700 2358 911 2391 convertendi
928 2361 1168 2400 significationi
1185 2362 1235 2393 af-

213 2406 282 2437 fine
307 2407 360 2437 est
385 2402 574 2453 στείχωμεν
601 2403 689 2452 ἤδη,
733 2403 813 2486 μηδ’
839 2400 885 2439 ἔτ’
909 2404 1154 2453 ἐντρεπώμεθα
1179 2408 1234 2441 OC

216 2449 326 2493 1541,
362 2453 452 2494 quod
478 2456 531 2485 est
556 2450 646 2498 μηδὲ
672 2450 736 2498 μέλ
761 2464 866 2498 ωμεν.
913 2454 1046 2487 SchoL:
1077 2452 1149 2488 ἀντὶ
1173 2457 1234 2488 τοῦ

215 2496 607 2546 ἐπιστρεφώμεθα,
637 2501 727 2541 quod
748 2502 912 2542 quomodo
937 2502 1064 2533 dictum
1089 2503 1234 2534 voluerit

215 2555 307 2587 esse,
335 2547 454 2588 patefit
487 2557 529 2579 ex
555 2547 665 2580 addito
684 2540 842 2594 Ὅμηρος
857 2558 864 2565 ·
908 2546 1201 2594 ἐντροπαλιζό
1215 2570 1234 2575 -

215 2604 358 2638 μενος.
396 2594 562 2626 Usitatius
582 2598 652 2635 est,
676 2595 735 2627 sed
753 2597 794 2628 ab
811 2596 927 2628 eadem
944 2605 1008 2628 sese
1024 2597 1234 2629 convertenda·

213 2641 248 2672 vi
265 2641 425 2686 ductum,
453 2642 543 2682 quod
560 2651 674 2674 curare
687 2666 694 2680 ‚
714 2643 804 2674 cordi
821 2644 881 2675 sibi
898 2653 963 2674 esse
980 2646 1084 2675 sinere
1101 2645 1233 2684 signifi-

214 2692 277 2720 cat.
306 2687 353 2722 ὧν
373 2686 535 2734 ἐντρέπου
563 2687 601 2722 σὺ
620 2687 729 2735 μηδὲν
751 2689 809 2722 OR
826 2687 906 2722 724.
935 2688 1012 2724 εἶπε
1049 2695 1118 2724 τῶν
1135 2688 1234 2737 Λαβ-

214 2733 360 2769 δακείων
386 2732 590 2782 ἐντρέπεσθε
616 2734 784 2782 δωμάτων
815 2733 916 2770 1226.
960 2735 993 2771 τί
1008 2701 1105 2783 βαιὸν
1123 2736 1233 2777 οὕτως

215 2780 369 2828 ἐντρέπει
384 2785 448 2829 τῆς
467 2781 671 2830 συμμάχους
694 2784 749 2816 Ai.
771 2780 828 2816 90.
858 2781 956 2818 οὐδὲν
976 2783 1130 2831 ἐντρέπει
1147 2783 1233 2830 ἐμοῦ

213 2840 251 2875 γε
273 2830 325 2862 El.
357 2826 425 2862 519
467 2831 697 2870 adsignificato
739 2833 869 2872 procaci
902 2835 936 2863 et
970 2842 1037 2864 non
1071 2834 1232 2873 morigero

213 2877 336 2910 animo.
392 2874 475 2922 ηδὲν
494 2875 665 2924 ἐντραπῄς
679 2874 851 2910 0R1056.
880 2879 952 2911 Hoc-
969 2877 1233 2925 ἐπιστρέφεσθαι

213 2924 341 2956 scilicet
401 2925 544 2956 omerico
574 2925 732 2957 vocabulo
764 2927 1034 2967 interpretantur
1059 2927 1163 2960 schol.
1191 2928 1231 2959 ad

212 2971 268 3003 Ai.
289 2972 312 3002 l.
333 2981 361 3003 c.
383 2974 418 3002 et
434 2971 492 3003 ΟΒ
509 2968 597 3012 724,
627 2973 737 3004 addito
750 2998 757 3012 ,
785 2974 916 3014 quando
934 2974 968 3005 id
985 2975 1073 3015 quod
1092 2972 1230 3020 φροντί-

215 3016 281 3056 ζειν
306 3019 447 3050 verbum
472 3019 648 3060 significet,
670 3021 857 3060 genitivum
874 3021 1056 3062 postulare.
1101 3021 1229 3053 Eodem

213 3074 289 3096 cum
315 3074 392 3097 casu
409 3066 476 3096 iam
493 3066 591 3098 Hom.
614 3068 802 3108 composuit
818 3068 857 3099 11.
881 3065 936 3108 14,
957 3065 1042 3108 554,
1066 3074 1228 3101 memora-

212 3114 268 3143 tus
293 3113 333 3144 ab
350 3112 494 3144 Antiatt.
517 3113 628 3154 Bekk,
658 3123 693 3155 p.
717 3110 779 3154 94,
814 3111 876 3155 12,
905 3117 940 3146 et
963 3115 1116 3156 saepius3
1146 3116 1228 3148 item

213 3158 306 3191 Plato
323 3158 463 3191 Phaedr.
484 3169 518 3200 p.
539 3157 608 3192 254
626 3171 644 3192 a
669 3161 710 3192 cf.
734 3159 851 3193 Stallb.
872 3171 906 3202 p.
929 3159 1007 3193 111.

283 3213 520 3263 Ἐντρῖβής
545 3220 748 3251 exercitatus.
792 3218 869 3298 πρὶν
895 3217 935 3253 ἂν
960 3217 1086 3266 ἀρχαῖς
1110 3232 1146 3254 τε
1170 3220 1229 3255 καὶ

212 3261 363 3309 νόμοισιν
381 3262 537 3311 ἐντριβὴς
555 3265 646 3312 φανῇ
661 3266 742 3298 Ant.
773 3263 815 3298 17
843 3292 849 3298 .

283 3314 506 3368 Ἐντροπή
532 3326 618 3355 ratio
635 3326 657 3356 i.
680 3334 708 3357 e.
731 3334 822 3356 eura.
867 3326 928 3359 τοῦ
943 3323 1074 3372 τυφλοῦ
1092 3320 1153 3359 τιν’
1171 3325 1228 3360 ἑν-

211 3368 342 3415 τροπὴν
361 3366 444 3410 ἕξειν
462 3370 518 3404 ΟΟ
535 3367 615 3403 299.

954 88 1171 160 Ἐντήκω
1199 122 1260 130 --
1283 89 1295 108 ’
1306 91 1552 161 Εξαίρετος

1990 104 2023 152 [ι
2039 86 2288 153 9:6114613.

1355 200 1363 215 ¹
1377 207 1458 245 Εντ
1468 221 1486 256 ρ
1495 222 1514 244 ο
1525 222 1550 258 φ
1560 222 1578 245 ο
1589 222 1605 249 ς
1631 213 1824 245 innutritus.
1869 212 2003 245 Tralate
2027 210 2155 246 παλαί’
2186 209 2288 258 &epo

1288 255 2098 352 J&³222i..‡321.zcz1*÷.¹31112·
2119 268 2138 292 0
2160 269 2252 354 *a
2269 271 2288 341 z

1285 315 1517 398 ῗτῷδ’.ἕθηκας
1536 351 1702 399 ἔντροφον
1719 353 1775 386 OG
1795 350 1886 386 1362
1902 355 1925 386 i.
1946 364 1976 387 e.
1998 317 2206 394 ἐνέζεείιὲαίςξι

1357 417 1641 470 Ἐντυγχάνω
1668 423 1778 456 incido
1808 425 1854 456 in.
1901 424 1986 458 Cum
2012 424 2081 458 dat.
2098 436 2108 456 :
2139 423 2288 460 τοιούτοι

1286 470 1410 503 κακοῖς
1435 468 1533 516 ἐντυγ
1561 468 1633 504 άνω
1657 471 1713 503 Ai.
1742 467 1823 504 433.
1877 471 1988 504 Affert
2013 472 2079 504 EM
2096 482 2130 514 p.
2149 468 2216 514 27,
2245 469 2288 506 23

1288 517 1403 549 Nude:
1430 481 1594 565 χώπόξεν
1611 516 1718 564 πένης
1743 517 1808 564 άνὴ
1850 513 1931 564 μηδ’
1949 517 2102 566 ἐντυχὼν
2122 516 2247 553 δύναιτ’
2264 515 2288 558 ἃ

1286 563 1333 598 ὦν
1360 563 1422 611 ἐρᾷ
1446 567 1565 612 τυχεῖν
1591 565 1707 598 Alead.
1737 567 1779 597 fr.
1813 529 1898 607 109,
1926 563 1949 598 8
1973 576 2014 598 ne
2030 568 2288 607 opportunitatem

1286 611 1417 652 quidem
1446 616 1564 645 nactus
1589 615 1772 654 assequitur
1790 623 1871 654 quae
1897 612 2082 652 desiderunt,-
2109 613 2207 655 longe
2224 615 2288 646 illus

1285 659 1474 699 elegantius
1501 670 1601 701 quam
1634 661 1734 692 scribi
1768 658 1979 707 εὐτυχῶν.
2025 661 2163 693 Inverso
2188 661 2288 694 ordin<

1284 707 1413 738 dictum
1441 707 1482 738 de
1507 717 1541 738 re
1566 707 1751 747 obtinyente
1768 708 1903 739 videtur
1920 705 2053 741 παῦλαν
2072 705 2146 742 ἴσθι
2162 706 2213 754 μή
2231 719 2288 744 παι

1285 751 1439 800 ἐντυχεῖν
1465 752 1565 787 νόσου
1592 755 1653 786 Ph.
1678 751 1776 786 1329.
1824 755 1890 788 Sed
1911 765 2032 787 sensus
2055 753 2096 789 ἄν
2122 755 2288 800 desiderat

1283 804 1322 832 ut
1346 802 1399 833 vel
1425 801 1545 833 Elmsl.
1576 802 1616 833 ad
1648 802 1702 833 Ai.
1733 798 1820 834 1081
1848 802 2038 834 emendatio
2063 800 2111 836 ἂν
2136 803 2280 850 τυχών

1284 849 1337 879 vel
1356 848 1486 881 Schaef.
1516 859 1560 880 m.
1588 859 1634 881 cr.
1661 859 1694 890 p.
1715 845 1761 881 86
1787 852 1822 881 et
1846 850 1936 882 Pors.
1964 859 2018 891 ap.
2041 850 2142 883 Kidd.
2163 861 2197 892 p.
2219 847 2288 884 220

1283 892 1330 927 ἂν
1356 898 1511 941 τυχεῖν
1538 897 1718 937 probabilis
1742 897 1906 928 videatur.
1934 912 1978 920 *—
2017 898 2055 931 C.
2081 899 2207 938 yenit:
2233 901 2288 931 τιΐι1

1283 936 1361 987 παρ’
1379 935 1466 987 ἡμῖν
1478 942 1630 990 ἐντυχὼν
1642 937 1890 989 Ἀσκληπίδαιν
1900 945 1948 976 Ph
1961 941 2078 977 .1333.
2100 956 2131 976 v.
2145 939 2288 991 ἈσκληίΙ

1282 988 1394 1035 πίδης.
1426 991 1612 1022 Hermanni
1630 992 1714 1023 ratio
1726 992 1906 1032 probabilis
1917 992 1976 1024 sed
1988 993 2088 1033 paulo
2102 994 2288 1029 contortiorz,

1281 1035 1358 1083 πρὶν
1377 1034 1417 1070 ἂν
1437 1035 1627 1084 μαλαχιΨς
1644 1036 1758 1078 νόσου,
1782 1036 1933 1085 ἐντυχὼν
1956 1036 2068 1086 τούτῳ
2086 1038 2149 1082 (sc.
2163 1039 2214 1085 τῷ
2232 1050 2288 1085 μαι

1280 1081 1473 1131 λαχθῆναι)
1488 1089 1556 1118 τῶν
1574 1059 1820 1131 ’Ᾰσκληπιδῶν
1839 1087 1861 1118 i.
1876 1097 1908 1128 q.
1924 1085 2016 1132 παρὰ
2031 1090 2113 1120 τῶν.
2143 1088 2209 1121 Sed
2225 1097 2242 1119 c

1280 1131 1520 1179 συντυγχάνω,
1551 1131 1724 1178 ἐμβαίνω,
1753 1131 1953 1178 ἐμβατεύω,
1983 1135 2047 1166 alia
2072 1145 2099 1166 c.
2121 1136 2225 1175 genit.

1280 1183 1416 1219 cantur,
1446 1183 1535 1212 recte
1561 1182 1663 1213 etiam
1689 1182 1730 1212 ab
1755 1179 1952 1228 ἐντυγχάνω
1979 1182 2008 1213 is
2035 1192 2131 1214 casus
2155 1192 2258 1224 suspe

1280 1227 1390 1259 detur.
2019 1227 2051 1273 (Ι
2068 1239 2103 1271 p.
2121 1226 2188 1263 613
2205 1231 2228 1262 1.
2245 1227 2280 1270 2,

1351 1279 1605 1324 Ἐνυάλιος.
1669 1288 1784 1320 Martis
1818 1297 2011 1327 cognomen.
2068 1284 2279 1336 χαλκοθώ“

1280 1327 1459 1371 Ἐνυάλιος
1479 1335 1532 1366 Ai.
1558 1331 1622 1366 179
1642 1335 1692 1366 ch.
1739 1336 2044 1376 Interaspirabatur
2068 1347 2087 1368 a
2111 1337 2286 1369 nonnull‘⁴

1280 1392 1310 1411 v.
1334 1381 1455 1413 Lehrs:
1474 1382 1579 1414 Arist.
1602 1391 1634 1422 p.
1658 1379 1738 1415 333.
1769 1380 1838 1427 [De
1856 1383 1961 1415 Marte
1979 1383 2121 1423 Enyalio
2139 1395 2171 1416 V.
2185 1383 2246 1417 Wo
2268 1400 2271 1410 ι

1278 1427 1314 1459 in
1343 1428 1445 1460 Gerh.
1471 1429 1529 1460 AZ
1563 1426 1672 1469 1857,
1709 1439 1742 1470 p.
1776 1426 1840 1461 103
1866 1433 1902 1462 et
1925 1431 1961 1462 in
1987 1432 2132 1473 append.
2162 1432 2236 1464 crit.
2264 1431 2270 1459 s

1279 1475 1332 1507 Ai.
1356 1475 1379 1506 l.
1402 1473 1449 1519 c.]

1348 1527 1447 1568 Ἐνυ
1459 1532 1478 1579 β
1490 1545 1507 1580 ρ
1519 1533 1594 1574 ίζω
1612 1538 1813 1568 contumelia
1830 1536 1955 1579 afficio.
1985 1534 2055 1583 ὅτῳ
2074 1531 2102 1571 σ’
2121 1535 2255 1584 ἐνύβρισ
2275 1518 2278 1526 .

1277 1579 1487 1627 (πράγματι)
1505 1583 1565 1614 Ph.
1588 1580 1657 1614 342
1674 1580 1711 1626 (ὖ
1731 1584 1766 1615 in
1784 1583 1878 1627 arsi).

1343 1632 1420 1674 ’Ἑν
1432 1639 1479 1674 υδ
1492 1650 1509 1685 ρ
1521 1648 1565 1674 ος
1589 1639 1697 1686 [Curt.
1722 1643 1777 1674 Et.
1800 1653 1834 1674 n.
1856 1640 1941 1688 299]
1967 1645 2105 1686 aqualis.

1276 1681 1305 1719 τ’
1330 1685 1464 1733 ἔνυδροι
1486 1687 1710 1733 λειμωνιάδες
1735 1690 1796 1721 Ph.
1822 1687 1911 1723 1454
1937 1701 1991 1723 an.
2020 1685 2057 1735 (ὖ
2083 1695 2122 1724 ut
2144 1692 2182 1723 in
2207 1691 2259 1724 th

1276 1735 1516 1780 anapaestica].

1346 1787 1419 1827 Ἐν
1430 1793 1458 1827 ώ
1469 1806 1577 1839 μοτο
1589 1807 1606 1832 ς
1632 1796 1847 1828 iureiurando
1864 1796 2046 1829 obstrictus.
2077 1795 2189 1843 ὅρκων
2208 1795 2262 1831 οἷ

1274 1838 1317 1885 ἠν
1343 1839 1516 1886 ἐνώμοτος
1540 1843 1594 1874 Ai.
1629 1839 1729 1875 1113.
1783 1843 1837 1875 Sic
1868 1844 1928 1875 LA
1946 1854 1990 1876 m.
2018 1854 2084 1877 rec.
2113 1848 2148 1878 et
2177 1854 2260 1887 apo„-

1274 1897 1399 1929 pauca,
1421 1887 1601 1934 ἐπώμοτος
1626 1891 1686 1922 LA
1704 1900 1755 1931 pr.
1775 1891 1863 1922 Flor.
1886 1887 1911 1924 Γ
1929 1888 1956 1925 Δ
1973 1892 2113 1934 reliqua.
2159 1893 2214 1924 Ex
2230 1893 2252 1925 h

1276 1937 1413 1967 fortasse
1431 1937 1501 1968 loco
1520 1938 1613 1969 Suid.
1643 1940 1678 1969 et
1695 1938 1816 1970 Zonar.
1836 1935 1869 1969 2.
1897 1948 1931 1979 p.
1949 1936 2017 1971 720
2044 1938 2239 1985 ἐνώμοτο
2270 1940 2273 1942 ’

1275 1981 1395 2029 ἔνοχος
1412 1986 1486 2020 τοῖς
1505 1982 1630 2030 ὅρκοις.
1723 1982 1729 1987 ’
2256 1993 2258 1995 ’

1343 2035 1626 2088 Ἐξαγγέλλω
1654 2044 1785 2084 publice
1815 2046 1944 2076 nuntio.
2003 2040 2204 2092 κάξάγγελλ’
2229 2045 2251 2080 l

1271 2087 1331 2121 καὶ
1348 2091 1431 2122 πᾶσι
1448 2087 1653 2135 Καδμείοισι
1680 2091 1735 2124 OC
1756 2088 1856 2124 1393.
1902 2092 2070 2124 Medium:
2099 2092 2207 2128 τῶνδε
2237 2112 2253 2157 γ’.

1271 2135 1372 2182 χάριν
1390 2136 1450 2170 καὶ
1468 2131 1557 2183 δεῦρ’
1576 2136 1721 2183 ἔβημεν,
1743 2138 1790 2172 ὧν
1810 2133 1858 2172 ὅδ’
1877 2135 2114 2185 ἐξαγγέλλεται
2130 2142 2189 2186 ΟΒ

1272 2185 1369 2216 Eust.
1392 2194 1424 2225 p.
1447 2182 1527 2226 694,
1548 2182 1614 2226 20,
1643 2195 1743 2227 quem
1761 2187 1916 2227 sequitur
1932 2186 2022 2228 Erf.,
2050 2189 2177 2229 passivi
2192 2185 2232 2232 (i.
2265 2188 2267 2190 ’

1273 2229 1394 2275 medii)
1412 2242 1511 2264 usum
1529 2242 1588 2274 pro
1606 2234 1713 2264 activo
1730 2234 1833 2275 positi
1850 2243 1876 2265 s.
1898 2234 2099 2275 deponentis
2115 2236 2262 2276 agnosci

1273 2288 1465 2321 comparans
1484 2277 1629 2318 ἐσώζετο
1643 2279 1707 2326 τὴν
1721 2274 1898 2325 εὐλάβειαν
1916 2291 1959 2313 ex
1971 2282 2024 2313 El.
2038 2279 2117 2324 993,
2139 2287 2174 2315 et
2187 2283 2214 2315 E

1271 2326 1360 2367 pidis
1380 2325 1532 2372 ἐγήματο
1550 2327 1637 2359 Med.
1659 2324 1739 2359 264.
1786 2329 1968 2369 Multiplex
1985 2332 2098 2361 autem
2116 2331 2250 2363 Eusta

1272 2383 1361 2405 error
1377 2377 1448 2414 est,
1478 2384 1555 2406 nam
1579 2379 1613 2406 et
1638 2376 1674 2406 in
1700 2373 1846 2414 ἐσώζετο
1862 2374 1926 2421 τὴν
1944 2373 2123 2421 εὐλάβειαν
2140 2388 2200 2410 sua
2225 2380 2256 2415 ..s

1271 2421 1324 2452 dio
1342 2422 1424 2453 ratio
1442 2424 1581 2462 constat,
1604 2432 1665 2453 nec
1683 2426 1736 2454 est
1753 2423 1943 2464 deponam,
1964 2426 1999 2455 et
2017 2422 2170 2470 ἐγήματο
2196 2439 2202 2453 ι
2242 2466 2243 2471 ¹

1271 2468 1437 2509 alienum,
1460 2472 1510 2500 'et
1541 2469 1576 2500 in
1607 2469 1664 2501 ΟΒ
1696 2470 1766 2502 loco
1799 2479 1874 2502 cum
1906 2475 2117 2512 opponantur
2142 2473 2213 2504 invi

1270 2513 1379 2548 τῶνδε
1395 2514 1496 2562 χάριν
1515 2510 1605 2561 δεῦρ’
1624 2515 1751 2562 ἔβημεν
1769 2520 1804 2549 et
1821 2517 1868 2550 ὧν
1887 2515 2142 2564 ἐξαγγέλλεται,
2164 2529 2182 2552 c
2201 2543 2204 2547 .

1271 2563 1374 2594 medii
1392 2564 1462 2595 veri
1479 2572 1599 2595 sensus
1616 2565 1883 2605 perspiceretur,
1909 2566 1938 2596 si
1954 2565 2105 2598 additum
2123 2569 2212 2599 osset

1271 2606 1407 2651 ἑαυτοῦ,
1430 2620 1511 2651 quae
1529 2612 1585 2642 ille
1602 2612 1689 2643 ultro
1706 2615 1736 2643 et
1754 2613 1847 2653 quasi
1863 2611 1903 2643 de
1919 2622 1977 2643 suo
1989 2614 2142 2653 protulit.
2271 2610 2274 2617 ’

1340 2673 1598 2727 Ἐξᾶγιστος
1620 2683 1813 2721 piacularis,
1858 2680 1880 2715 ἃ
1904 2680 1934 2714 δ’
1953 2680 2107 2728 ἐξάγιστα
2124 2682 2214 2730 μηδὲ
2245 2679 2251 2706 ‚³⁴

1269 2728 1376 2760 νεῖται
1393 2725 1486 2774 λόγῳ
1505 2727 1559 2760 OC
1581 2725 1681 2760 1526.
1718 2727 1855 2775 καθαρά
1873 2731 1974 2762 schol.
1997 2732 2038 2762 cf.
2060 2728 2220 2764 Abresch.
2237 2741 2246 2774 '‚

1269 2775 1392 2807 Aesch.
1414 2776 1476 2815 Ag.
1499 2772 1578 2807 649.
1615 2776 1754 2808 Rectius
1772 2787 1799 2808 c.
1821 2777 1935 2809 Herm.
1959 2787 2039 2818 quae
2051 2779 2223 2818 piaculum
2247 2775 2249 2777 ’

1268 2830 1327 2853 nec
1344 2823 1418 2853 licet
1431 2821 1536 2854 dicere
1547 2823 1790 2864 interpreteris.
1817 2825 1869 2855 Ex
1883 2825 2022 2865 antiquo
2036 2828 2071 2857 et
2084 2821 2177 2857 docto
2190 2825 2222 2857 fo

1268 2868 1435 2908 Hesych.:
1474 2867 1701 2926 ἐξάγιστα;
1740 2869 1850 2904 πάντα
1872 2869 1916 2904 τὰ
1943 2869 2015 2917 ἱερὰ
2037 2869 2096 2905 καὶ
2118 2871 2252 2918 ἀφωσ’

1268 2914 1371 2959 μένα,
1400 2914 1422 2949 ἃ
1449 2914 1514 2963 οὐχ
1540 2915 1612 2951 οιόν
1637 2928 1673 2949 τε
1700 2916 1942 2962 ἐκκομίζεσθαι
1957 2923 2025 2951 τῶν
2046 2917 2155 2964 ἱερῶν.
2206 2934 2212 2936 ⁴
2235 2939 2236 2942 =

1268 2961 1305 2996 δὲ
1323 2961 1410 3007 ἁγνὰ
1426 2962 1610 2999 ἀπέδοσαν.

1337 3015 1517 3068 Ἐξᾶγω.
1548 3024 1684 3064 Proprie
1701 3022 1802 3054 educo
1820 3034 1846 3055 s.
1869 3023 2005 3055 abduco.
2040 3019 2134 3070 τήνδ’
2152 3016 2211 3063 ἐξά

1265 3066 1414 3103 ἄκουσαν
1432 3069 1487 3102 OC
1504 3067 1584 3102 826.
1623 3070 1726 3102 Paulo
1744 3071 1840 3102 aliter
1856 3071 1983 3102 dictum
2000 3070 2103 3115 τήνδε
2119 3071 2183 3116 τὴν
2199 3069 2243 3106 δ”

1266 3113 1330 3149 οὐκ
1348 3111 1419 3149 ἔσθ’
1437 3114 1531 3154 ὅπως
1554 3115 1593 3150 οὐ
1618 3116 1734 3150 πιστὸν
1759 3115 1793 3156 ἐξ
1817 3115 1913 3162 ὑμῶν
1939 3118 2061 3164 πτερὸν
2080 3111 2212 3164 effi-(0:⁴5¹

1264 3157 1334 3196 τόδ’
1351 3160 1455 3200 ἄλσος
1473 3164 1528 3196 OO
1547 3161 1592 3196 98
1610 3166 1656 3196 ita
1673 3165 1767 3196 duxit
1779 3189 1787 3204 ,
1818 3168 1855 3196 ut
1879 3166 2052 3204 zonyomm
2077 3173 2223 3197 errorum

1266 3210 1323 3241 hoc
1348 3211 1420 3242 luco
1446 3211 1545 3251 finem
1569 3212 1759 3243 invenirem.
1783 3229 1824 3235 —
1844 3212 1975 3243 Tralate
1999 3212 2102 3252 ferre,
2132 3213 2186 3252 yiy
2218 3211 2249 3242 -Χ

1265 3253 1330 3289 οὐκ
1349 3254 1503 3303 ἐξάγουσι
1521 3257 1652 3303 καρπὸν
1670 3257 1703 3291 οἱ
1720 3256 1857 3304 ψευδεῖς
1873 3256 1969 3303 λόγοι
1987 3260 2026 3290 fr.
2049 3261 2114 3290 inc.
2137 3255 2214 3290 717.
2233 3274 2240 3303 J

1334 3321 1586 3373 Ἐξαίρετος
1619 3332 1794 3369 exemptus.
1857 3326 2023 3373 ἐξαίρετον
2063 3326 2183 3409 τίθημι
2235 3351 2244 3367 ;

1264 3371 1425 3407 άκουσίαν
1443 3375 1483 3406 fr.
1505 3375 1571 3407 inc.
1592 3371 1672 3408 822.
1701 3373 1769 3420 [De
1787 3379 1864 3408 tono
1882 3377 1963 3408 Lob.
1985 3376 2091 3409 Paral.
2112 3374 2134 3409 4
2157 3369 2209 3420 8.]
2232 3409 2235 3425 2
