2288 3600
0 0 268 176 Eram—857]

0 172 19 193 ’Ν

0 188 63 258 kae
79 211 322 251 Winshemius,
342 211 475 251 Ratan„
499 211 644 244 Brunck.
665 211 700 242 in
717 219 782 252 quo
799 214 833 242 et
851 207 958 247 ἴσως

0 261 90 300 ωηο
103 261 259 300 ineptum
277 262 340 298 est,
368 261 403 293 et
419 257 503 290 illud
520 259 688 298 ineptius,
715 258 867 291 morbum
884 257 958 289 alfia

0 301 50 347 ffl-
67 306 148 339 locis
179 305 452 344 circumvagando
481 305 657 346 fatigatum
688 304 730 337 ad
751 304 959 337 Philoctetes

0 353 69 393 Ure.
97 353 269 390 Meliorem
286 353 374 384 viam
392 352 505 384 Herm.
526 352 605 385 iniit
617 377 624 391 ,
653 351 868 385 distinctione
885 355 959 392 post

0 397 92 438 econ<
107 400 235 442 posita:
262 398 392 433 morbus
408 397 493 430 redit
510 399 617 438 longis
634 399 816 431 intervallis
840 407 954 438 voque,

0 457 50 491 fue
71 449 109 479 ut
133 446 309 486 desaeviit,
337 454 435 485 vagos
452 449 488 478 et
502 446 660 478 fortuitos
677 446 824 486 impetus
842 446 889 478 ita
905 454 959 477 re-

0 495 105 536 panas
118 494 221 530 etiam
233 493 437 525 cessationes
450 501 524 524 esse
536 493 741 532 intelligens,
760 493 853 525 velut
866 489 959 530 ὀξεῖα

0 540 56 586 1τᾷ
71 538 130 574 καὶ
143 533 262 586 ’παχεῖ’
277 537 463 585 ἀπέρχεται
480 539 603 572 dicitur
615 536 695 572 806.
715 540 754 572 In
768 549 834 580 quo
855 548 958 572 unum

0 589 34 625 id
58 583 228 628 desidero,
257 587 344 628 quod
367 583 491 619 πλάνοι
508 586 548 618 de
565 587 658 626 vagis
672 587 873 627 impetibus,
896 586 959 618 mi-

0 643 42 674 ne
68 644 144 666 vero
171 634 212 666 de
237 635 409 675 inopinata
434 634 619 666 cessatione
641 634 706 666 dici
724 634 845 675 potuit.
874 630 958 670 ἴσως

0 677 209 728 Ἰ,ὀξετιελήσθη
234 682 435 722 interpretor
447 682 574 720 pariter
596 683 633 713 ut
649 680 814 719 desaeviit,
823 680 891 712 ·hoc
907 684 959 712 est

0 729 81 766 ῄόιιε
99 729 300 766 ἰηιεφυαὶιίες
320 725 376 760 διὰ
391 725 518 774 χρόνου
535 725 615 773 ἥκει
631 725 784 768 πλάνοις,
802 730 877 767 post
894 728 958 759 ali-

0 775 38 819 „d
52 779 180 816 tempus
196 784 300 815 vayus
315 774 412 814 redit,
432 775 454 806 i.
468 784 498 806 e.
516 784 635 808 rursus
652 776 687 808 in
707 784 760 806 me
776 778 955 814 grassatur.

0 823 76 862 ulis
98 823 267 855 sententia
297 823 333 853 in
358 822 544 855 Hermanni
570 822 734 863 quondam
768 822 959 853 coniectura

0 868 134 907 ,άνοις
159 866 276 906 ἴσοις
301 869 401 900 inest.
421 886 461 892 -
481 869 494 911 ΙΙ
514 870 681 910 Fortasse,
703 870 725 900 i.
747 879 776 901 e.
804 873 842 900 ut
857 869 957 900 alicui

0 927 10 949 ι
25 921 58 951 et
74 919 329 949 consentaneum
342 916 505 948 videatur.
528 917 579 948 De
597 926 630 948 re
646 918 757 949 minua
773 919 880 947 certa:
898 917 957 948 νῦν

0 974 12 1004 μ
38 961 123 1001 ἴσως
143 961 250 999 τόπον
276 960 448 1008 προσιδεῖν
475 959 604 1000 ἐθέλεις
631 961 743 996 ὅντινα
765 964 877 996 κεῖται
894 963 953 994 Ph.

0 1008 87 1049 2211.
118 1009 154 1044 ὃν
177 1007 292 1047 κλύεις
309 1007 393 1046 ἴσως
410 1013 479 1042 τῶν
503 1004 715 1056 Ἡρακλείων
734 1008 815 1043 ὄντα
833 1007 959 1043 δεσπό-

763 86 938 142 Ἰταλία
962 122 1030 137 -,-
1045 84 1204 159 ’ἰχθύς

1312 35 1328 69 ‘i

1902 94 2003 143 343

995 210 1096 242 Recte
1115 210 1190 242 Arc.
1212 220 1245 252 p.
1271 207 1348 250 119,
1373 208 1433 250 18,
1464 221 1474 243 ι
1500 212 1594 252 prius
1612 212 1731 251 corripi
1749 210 1928 242 affirmanti
1947 212 2001 242 ni—

994 257 1176 289 hilominus
1194 254 1298 303 ἰτρίον
1314 258 1480 299 scriptura
1494 258 1668 298 affingitur
1691 267 1724 300 p.
1748 254 1824 297 195,
1847 254 1903 289 29.

1059 319 1148 360 Ἴτυ
1159 338 1175 364 ς
1192 325 1238 370 (ἴ)
1254 337 1287 360 n.
1309 337 1358 369 pr.
1388 325 1410 361 ἃ
1421 319 1509 371 Ἴτυν
1527 326 1599 366 αἰὲν
1619 320 1709 362 ’Ίτυν
1724 325 1929 376 ὀλοφύρεται
1946 329 1999 361 Ε1.

997 371 1064 406 148
1080 384 1123 406 m.
1155 374 1281 406 Ultima
1297 375 1382 416 quod
1402 375 1608 418 producitur,
1637 379 1741 408 metro
1757 375 1917 418 dactylico
1933 373 2003 417 (vel

995 422 1227 463 anapaestico,
1248 425 1286 453 ut
1303 430 1355 463 ap.
1377 423 1548 463 Aristoph.
1568 423 1632 454 Av.
1654 419 1739 466 212)
1756 423 1871 455 datum
1888 426 2004 455 censet

995 469 1125 508 Herm„
1162 469 1351 500 Brunckius
1378 474 1489 501 contra
1513 470 1614 502 libros
1639 473 1673 501 et
1698 469 1833 502 Suidam
1859 460 1950 503 Ἴτυν
1973 466 2001 514 γ’

996 512 1198 560 ὀλοφύρεται
1221 516 1368 557 scripsit.
1397 517 1439 548 cf.
1469 517 1571 548 Dind.
1600 517 1706 557 praef.
1735 517 1777 548 ad
1793 516 1875 550 PSG
1892 517 1944 549 ed.
1970 514 1998 549 1.

994 573 1027 604 p.
1049 563 1126 594 XII.
1156 563 1207 594 De
1225 567 1364 595 accentu
1381 564 1565 603 generatim
1583 564 1672 596 dixit
1690 564 1764 595 Arc.
1786 573 1820 605 p.
1842 560 1899 603 91,
1919 561 1953 595 9.

1064 626 1180 678 Ἰύγή
1200 631 1245 677 (ἴ)
1268 634 1394 664 clamor
1410 633 1538 675 flebilis.
1565 626 1702 678 τοσήνδ’
1729 631 1827 679 ἰυγὴν
1844 631 1902 671 καὶ
1927 631 2003 667 στό-

993 691 1050 712 νον
1069 682 1191 713 σαυτοῦ
1218 682 1326 717 ποιεῖς
1344 680 1405 712 Ph.
1427 677 1506 712 752.
1536 681 1577 712 cf.
1598 681 1718 712 Blomf.
1739 681 1783 720 gl.
1805 681 1898 713 Pers.
1919 677 2000 714 285.

994 724 1073 758 981.
1102 730 1271 773 γυναικῶν
1298 725 1461 773 οἰμωγαί,
1506 725 1707 774 ὀλοφύρσεις
1732 729 1879 768 explicat
1902 727 1999 760 Phot.

993 771 1168 866 ἕ..’1118,9,
1187 775 1243 806 ubi
1258 775 1376 806 vitiose
1391 775 1551 815 scriptum
1570 772 1698 821 ἰυγγαί;
1721 773 1832 822 φωνή,
1853 773 2012 821 κραυγή,

1017 831 1035 854 o
1080 821 1224 860 Hesych.

1065 871 1236 926 **”1υγξ.
1276 882 1337 922 Ap.
1368 881 1492 911 Athen.
1525 878 1578 912 13.
1609 891 1641 923 p.
1671 877 1777 912 564b
1810 881 1850 912 de
1879 880 2002 924 Pelope

996 927 1215 969 Hippodamia
1238 928 1386 970 loquitur
1409 921 1535 965 τοιάνδ’
1568 926 1602 961 ἐν
1629 924 1705 973 ὄψει
1727 924 1828 973 ἴυγγα
1851 925 1916 971 [sic
1932 926 2003 966 ΡΙ.

995 984 1047 1015 ap.
1069 974 1185 1014 Dind.,
1222 971 1333 1020 λύγκα
1350 974 1388 1014 C,
1414 971 1523 1020 λόγγα
1540 975 1607 1006 ΑΒ
1620 976 1661 1015 V,
1697 971 1732 1008 λί
1752 985 1795 1020 γα
1812 972 1905 1018 Erf.)
1935 970 2004 1021 θη-

997 1020 1155 1067 ρατηρίαν
1183 1020 1329 1066 ἔρωτος,
1359 1019 1535 1067 ἀστραπήν
1561 1019 1622 1054 τιν’
1647 1020 1694 1066 ὀμ
1745 1022 1813 1055 των
1838 1018 1911 1068 ἔχει
1942 1020 2000 1065 (fr.

0 1050 143 1094 ίὸπλων
161 1054 240 1089 261·
262 1054 346 1094 ἴσως
363 1055 427 1102 ἵὰΡ
445 1055 509 1091 ⁰5²
526 1055 682 1103 ἀκήῑοας
699 1054 779 1090 603·
808 1058 959 1098 1¹¹³P¹0b⁰
975 1050 978 1096 1
994 1069 1131 1101 Oenom.
1161 1066 1257 1112 421).
1304 1069 1399 1101 Unde
1433 1069 1576 1101 Brunck.
1612 1067 1707 1102 τοίαν
1740 1065 1858 1115 Πέλοψ
1889 1065 2000 1115 ἴυγγα.

0 1107 195 1145 &nannum
226 1105 268 1137 de
301 1114 336 1136 re
365 1109 454 1136 certa
486 1104 551 1136 dici
584 1108 772 1146 putantem.
810 1102 893 1141 ἴσως
918 1101 958 1137 ἂν

0 1148 45 1191 ὡς
69 1149 277 1196 κλαυμάτων
303 1149 398 1198 ἔχοις
421 1149 510 1185 πόδα
531 1148 631 1184 1260.
659 1149 759 1196 ἥδοιο
784 1150 862 1196 μέν,
884 1155 958 1188 πῶς

0 1196 68 1239 mim
89 1196 146 1238 6:23
183 1196 206 1232 ἀ
253 1195 372 1236 άλλοις
400 1196 426 1231 δ’
454 1196 539 1236 ἴσως
564 1198 622 1231 OR
637 1195 717 1231 937.
747 1197 957 1244 ἴσως...τὴν

0 1244 140 1294 ,γένειαν
156 1244 219 1291 τὴν
257 1244 326 1290 μὴν
344 1243 540 1292 αἰσχύνεται
559 1243 659 1278 1078.
687 1243 810 1283 κείνοις
829 1239 857 1278 δ’
874 1243 957 1282 ἴσως

0 1287 102 1331 ,stslv'
127 1291 282 1338 ἐπερρώσ
379 1291 477 1339 έγειν,
494 1292 733 1338 ...φανήσεται
759 1291 888 1338 μακρὸν
918 1290 957 1326 τὸ

0 1335 47 1388 ipo
67 1337 218 1386 ,πέλαγος
242 1340 297 1373 OG
397 1365 404 1379 ,
440 1350 526 1381 quae
551 1341 617 1372 etsi
646 1344 736 1372 certo
759 1349 958 1381 persuasum

0 1389 49 1423 bet
64 1397 141 1419 vera
157 1397 231 1421 esse
249 1388 414 1428 Theseus,
435 1397 510 1419 cum
530 1388 678 1420 modesta
695 1391 807 1419 tamen
824 1387 959 1419 dubita-

0 1435 206 1474 [oafflrmat.
231 1435 376 1470 Brunck.
397 1437 475 1467 ante
492 1431 577 1471 ἴσως
595 1435 771 1475 distinxit;
794 1445 823 1466 v.
838 1435 954 1466 Herm.

0 1479 6 1483 ᾖ
45 1475 226 1516 ...θανόντ’
245 1478 286 1515 ἂν
304 1479 483 1525 οἰμώξειαν
501 1479 536 1514 ἐν
562 1479 663 1528 χρείᾳ
680 1479 780 1527 δορός
797 1482 853 1514 Ai.
873 1477 954 1513 962.

0 1485 37 1569 ἦ
57 1531 116 1562 νῦν
141 1526 225 1565 ἴσως
251 1526 390 1562 πολλῶν
415 1526 555 1573 ὑπάρξει
578 1530 682 1573 κῦρος
705 1527 821 1574 ἡμέρα
842 1525 958 1562 καλῶν

0 1571 90 1615 ἱεβ18
115 1579 227 1616 sperat
251 1576 500 1615 Chrysothemis
513 1601 520 1615 ,
549 1585 611 1608 nec
628 1579 718 1608 certo
735 1579 847 1608 tamen
864 1576 957 1608 afflr-

0 1620 30 1662 ἢ.
57 1623 108 1656 De
125 1632 159 1654 re
175 1625 254 1655 satis
270 1627 368 1655 certa.
397 1621 434 1656 αἳ
458 1621 535 1668 πρὶν
554 1622 616 1668 μὲν
645 1621 732 1667 ἦσαν
759 1620 794 1662 ἐξ
818 1620 957 1656 ἐλευθέ-

0 1667 118 1717 ρἶως
135 1667 268 1715 ἀνδρῶν
281 1671 334 1702 Tr.
349 1667 429 1703 301.
451 1667 535 1707 ἴσως
551 1668 703 1716 γέννημα
720 1667 784 1703 οὐκ
801 1669 837 1704 ἐν
856 1667 958 1703 ὑστά-

0 1714 112 1762 ᾒ314.
142 1717 211 1748 Nec
235 1718 326 1748 enim
343 1718 501 1749 mulieres
527 1726 589 1749 nec
606 1718 714 1759 Iolen,
746 1719 811 1749 nisi
829 1718 958 1758 praeci-

0 1764 209 1854 {uobilitate
226 1765 384 1804 fuissent,
406 1762 514 1810 δῶρον
533 1762 702 1810 ἐξαίρετον
715 1766 779 1796 sibi
795 1765 959 1796 Hercules

35 1815 97 1845 set.
135 1811 189 1845 Sic
205 1811 325 1843 chorus
349 1815 438 1845 certo
457 1812 583 1844 sciebat
607 1813 682 1852 quis
700 1812 901 1844 Philoctetes
925 1815 960 1843 et

0 1856 58 1906 ab
74 1859 125 1891 vir
141 1862 244 1899 esset,
272 1868 349 1891 cum
366 1858 497 1891 dicebat
514 1855 614 1896 οὗτος
631 1856 857 1904 πρωτογόνων
875 1856 959 1895 ἴσως

0 1903 59 1987 ἓν
84 1903 220 1939 οὐδενὸς
243 1902 381 1951 ὕστερος
403 1905 463 1937 Ρ1ι.
488 1903 554 1938 180
571 1906 623 1937 ch.
651 1907 873 1946 Buttmanno,
902 1906 960 1946 qui

0 1978 7 1988 ,
61 1954 143 1985 satis
160 1956 250 1984 certa
262 1953 328 1985 dici
346 1953 498 1993 vidisset,
514 1953 729 1986 oblocuturus
743 1954 857 1985 Herm.
875 1953 960 1984 illud

96 1999 245 2032 nondum
262 2000 408 2032 edidisse
427 2000 564 2032 virtutis
580 2000 780 2032 documenta
796 2001 962 2032 Philocte-

0 2042 31 2071 '.
48 2047 174 2088 quippe
190 2047 302 2079 ulcere
318 2047 530 2088 impeditum.
558 2048 606 2080 At
623 2057 689 2080 non
703 2048 743 2081 de
759 2057 881 2087 rerum,
902 2047 960 2079 sed

87 2095 134 2126 ria
148 2094 318 2126 nobilitate
334 2094 453 2126 chorus
478 2098 656 2126 asseverat.
684 2092 707 2138 ἧ
734 2092 798 2135 πού
827 2105 869 2139 με
894 2091 960 2127 Τε-

0 2143 43 2187 21:
88 2137 206 2179 δέξαιτ’
223 2137 264 2174 ἂν
281 2139 502 2186 εὐπρόσωπος
519 2138 621 2180 ἵλεώς
637 2138 663 2174 τ’
685 2139 769 2178 ἴσως
786 2143 840 2174 Αἰ.
857 2137 957 2181 1009,

60 2197 136 2220 cum
160 2189 288 2220 ironice
313 2189 439 2220 dictum
464 2187 487 2233 ἦ
514 2199 580 2222 που
615 2194 649 2220 et
674 2186 758 2226 ἴσως
782 2188 961 2229 composita

4 2247 48 2279 ,.'''·
67 2259 84 2274 ,
103 2235 244 2268 dubium
262 2236 424 2276 relinquit
440 2236 585 2276 nullum,
614 2237 696 2277 quin
723 2237 764 2268 de
781 2245 816 2268 re
834 2237 960 2268 Teucro

9 2287 25 2324 ζ,
44 2283 138 2315 sima
161 2283 290 2314 dictum
314 2283 368 2315 sit.
406 2283 577 2315 Dixerunt
601 2283 642 2315 de
667 2283 727 2315 hoc
754 2293 818 2315 usu
835 2283 957 2315 Locell.

52 2338 105 2361 en.
134 2329 221 2370 Eph.
251 2339 285 2370 p.
309 2326 386 2362 188.
415 2329 545 2362 Schaef.
576 2331 616 2362 ad
634 2331 738 2370 Long.
766 2340 798 2371 p.
820 2327 900 2362 857.
920 2330 961 2361 ad

0 2372 33 2387 ”“
74 2376 113 2408 dc
131 2387 158 2408 c.
180 2387 211 2407 V.
232 2386 266 2417 p.
287 2372 355 2408 269
381 2380 415 2408 et
432 2377 472 2408 de
489 2377 651 2409 irridendi
675 2377 961 2417 adsignificatione

4 2418 69 2464 ᾖξε
89 2423 130 2456 ad
146 2423 231 2455 Plat.
254 2423 352 2464 Gorg.
372 2434 405 2464 p.
431 2420 508 2456 107.
531 2441 572 2447 -
591 2423 605 2481 ss
624 2423 848 2457 Cumulantur
872 2422 963 2471 τάχα

13 2487 16 2492 -
35 2480 95 2509 ως
118 2471 155 2504 in
172 2471 317 2512 optativo
340 2471 530 2511 potentiali.
559 2463 635 2516 ταχ’
660 2468 701 2506 ἄν
729 2468 763 2516 μ’
784 2468 869 2509 ἴσως
895 2471 963 2505 πύ-

13 2516 58 2555 ’ἵῖ
98 2515 309 2561 σεσωσμένον
334 2518 388 2549 Ai.
411 2513 490 2550 691.
521 2518 609 2549 Num
627 2515 711 2555 ἴσως
728 2522 768 2550 ut
783 2515 824 2552 ἄν
850 2519 963 2561 ipsum

6 2561 28 2593 ‘·:
41 2603 46 2607 η
79 2573 155 2597 cum
172 2565 319 2605 optativo
342 2568 503 2605 ponatur,
533 2575 617 2606 quae
636 2565 776 2599 Seidleri
794 2567 963 2598 sententia

5 2610 8 2616 ’
26 2620 41 2649 0(
97 2611 142 2643 IT
161 2607 262 2652 1025,
283 2612 438 2651 pluribus
455 2611 555 2649 habet
573 2616 606 2644 et
623 2613 820 2644 certioribus
845 2622 962 2644 exem-

7 2657 141 2701 lopus.
170 2655 254 2695 ἴσως
279 2655 318 2691 ἄν
352 2659 450 2690 iuxta
480 2659 590 2699 posita
622 2660 734 2699 tetigit
759 2659 888 2692 Schaes.
924 2660 963 2692 ad

13 2747 46 2760 ‹
74 2713 109 2746 p.
128 2701 175 2737 44
190 2708 225 2737 et
240 2715 316 2746 app.
339 2715 383 2736 cr.
405 2705 446 2738 ad
462 2706 637 2738 Demosth.
658 2710 682 2738 t.
700 2707 761 2739 111.
782 2717 815 2748 p.
834 2703 912 2742 417.

3 2771 13 2785 ’ᾖ
26 2767 45 2791 1.
62 2770 196 2807 τᾶλία
210 2772 268 2818 (ἁ)
285 2776 396 2806 Italia.
425 2773 552 2809 κλυτὰν
571 2774 608 2808 ὃς
623 2773 673 2820 ἀμ
702 2775 794 2813 έπεις
818 2772 964 2810 Ἰταλίαν

0 2795 156 2999 ἓῗω
181 2822 232 2853 ch.
271 2817 456 2865 [Ἰτάλειαν
482 2824 550 2854 LA.
587 2819 677 2867 Ἰκαρ
694 2834 732 2856 αν
766 2824 804 2855 R.
835 2823 959 2863 Unger.

33 2904 37 2905 ⁷
72 2864 122 2900 ίαν
148 2868 268 2908 Bergk.
305 2865 470 2915 Φιγαλίαν
497 2870 541 2901 Μ.
572 2870 732 2902 Schmidt.
777 2871 846 2902 Alii
869 2869 964 2915 alia]

99 2924 117 2946 a
133 2916 247 2947 Italiae
263 2925 352 2957 pars,
372 2917 496 2948 fretum
515 2917 665 2949 Siculum
684 2926 802 2949 versus
821 2919 896 2958 sita,
926 2927 964 2950 eo

6 2999 10 3002 .
36 2994 45 3005 Α,
70 2970 89 2992 e
113 2964 195 2993 tnnc
220 2964 328 2994 vocari
353 2963 487 2995 Graecis
514 2968 676 3004 coeperat.
723 2964 775 2996 Cf.
797 2965 960 2996 Niebuhr.

43 3006 148 3052 VRom.
177 3010 241 3040 vol.
265 3007 295 3040 1.
321 3020 354 3051 p.
379 3007 422 3042 18
438 3020 509 3051 sqq.
547 3011 614 3042 Cur
631 3008 742 3056 κλυτή
761 3011 901 3052 dicatur,
929 3022 960 3042 v.

46 3055 47 3058 ’
74 3078 82 3085 .
101 3058 135 3086 et
152 3055 323 3088 Bothium.
710 3056 741 3100 (Ι
759 3068 792 3099 p.
810 3055 890 3098 856,
911 3055 966 3102 2.)

123 3135 185 3158 ιον
198 3124 259 3169 (ἰ)
280 3127 450 3166 placentae
467 3136 577 3159 sacrae
593 3137 706 3167 yenus.
743 3125 849 3172 ἴτριον
875 3139 962 3173 πεμ-

0 3168 19 3218 μ’
38 3187 53 3196 ·
101 3168 224 3206 λεπτὸν
251 3170 306 3206 διὰ
331 3172 487 3218 σησάμου
519 3172 578 3206 καὶ
613 3172 749 3219 μέλιτος
796 3173 960 3219 ινόμενον.

5 3216 67 3245 ·',.
94 3215 162 3251 εύει
185 3218 288 3252 αὐτοῦ
384 3217 470 3267 Σοφ.
501 3213 612 3266 Ἔριδι
636 3220 694 3264 [fr.
717 3217 783 3253 199
807 3230 813 3236 ·
841 3220 908 3268 ἐγὼ
927 3219 964 3254 δὲ

120 3262 161 3299 αὖ
186 3265 269 3311 πρὸς
291 3264 383 3312 ἴτρια
413 3265 529 3311 βλέπω
555 3267 680 3300 Athen.
704 3265 757 3300 14.
788 3278 819 3310 p.
842 3266 910 3301 646
927 3269 960 3300 d.

18 3347 19 3350 ξ
53 3312 167 3357 jutivi
184 3314 322 3346 formam
339 3323 418 3355 prae
435 3324 470 3346 se
489 3315 565 3353 fert,
595 3324 657 3347 nec
672 3319 724 3346 est-
741 3319 865 3347 tamen.
894 3317 959 3357 Ap.

1 3403 6 3408 >¹
38 3367 114 3405 ..²1²³
135 3356 213 3399 118,
239 3358 272 3392 5.
310 3360 402 3393 Suid.
433 3366 466 3393 et
490 3361 634 3401 Hesych.
669 3359 756 3407 ἰτρία
790 3363 958 3395 scribitur.

995 1117 1107 1156 Recte,
1129 1117 1255 1157 opinor.
1286 1114 1329 1150 ἐν
1355 1113 1453 1162 ὄψει
1471 1120 1506 1148 et
1531 1113 1775 1162 ὀφθαλμῶν
1801 1113 2004 1161 ἀστραπή

994 1164 1089 1195 iuxta
1114 1164 1221 1204 posita
1244 1164 1369 1204 aliquid
1398 1163 1539 1195 otiosum
1563 1163 1712 1195 redolent
1735 1167 1769 1195 et
1785 1163 1999 1205 languidum

994 1208 1076 1256 λύγξ
1094 1207 1204 1256 ὅψεως
1222 1211 1303 1252 quid
1321 1212 1363 1242 sit.
1375 1236 1382 1250 ,
1411 1220 1475 1242 non
1494 1212 1599 1251 capio.
1628 1211 1679 1242 De
1695 1207 1771 1256 ἴυγξ
1788 1211 1869 1242 satis
1886 1214 2003 1244 notum

995 1258 1076 1298 quid
1093 1258 1199 1290 lexica
1216 1262 1327 1290 vetera
1345 1258 1500 1297 doceant·,
1531 1258 1563 1289 h.
1586 1258 1607 1289 l.
1631 1255 1796 1304 θέλκτρον
1824 1258 2000 1298 significat.

995 1304 1158 1337 Erfurdtii
1184 1306 1419 1337 correctionem
1442 1302 1542 1351 λίγγα
1567 1315 1629 1337 nec
1653 1305 1806 1346 intelligo
1833 1305 1915 1345 quid
1939 1305 2003 1336 sibi

997 1353 1096 1391 velit,
1131 1361 1192 1384 nec
1217 1354 1389 1394 probasset
1414 1352 1533 1384 vellem
1560 1353 1685 1384 Iacobs.
1715 1352 1755 1384 ad
1781 1352 1936 1384 Philostr.
1965 1361 1998 1393 p.

995 1397 1063 1431 313
1081 1397 1154 1443 [sed
1173 1411 1203 1431 v,
1227 1400 1307 1431 Lob.
1329 1399 1434 1431 Paral.
1457 1396 1534 1431 110.
1558 1397 1693 1443 Dind.].
1730 1400 1782 1431 De
1799 1403 1878 1432 tono
1901 1408 2004 1439 gene-

994 1447 1088 1478 ratim
1119 1447 1215 1479 docet
1243 1447 1318 1478 Arc.
1349 1457 1380 1487 p.
1407 1443 1468 1486 18,
1496 1444 1556 1478 18:
1596 1456 1657 1478 nec
1690 1447 1786 1478 video
1818 1446 2004 1488 discrepare

995 1503 1206 1535 quemquam.

1065 1549 1188 1592 Ἰύζω
1205 1550 1268 1596 (Γ)
1286 1555 1382 1584 εἰαιο.
1412 1550 1516 1596 βοῶν,
1537 1550 1638 1591 ἰύζων
1657 1552 1712 1584 Tr.
1735 1550 1814 1584 787.
1856 1552 1900 1593 Et
1916 1552 2004 1588 idem

994 1601 1132 1632 fortasse
1150 1604 1239 1632 recte
1263 1602 1297 1631 in
1324 1600 1383 1631 Ph.
1408 1597 1446 1631 11
1478 1599 1563 1632 Flor.
1584 1595 1610 1634 Γ
1637 1596 1750 1644 βοῶν
1783 1597 1918 1644 ἤῦζον
1944 1609 2005 1635 ex-

995 1647 1099 1679 hibet.
1141 1648 1247 1687 Vulgo
1277 1645 1386 1691 βοῶνς
1429 1645 1613 1687 στενάζων;
1655 1646 1742 1688 quod
1766 1647 1812 1685 im
1839 1646 1922 1679 erite
1947 1647 2006 1678 de-

995 1695 1103 1726 fendit
1121 1695 1236 1736 Apitz.
1258 1695 1298 1726 ad
1325 1694 1379 1725 Tr.
1403 1691 1481 1726 769.
1503 1705 1534 1725 ν.
1563 1694 1628 1726 ΕΜ
1652 1704 1685 1735 p.
1707 1691 1787 1733 480,

996 1742 1093 1782 gloss.
1115 1742 1233 1773 Aesch.
1254 1742 1344 1773 Pers.
1362 1739 1442 1773 285.

1066 1793 1332 1844 Ἰφῖάνασσα
1365 1798 1410 1843 (ἰ)
1429 1810 1461 1831 ιι.
1483 1810 1532 1841 pr.
1574 1796 1790 1845 Χρυσόθεμις
1814 1797 1873 1832 καὶ
1897 1792 2005 1845 Ἰφιά-

996 1857 1102 1889 νασσα
1127 1847 1179 1878 El.
1203 1845 1280 1879 158.
1310 1847 1437 1879 Eadem
1461 1851 1513 1878 est
1535 1851 1636 1888 atque
1653 1847 1830 1888 Iphigenia
1847 1847 2002 1886 Homero,

998 1906 1028 1926 v.
1049 1896 1161 1935 Intpp.
1177 1906 1183 1931 ;
1215 1894 1368 1936 Sophocli
1381 1903 1447 1929 non
1465 1898 1575 1935 potest
1592 1903 1675 1926 esse.
1706 1894 1756 1927 De
1775 1903 1897 1934 genere
1914 1901 2006 1926 com-

997 1943 1171 1984 positionis
1188 1942 1275 1972 dixit
1292 1942 1413 1974 Herod.
1435 1952 1471 1974 π.
1494 1953 1529 1985 μ.
1549 1939 1582 1974 λ.
1602 1951 1636 1983 p.
1658 1940 1713 1979 35.
1739 1937 1792 1973 16.

1067 1995 1096 2043 [⁸
1108 1997 1118 2033 l
1132 2010 1154 2044 φ
1166 1998 1330 2045 ιγένεια
1347 2010 1380 2031 n.
1402 2010 1451 2041 pr.
1484 1999 1629 2032 Fabulae
1646 1999 1746 2040 Soph.
1768 2009 1854 2040 quae
1871 2000 1919 2031 sic
1936 2004 2006 2031 erat

998 2048 1168 2088 inscripta,
1189 2052 1270 2079 sunt
1287 2057 1339 2088 ap.
1361 2048 1465 2079 Dind.
1488 2048 1528 2078 fr.
1548 2042 1766 2096 288—294.]

1061 2099 1236 2152 ”1φι”τος
1251 2104 1307 2149 (ι’)
1332 2116 1364 2137 n.
1387 2116 1437 2147 pr.
1467 2102 1549 2139 ἵκετ’
1573 2102 1671 2142 αὖθις
1691 2095 1819 2151 Ἴφιτος
1845 2105 1901 2136 Tr.
1921 2101 2003 2136 270.

999 2151 1081 2186 ἔκτα
1105 2154 1219 2186 κεῖνος
1235 2149 1361 2199 Ἰφίτου
1386 2151 1460 2197 βίαν
1481 2154 1534 2184 Tr.
1556 2149 1612 2185 38.
1657 2146 1782 2199 Ἰφίτου
1801 2149 1907 2200 μόρος
1924 2148 2004 2184 357.

999 2201 1050 2232 De
1067 2206 1144 2232 tono
1162 2202 1346 2240 generatim
1365 2201 1440 2232 Arc.
1470 2209 1503 2240 p.
1523 2196 1581 2239 82,
1602 2197 1635 2231 8.
1804 2199 1836 2242 (Ι
1852 2208 1886 2240 p.
1907 2195 2009 2242 857.)

1068 2267 1100 2289 *'
1113 2261 1251 2317 Ιχθίἷη
1264 2269 1308 2317 ρό
1320 2278 1335 2304 ς
1358 2281 1395 2302 eoe
1409 2270 1551 2312 piscibus
1575 2269 1746 2310 confectus
1772 2274 1806 2302 et
1828 2265 2005 2316 Ἰχθύειος.

999 2319 1063 2359 Ap.
1085 2319 1312 2350 Herodianum
1337 2318 1489 2350 Piersoni
1513 2326 1546 2358 p.
1567 2313 1635 2349 437
1662 2318 1802 2358 legitur:
1831 2315 1850 2350 ὁ
1876 2315 1927 2363 γά
1964 2327 2009 2355 ος

998 2362 1184 2410 ἀρσενικῶς
1200 2364 1258 2398 τὸν
1279 2363 1410 2412 ἰχθύων
1428 2363 1544 2409 γάρον.
1573 2363 1630 2398 καὶ
1648 2363 1782 2410 γάρον
1800 2362 1856 2397 τὸν
1876 2362 1920 2410 ἰχ
1961 2360 2009 2396 ύ-

999 2422 1100 2446 ειον.
1132 2408 1217 2459 Σοφ.
1255 2407 1341 2444 Cum
1366 2409 1499 2459 ἰχθύων
1545 2409 1625 2456 άρον
1643 2412 1771 2446 dictum
1789 2412 1828 2446 ab
1845 2411 2009 2450 Aeschylo

1000 2460 1141 2492 sciamus
1159 2470 1202 2492 ex
1219 2460 1392 2491 Athenaeo
1406 2456 1439 2499 2.
1467 2470 1500 2501 p.
1545 2456 1566 2490 7
1584 2468 1613 2495 c,
1633 2459 1722 2491 haud
1740 2459 1840 2491 dubie
1857 2461 1935 2490 ante
1950 2455 2010 2491 καὶ

998 2505 1101 2552 γάρον
1126 2507 1345 2538 inserendum
1369 2503 1552 2553 Αἰσχύλος.
1594 2507 1640 2538 At
1665 2503 1818 2553 ἰχθύειος
1841 2515 1917 2538 cum
1942 2513 2009 2537 non

999 2555 1077 2586 alibi
1108 2555 1255 2594 legatur,
1290 2554 1397 2586 Piers.
1425 2554 1558 2594 corrigit
1585 2549 1816 2599 ἰχθυηρόν.
1857 2552 2009 2585 Dubium

1000 2610 1095 2641 vero,
1125 2610 1167 2632 an
1184 2610 1250 2632 non
1267 2602 1378 2643 potius
1395 2611 1438 2633 ex
1456 2601 1658 2642 Triptolemo
1676 2600 1846 2642 Sophoclis
1873 2600 2009 2637 desum-

1000 2652 1095 2690 ptum
1113 2652 1147 2679 et
1164 2649 1328 2690 scriptura
1345 2651 1497 2689 corrupta
1513 2648 1573 2679 sit:
1609 2648 1688 2680 inde
1705 2648 1797 2679 enim
1814 2647 2011 2682 Athenaeus

999 2706 1040 2728 τα
1064 2694 1183 2740 ιχηρὸν
1200 2693 1304 2741 γάρον
1321 2699 1482 2727 memorat
1497 2693 1554 2737 [fr.
1576 2691 1641 2726 531
1662 2693 1728 2737 D),
1757 2695 1845 2735 quod
1861 2694 1960 2726 facile
1975 2693 2011 2733 in

1002 2706 1151 2788 ἰχθύειον
1170 2746 1202 2773 et
1222 2739 1388 2788 ἰχθυηρόν
1401 2743 1512 2783 potuit
1524 2742 1706 2782 depravari.
1736 2741 1824 2773 Hinc
1843 2737 2010 2787 ἰχθυηρὸν

1000 2799 1026 2820 s.
1049 2786 1201 2836 ἰχθύειον
1224 2787 1327 2834 γάρον
1347 2790 1449 2821 Dind.
1470 2789 1570 2830 plane
1588 2789 1713 2821 omisit.

1069 2844 1131 2893 'ly
1144 2845 1194 2880 θύ
1206 2859 1221 2884 ς
1234 2848 1346 2887 piscis.
1377 2844 1508 2894 ἰχθύων
1526 2845 1654 2892 πλωτῷ
1671 2845 1760 2892 γένει
1775 2848 1818 2879 fr.
1838 2848 1903 2878 inc.
1924 2842 2006 2884 678,

1001 2892 1033 2926 9.
1062 2888 1165 2940 χορὸς
1189 2888 1216 2927 δ’
1243 2883 1413 2927 άναύῧων“
1426 2892 1557 2940 ἰχθύων
1583 2891 1762 2939 ἐπερρόθει
1786 2890 1864 2933 700,
1887 2891 1903 2924 1
1929 2889 2010 2949 [quo

1000 2942 1070 2973 loco
1088 2942 1264 2982 probabilis
1279 2945 1329 2972 est
1347 2942 1467 2982 Bergki
1485 2942 1570 2973 coni.
1598 2953 1634 2988 ‘l-
1652 2939 1690 2973 δὲ
1707 2937 1843 2985 μύνδων
1862 2937 2008 2987 ἰχθύων,

1000 2989 1117 3020 collato
1134 2989 1199 3019 EM
1222 2999 1255 3029 p.
1277 2984 1358 3028 595,
1381 2985 1411 3019 1.
1442 2986 1584 3032 μύνδοςε
1614 2982 1742 3032 ’μύνδος
1770 2984 1888 3033 ἰχθύς,
1920 2983 2007 3031 Σοφ.

1007 3034 1024 3069 ὁ
1044 3034 1091 3079 μὴ
1112 3033 1254 3079 αὐδῶν]
1277 3032 1390 3072 ἑλλοῖς
1410 3032 1545 3081 ἰχθύσιν
1562 3036 1616 3067 Ai.
1642 3032 1742 3066 1297.
1771 3035 1812 3066 cf.
1835 3031 1945 3070 ἐλλός.
1968 3050 2008 3057 --

1005 3093 1023 3115 υ
1049 3083 1294 3121 trisyllaborum
1318 3091 1455 3114 casuum
1479 3086 1513 3114 et
1544 3083 1580 3113 in
1606 3082 1796 3123 compositis
1819 3081 2009 3122 corripitur,

1003 3130 1200 3160 nominativi
1226 3133 1259 3161 et
1284 3130 1462 3161 accusativi
1486 3129 1680 3170 producitur
1696 3129 1793 3167 aliis,
1820 3137 2011 3169 quanquam

1002 3185 1067 3207 non
1080 3180 1242 3217 perpetuo
1260 3175 1306 3218 (V.
1321 3176 1422 3207 schol.
1436 3177 1538 3208 Dion.
1553 3176 1629 3207 Thr.
1648 3186 1680 3217 p.
1697 3172 1786 3207 1232
1803 3172 1937 3218 Bekk.)‚
1953 3174 2012 3207 So-

1001 3223 1110 3263 phocli
1135 3232 1200 3254 non
1225 3223 1360 3262 legitur.
1394 3224 1485 3255 Haec
1511 3232 1609 3254 causa
1633 3223 1716 3262 fuit,
1747 3231 1805 3254 cur
1829 3221 2007 3254 Herodian.

1001 3280 1036 3302 π.
1056 3282 1092 3314 μ.
1109 3267 1141 3301 λ.
1162 3280 1195 3310 p.
1213 3266 1269 3306 31,
1287 3266 1307 3301 5
1325 3270 1454 3302 inflecti
1471 3270 1603 3301 doceret
1615 3269 1823 3309 vocabulum,
1853 3278 1929 3300 cum
1946 3277 2011 3309 quo

1001 3317 1168 3348 consentit
1185 3316 1286 3348 schol.
1308 3317 1408 3349 Dion.
1430 3317 1509 3349 Thr.
1530 3317 1553 3347 l.
1575 3327 1602 3348 c.
1623 3317 1700 3347 Arc.
1721 3325 1754 3356 p.
1769 3311 1827 3356 91,
1851 3312 1906 3347 11.
1929 3311 2008 3354 199,

1003 3360 1063 3403 15,
1093 3367 1128 3395 et
1144 3366 1258 3395 contra
1274 3364 1348 3397 eius
1365 3366 1514 3395 mentem
1532 3360 1632 3409 ἰχθύς
1651 3363 1812 3404 scriptum
1828 3372 1862 3405 p.
1882 3358 1960 3402 198,
1973 3359 2005 3394 7.

1836 1719 1842 1725 .
1879 1693 2000 1733 Blomf.

2162 1520 2286 1601 (Γ
