2288 3600
306 116 406 167 420

308 233 397 278 [Sec.
420 235 657 275 inscriptiones
674 236 834 266 sellarum
850 235 887 266 in
906 235 1034 266 theatro
1052 235 1194 274 Dionysi
1212 235 1320 266 Athe-

306 283 359 313 nis
385 286 533 322 repertas
558 282 633 313 vult
657 282 702 313 M.
733 282 896 314 Schmidt.
933 276 1040 327 Λύκη’
1068 279 1171 322 ἄναξ,
1209 278 1318 327 Λύκη’

299 321 490 362 ’Ἄπολλον
527 347 574 352 ——
609 330 659 360 De
685 325 830 366 Λύκειος
856 333 892 360 et
909 325 1036 366 Λύκιος
1056 340 1086 360 v.
1111 329 1228 369 Steph.
1252 329 1313 360 Th.

307 376 392 408 LGr.
415 374 435 408 5
454 386 488 416 p.
509 373 579 407 422
597 375 678 418 sq.].
718 377 899 407 Avari-unci
917 375 968 407 dei
985 380 1185 417 perpetuam
1203 377 1238 407 in
1258 377 1318 408 hoc

305 424 501 463 cognomine
541 424 821 463 significationem
860 424 972 454 inesse
1011 423 1100 465 quod
1147 424 1319 455 existimat

305 471 436 509 Herm,
459 471 610 502 Electrae
629 472 698 502 loco
717 481 746 502 v,
763 468 783 502 7
802 471 1024 510 redarguitur.
1054 471 1106 502 De
1124 470 1182 502 ΟΒ
1198 467 1267 503 208
1285 481 1315 502 V.

306 514 445 555 Λύκιος.
476 518 590 550 Tonus
615 520 656 550 ab
681 520 758 550 Arc.
788 522 921 550 notatus
946 528 980 559 p.
1002 515 1068 558 44,
1089 515 1134 549 27
1167 523 1219 550 est
1249 521 1318 551 τῶν

305 568 489 610 κτητικῶν.
521 561 684 609 [Λυκεῖος
701 566 798 597 iubet
815 565 932 606 Steph.
951 565 1031 605 Byz.
1053 576 1084 596 v.
1098 563 1319 610 κάναστρον]

353 626 518 672 Λύκιος
536 635 668 675 Lycius.
713 628 810 668 Λύκι’
828 632 910 680 ὄρεα
935 629 1063 681 ὃιᾴσσει
1087 636 1145 667 Ost
1169 632 1239 667 208
1265 635 1316 666 ch.

306 683 384 714 Iure
419 683 466 714 sic
491 683 588 714 datur
621 678 702 725 [sec.
735 683 793 714 LA
822 692 866 714 m.
888 693 938 724 pr.
969 687 1171 715 correctum:
1209 684 1321 714 fuerat

305 730 398 761 enim
415 723 518 762 λύκει’
538 730 626 770 quod
652 730 775 760 iterum
793 731 946 771 ascripsit
963 740 1007 762 m.
1037 730 1137 772 ant.].
1166 730 1320 761 Vexatus

304 778 397 808 locus
415 780 467 808 est
483 777 543 808 Ph.
568 773 654 807 1461
674 787 728 807 an.
775 776 802 809 ὦ
827 780 953 822 κρῆναι
976 773 1105 810 Λύκιόν
1131 788 1166 809 τε
1200 775 1316 810 ποτόν.

308 825 399 856 Libri
409 821 548 869 γλύκιον
566 821 640 868 [sed
653 825 710 855 LA
727 835 746 869 γ
762 824 860 855 habet
870 826 978 856 tribus
987 826 1125 866 punctis
1136 822 1314 868 notatum}

305 872 386 902 Lob.
408 868 552 916 γλυκόεν
569 871 611 902 ad
627 871 750 910 Phryn.
771 881 805 912 p.
835 869 915 903 541.
944 872 1052 904 Schol.
1080 869 1103 916 ἢ
1140 868 1315 904 Λύκιον.

303 916 327 962 ή
347 915 438 951 οὕτω
455 915 656 963 καλουμένη
673 916 787 963 κρήνη
815 917 849 951 ἐν
876 915 1008 963 Λήμνῳ
1030 915 1159 952 Λυκίου
1187 914 1319 952 Ἀπόλ-

304 963 427 1002 λωνος.
477 961 501 1009 ἢ
533 963 606 998 οἷον
637 964 671 998 ἐν
707 963 833 1011 ἐρημίᾳ
873 963 937 1000 ὕπὸ
970 963 1087 999 λύκων
1121 964 1315 1010 πινόμενον.

305 1013 454 1044 Eandem
472 1013 650 1044 lectionem
668 1014 756 1044 varie
775 1014 980 1052 originantes
998 1017 1183 1052 agnoscunt
1205 1013 1315 1053 Suid.,

306 1060 450 1099 Hesych.
472 1070 503 1091 V.
526 1055 675 1093 Λυκεῖον
701 1059 817 1100 ποτόν,
847 1061 971 1093 Zenob.
1001 1058 1034 1101 4,
1055 1057 1111 1091 99.
1158 1061 1313 1101 Append.

304 1108 382 1138 Vat.
402 1107 435 1138 II
454 1104 498 1139 59
515 1117 547 1138 v.
570 1103 735 1144 Λύκειος;
757 1108 870 1148 itaque
896 1109 969 1140 iure
993 1109 1144 1149 reposuit
1169 1108 1314 1139 Brunck.

305 1152 472 1186 Credibile
491 1156 582 1185 enim
599 1165 618 1185 a
633 1155 838 1194 Cyclicorum
852 1156 964 1196 aliquo
978 1156 1185 1187 narrationes
1199 1156 1240 1186 de
1253 1156 1318 1186 isto

305 1202 398 1233 fonte
416 1202 457 1233 ad
475 1203 705 1242 grammaticos
723 1209 918 1243 propagatas
945 1212 1031 1234 esse.

376 1267 665 1309 Λῦκοκτόνος
696 1273 790 1313 lupos
816 1273 974 1305 occidens.
1019 1275 1079 1306 τοῦ
1104 1270 1316 1306 λυκοκτόνου

303 1315 385 1352 θεοῦ
403 1316 511 1365 ἀγορὰ
529 1315 674 1356 Λύκειος
693 1320 745 1351 El.
768 1316 801 1351 6.

376 1373 652 1423 Λὸκομήὸης
678 1388 711 1411 n.
748 1389 798 1420 pr.
838 1379 866 1412 ὦ
891 1381 952 1412 τοῦ
985 1377 1144 1425 γέροντος
1177 1376 1320 1424 θρέμμα

305 1421 537 1470 Λυκομήδους
551 1426 612 1456 Ph.
634 1422 715 1457 243.

375 1476 519 1521 Λύκος
538 1494 572 1515 n.
593 1494 642 1526 pr.
689 1485 773 1516 Loco
799 1485 918 1517 mutilo
944 1481 1048 1530 Λύκῳ
1067 1486 1151 1526 Aeg.
1188 1486 1230 1518 fr.
1262 1481 1315 1517 19.

306 1532 420 1564 Tonus
448 1541 638 1573 quanquam
663 1532 699 1562 in
726 1534 857 1573 proprio
886 1533 1126 1573 mutationem,
1157 1536 1196 1564 ut
1221 1533 1259 1564 fit
1283 1533 1318 1563 in

304 1579 434 1620 multis,
471 1579 597 1610 nullam
624 1580 747 1619 subiit;
784 1580 825 1611 de
858 1589 924 1620 quo
948 1581 1018 1612 loco
1043 1580 1226 1620 diligenter
1251 1581 1321 1620 egit

304 1624 421 1658 Lehrs.
443 1626 483 1658 de
501 1627 606 1657 Arist.
635 1635 668 1667 p.
688 1623 756 1659 276
775 1637 846 1668 sqq.

375 1681 503 1730 Λῦμα
527 1685 663 1725 Proprie
688 1685 817 1726 sordes,
854 1687 977 1727 quibus
1003 1687 1078 1727 quis
1105 1687 1316 1727 inquinatur.

304 1726 432 1777 λύμαθ’
458 1729 596 1778 ἁγνίσας
622 1731 690 1777 ἐμοί
716 1734 770 1764 Ai.
803 1730 882 1765 655.
930 1734 1061 1765 Tralate
1088 1734 1315 1774 opprobrium:

305 1777 400 1824 λῦμα
432 1778 482 1825 τῷ
521 1778 612 1825 γήρᾳ
637 1779 770 1826 τρέφει,
810 1780 866 1812 OC
899 1778 967 1812 805
992 1792 1023 1812 v.
1053 1782 1168 1812 Herm.
1199 1781 1314 1814 Suid.:

304 1824 399 1871 λῦμα
421 1827 470 1872 τῷ
492 1825 583 1872 γήρᾳ
611 1826 751 1874 στρέφῃ,
781 1825 854 1860 ἀντὶ
877 1830 937 1861 τοῦ
964 1826 1167 1865 ἀπαίδευτος
1191 1826 1234 1862 εἷ.
1273 1830 1314 1860 cf.

304 1874 431 1915 Spanh.
449 1874 489 1905 ad
508 1874 637 1906 Gallim.
661 1875 691 1907 h.
714 1876 781 1906 lov.
813 1872 867 1906 17.
899 1875 1003 1907 Seidl.
1032 1876 1073 1907 ad
1099 1876 1216 1908 Troad.
1235 1872 1313 1907 608.

375 1929 580 1978 Λῦμαίνο
595 1943 670 1977 μαι
687 1943 811 1965 nocere.
841 1931 927 1980 ὀργῇ
938 1932 1039 1980 χάριν
1058 1932 1150 1974 δοὺς,
1176 1931 1200 1978 ἥ
1221 1931 1246 1966 σ’
1264 1932 1318 1967 ἀεὶ

303 1977 504 2024 λυμαίνεται
521 1979 575 2012 OC
593 1977 674 2012 855.

374 2035 584 2083 Λῦμαντή
597 2049 612 2075 ς
653 2042 838 2080 corruptor,
875 2041 930 2080 qui
965 2040 1177 2080 pessumdat,
1215 2049 1313 2071 noxa.

302 2084 416 2132 γάμον
435 2083 508 2119 οἷον
525 2085 779 2131 κατακτήσαιτο
797 2084 975 2132 λυμαντὴν
991 2085 1064 2131 βίου
1093 2087 1147 2118 Tr.
1171 2083 1250 2118 793.
1273 2105 1314 2111 -—

304 2133 378 2166 Sec.
399 2134 548 2173 regulam
567 2134 606 2164 ab
624 2133 689 2165 EM
708 2144 741 2175 p.
762 2130 843 2174 435,
863 2131 907 2165 49
933 2135 1078 2174 positam
1096 2135 1239 2175 penacui
1257 2135 1316 2166 de-

302 2182 389 2221 buit,
417 2190 479 2212 nec
497 2185 547 2212 est
565 2182 600 2211 in
617 2181 768 2222 exceptis
785 2182 825 2212 ab
850 2182 965 2213 eodem
989 2183 1174 2213 secundum
1192 2191 1316 2213 morem

302 2229 467 2268 Atticum,
487 2224 676 2272 καθαρτής,
698 2226 865 2273 ἀμυντής,
880 2227 1101 2274 φαιδρυντής,
1120 2226 1312 2272 ποικιλτής,

302 2272 516 2319 καλλυντής,
537 2274 726 2320 πραϋντήςς
765 2285 958 2316 quanquam
992 2277 1103 2308 omnia
1135 2287 1154 2307 a
1179 2277 1317 2316 liquidis

303 2323 413 2354 verbis
429 2324 577 2363 profecta
590 2323 756 2354 eiusmodi
773 2324 910 2354 nomina
932 2324 1008 2355 acui
1036 2324 1131 2355 iubet
1157 2323 1252 2355 Suid.
1282 2334 1312 2354 v.

303 2367 452 2414 ψάλτης,
472 2370 690 2408 dissentiens,
711 2374 750 2401 ut
767 2370 914 2410 videtur,
935 2380 954 2401 a
972 2371 1131 2402 Ghoerob.
1154 2371 1193 2402 ad
1209 2370 1318 2402 Theo—

303 2419 371 2449 dos.
391 2417 449 2448 fol.
473 2413 538 2448 105
555 2425 589 2456 p.
612 2413 702 2448 1432
720 2417 841 2457 Bekk.‚
870 2418 978 2449 solum
1003 2418 1196 2458 excipiente
1224 2415 1317 2463 ψαλ-

302 2462 366 2509 τής
384 2465 509 2504 ipsum.
1062 2464 1110 2508 (11
1129 2475 1162 2506 p.
1183 2462 1241 2505 41,
1263 2461 1317 2508 3.)

372 2519 553 2566 Λῦμεών
576 2523 599 2554 i.
629 2532 660 2563 q.
687 2520 874 2568 λυμαντής.
911 2521 992 2568 μηδ’
1018 2521 1035 2555 ὁ
1060 2521 1198 2568 λυμεὼν
1232 2521 1316 2568 ἐμός

304 2571 359 2602 Ai.
380 2567 460 2601 573.
493 2587 532 2592 —
553 2570 723 2601 Accentus
740 2571 996 2611 periecticorum
1012 2571 1177 2602 rationem
1202 2572 1316 2612 sequi-

305 2622 370 2658 tur,
392 2618 482 2648 utin
506 2615 683 2650 ἀπατεώντ
712 2627 904 2658 quanquam
937 2627 1023 2658 quae
1046 2618 1082 2648 in
1109 2618 1170 2650 hoc
1193 2627 1316 2657 genere

303 2673 422 2704 puram
438 2664 627 2695 finitionem
653 2673 719 2695 non
743 2665 886 2706 habent,
915 2666 1009 2697 velut
1033 2663 1207 2711 γάστρων,
1235 2664 1317 2698 κέν-

302 2722 402 2757 τρων,
439 2717 513 2742 tum
538 2711 601 2742 alio
628 2715 806 2751 notantur,
840 2716 915 2743 tum
939 2713 1089 2744 variabili
1116 2718 1193 2744 tono
1218 2722 1316 2753 repe-

305 2760 454 2790 riuntur.

374 2808 501 2862 Λύμη
536 2818 659 2848 iniuria
691 2818 819 2857 yravis,
855 2819 1064 2850 contumelia.
1117 2816 1149 2851 τί
1181 2816 1314 2864 δρῶσα;

303 2862 431 2910 πότερα
446 2862 562 2911 γερσὶν
578 2861 601 2909 ἢ
619 2861 714 2912 λύμη
734 2862 827 2908 βίους
849 2865 902 2896 El.
926 2862 1026 2897 1195.
1055 2863 1112 2898 καὶ
1136 2863 1234 2912 χερσὶ
1257 2864 1317 2899 καὶ

305 2909 448 2955 λύμαισι
463 2905 523 2944 καὶ
539 2913 640 2945 πᾶσιν
657 2913 780 2949 κακοῖς
800 2908 900 2944 1196.
924 2930 965 2936 —-
987 2905 1171 2944 Accentum
1189 2914 1318 2944 notavit

304 2959 380 2989 Arc.
409 2967 443 2998 p.
467 2955 544 2999 110,
567 2955 621 2990 14.

372 3013 543 3050 Λυπὲω.
564 3016 579 3059 ΙΙ
597 3026 693 3057 enyo.
722 3014 781 3050 καί
825 3014 950 3097 ’ἦμαρ
969 3015 1091 3059 λυπεῖ,
1119 3016 1151 3051 τί
1176 3016 1318 3064 πράσσει

303 3064 360 3096 OR
377 3061 432 3096 74.
461 3068 529 3096 τῶν
555 3067 722 3109 πημονῶν
749 3062 897 3108 poium
952 3062 1082 3106 υποῦσ’,
1118 3062 1155 3098 αἳ
1189 3058 1317 3112 φανῶσ’

305 3108 502 3166 αὐθαίρετοι
522 3107 622 3161 1231:
644 3111 658 3152 Η
675 3112 840 3169 molestus,
861 3114 971 3151 ymvis
987 3122 1078 3170 sum,
1093 3110 1178 3167 ἄγριν
1196 3123 1234 3169 γε
1252 3109 1317 3145 λυ-

303 3159 480 3236 KQ?
501 3154 590 3248 {2912}
607 3155 966 3251 {552‘52352'033314
986 3156 1316 3251 ίῖἶῖἓνῧῇόῖἷῖτὲἕῗ

304 3247 548 3343 ῥέἒέξμῖίῗῆλ
556 3253 650 3344 ἷξξιῗ
662 3249 761 3344 ξὲᾏζίῗ
766 3250 1242 3344 ‘3011{fesffif'issi'issssvefjspssffii‘iq
1274 3263 1314 3332 ἔ.

306 3309 749 3426 σεμλιῖἒόγῖασὲτρουλοίλμην
758 3344 984 3412 υβραχὺῖαύτὴ
1004 3345 1220 3415 μέγ’*εύρεῖνἌ
1231 3347 1314 3416 κέρῖ

305 3401 362 3428 oo,
478 3417 483 3423 .
535 3403 596 3438 γαν
614 3403 651 3439 γε
692 3403 790 3430 υπεις
805 3394 859 3426 Ar.
881 3391 961 3426 089.
991 3405 1029 3427 ο.)
1051 3391 1184 3437 μαλλον
1201 3405 1224 3439 η
1250 3392 1292 3426 λυ

1083 114 1249 173 Λύκιος
1273 146 1340 153 ·—-
1368 113 1601 185 Λυπηρῶς

2220 0 2228 9 ι»
2248 0 2288 11 l'e*

2155 7 2166 14 2
2188 0 2211 30 1³1.
2229 6 2288 53 «4

2083 123 2132 175 [Π
2149 139 2183 172 p.
2194 122 2284 183 40-

1354 231 1511 277 πήσομεν
1532 230 1633 266 1139.
1662 231 1694 266 τί
1712 231 1776 280 γάρ
1795 245 1838 279 με
1854 231 1959 268 λυπεῖ
1982 236 2101 276 τοῦτος
2132 235 2186 268 El.
2213 231 2257 267 59

1351 283 1456 311 nocet.
1478 279 1492 322 ss
1510 281 1685 312 Passivum
1702 283 1795 321 anyt,
1824 283 1958 314 tristitia
1974 281 2078 325 affici.
2106 281 2221 320 κοινὸς
2240 280 2276 315 ἐν

1352 329 1441 359 νοῐσι
1465 325 1651 362 λυπεῖσθαι
1675 330 1731 360 Ai.
1750 325 1832 361 267.
1875 331 1949 366 τοῖς
1967 327 2075 363 πάλαι
2106 328 2286 375 νοσήμασι

1353 371 1496 408 πεῖσθαι
1513 371 1591 406 338.
1623 372 1689 412 ἕως
1713 374 1751 409 τὸ
1775 373 1835 421 γαί
1859 387 1905 409 ειν
1922 374 1981 409 καὶ
1996 375 2034 409 τὸ
2051 374 2234 410 λυπεῖσθαι
2253 387 2288 422 με

1353 419 1433 453 555.
1462 419 1542 458 τοὺς
1558 418 1725 460 θανόντας
1751 415 1819 469 οὐχ
1835 386 1906 468 gp&
1923 421 2162 469 λυπουμένους
2179 424 2234 455 El.
2265 421 2283 456 1

1356 485 1397 490 —
1415 469 1565 500 molestia
1580 473 1609 501 et
1626 471 1714 502 mato
1732 470 1836 513 affici.
1867 467 1930 503 οὐκ
1947 467 2124 504 ἀντιτίσειν
2143 467 2242 508 αὖθις
2258 468 2288 504 ἃ·

1354 512 1564 560 πώμεθαΑἰ.
1581 513 1683 549 1086.
1710 515 1814 551 κᾶνευ
1831 516 1931 551 τοῦδε
1947 515 2117 563 λυπηθεὶς
2135 515 2203 551 ἔσει
2221 518 2288 551 OC}

1423 567 1563 619 Λύπη.
1592 573 1774 619 [Aeschylo
1808 577 1915 608 multo
1947 578 2069 609 rariore
2102 577 2138 608 in
2171 586 2236 608 usu

1355 619 1482 667 ἄλγος,
1512 623 1666 663 Sophocli
1690 632 1798 668 paene
1830 621 1934 668 pari.]
1959 627 1975 663 ΙΙ
1999 623 2092 656 dolor
2109 624 2226 656 animi.
2268 585 2288 656 (1

1354 666 1418 714 γὰρ
1436 668 1524 714 αἴρει
1556 667 1667 714 θυμὸν
1702 668 1866 708 Uibia-:oui
1898 669 2037 704 λύπαισι
2068 668 2279 704 παντοίαισιν

1356 714 1436 748 915.
1479 710 1533 748 ὑπ’
1550 714 1669 763 ἀγρίας
1688 710 1796 757 ἀίξασα
1820 715 1933 764 λύπης
1952 715 2054 751 1074.
2090 716 2185 766 λύπῃ
2212 715 2288 751 Beer.

1356 761 1455 808 μόλις
1475 761 1592 808 βλέπω
1610 764 1665 796 oc
1683 750 1762 797 326.
1793 763 1867 798 ἐπεὶ
1893 763 2007 798 πολλὰ
2023 764 2059 798 αι
2085 763 2215 810 μακραὶ
2243 762 2288 810 ἀμ

1354 809 1538 844 κατέθεντο
1569 809 1611 857 δὴ
1638 809 1750 850 λύπας
1776 810 1947 858 ἐγγυτέρω
1967 809 2057 845 1216
2084 813 2137 844 ch.
2167 823 2199 843 v.
2227 821 2288 845 κατ

1355 857 1454 902 θημι.
1498 855 1532 890 τί
1557 856 1594 891 δὲ
1621 856 1795 905 ῥυθμίζεις
1820 858 1883 905 τήν
1911 857 2000 905 ἐμὴν
2024 857 2093 893 λύπ
2120 871 2138 892 ν
2172 860 2254 890 Ant.
2282 857 2288 890 Ξ

1355 903 1448 950 ἄγειν
1482 902 1595 950 λύπης
1628 904 1831 952 ἀντίρροπον
1865 904 1976 953 ἄχθος
2002 907 2054 939 El.
2087 904 2104 938 1
2131 903 2225 939 Oan.

1355 952 1429 996 μέν,
1450 949 1494 996 ἢν
1510 951 1632 999 κτάνῃ,
1654 951 1747 998 λύπη
1768 947 1807 994 δ’,
1830 951 1888 986 ἐὰν
1904 954 1952 994 ζῶ
1970 951 2050 986 822.
2087 952 2181 1000 λύπῃ
2200 954 2288 990 πᾰςι

1353 998 1566 1045 λαταικακῇ
1583 1001 1638 1032 Ai.
1659 998 1739 1032 275.
1794 1000 1884 1046 μηδὲ
1915 1000 2000 1047 πρὸς
2028 1003 2152 1039 κακοῖς
2185 1002 2261 1038 τοῖς
2284 1013 2288 1018 ·

1353 1044 1467 1092 λύπην
1486 1047 1572 1091 πρός
1589 1045 1618 1094 γ’
1635 1046 1721 1092 ἐμοῦ
1739 1045 1832 1093 λύπῃ
1850 1045 1953 1094 λάβοι
1969 1049 2026 1080 Tr.
2046 1045 2126 1081 331.
2162 1048 2288 1088 Vulgah

1354 1092 1438 1140 πρός
1456 1091 1485 1140 γ’
1503 1093 1589 1139 ἐμοῦ
1607 1092 1739 1140 λύπης,
1767 1096 1854 1136 quod
1872 1094 2102 1137 comparantes
2117 1093 2211 1129 κακὰ
2232 1105 2288 1128 και

1353 1139 1468 1188 ἔσχατ’
1502 1140 1658 1188 ἐσχάτων
1689 1142 1795 1182 κακά,
1838 1147 1873 1175 et
1905 1144 2135 1175 diversissima
2174 1143 2228 1174 his
2267 1147 2288 1175 τι

1353 1192 1481 1221 πιστῶν
1515 1191 1640 1221 frustra
1673 1194 1848 1222 excusant.
1901 1190 2003 1223 schol.
2032 1194 2092 1223 aut
2116 1191 2286 1230 vulgatam

1353 1233 1452 1274 δόξαν
1481 1234 1566 1282 πρός
1599 1230 1628 1282 γ’
1647 1235 1731 1281 ἐμοῦ
1757 1235 1871 1282 λύπης
1902 1238 2027 1278 legisse
2059 1237 2204 1270 videtur.
2249 1236 2288 1274 Rq

1354 1284 1449 1323 illud,
1470 1284 1560 1324 quod
1579 1293 1680 1324 supra
1698 1285 1896 1326 scripsimus
1911 1310 1919 1326 ‚
1947 1285 2076 1326 recepit
2097 1285 2199 1326 idque
2222 1291 2288 1320 com

1355 1331 1430 1362 dam
1447 1331 1709 1371 explicationem
1727 1333 1845 1364 habet:
1868 1342 1908 1363 ne.
1926 1334 1961 1364 in
1976 1334 2087 1372 malis,
2116 1333 2152 1364 in
2175 1327 2288 1373 quibua

1355 1377 1448 1409 dolor
1465 1380 1533 1409 eius
1551 1389 1572 1409 α
1588 1388 1638 1410 me
1655 1379 1767 1411 addito
1785 1380 1850 1411 alio
1868 1379 1978 1411 dolore
2002 1382 2174 1419 auyeatur.
2217 1377 2288 1417 Quo

1356 1426 1415 1456 LA
1432 1426 1611 1456 inventum
1630 1431 1682 1457 est
1698 1423 1719 1458 λ
1731 1425 1842 1471 ύπην
1861 1425 1946 1472 πρός
1964 1420 1994 1472 γ’
2011 1424 2097 1470 ἐμοῦ
2121 1424 2234 1471 λύπην
2259 1425 2288 1467 pi

1354 1475 1429 1512 post
1445 1473 1540 1513 prius
1557 1470 1670 1515 λύπην
1687 1474 2037 1515 distinctione‘Apitz.
2058 1474 2210 1506 defendit
2221 1465 2288 1515 inq?

1353 1521 1437 1551 sima
1470 1520 1656 1561 anadiplosi
1689 1518 1810 1565 [Dind.
1843 1521 1936 1553 dedit
1968 1518 2080 1566 λύπην
2109 1518 2194 1566 πρός
2226 1512 2288 1566 ‘ft'

1354 1565 1432 1599 νέαν
1450 1564 1579 1611 λάβοι].
1599 1585 1641 1591 --
1660 1571 1676 1606 ΙΙ
1692 1569 1854 1608 molestia,
1872 1569 2011 1609 matum,
2040 1567 2126 1609 quod
2142 1569 2213 1609 quis
2225 1568 2288 1608 pat

1357 1611 1469 1659 λύπην
1487 1615 1587 1647 πᾶσιν
1620 1611 1779 1661 Ἀργείοις
1797 1613 1914 1660 βαλεῖς
1931 1616 1991 1647 Ph.
2013 1612 2068 1647 67.
2114 1614 2252 1662 ἔχοντες
2272 1621 2288 1662 ,g

1358 1659 1460 1706 βολον
1481 1660 1586 1706 σαφὲς
1603 1659 1716 1707 λύπης
1729 1660 1799 1694 404
1829 1663 2046 1703 manifestum
2063 1664 2204 1694 iniuriae
2221 1661 2260 1692 ab
2273 1665 2288 1693 1

1355 1708 1407 1739 dis
1432 1710 1542 1741 illatae
1568 1709 1740 1741 indicium.
1784 1710 1812 1743 ὦ
1842 1707 2078 1756 πληρεστατον
2104 1707 2221 1742 αὐλίον
2254 1702 2288 1743 M

1353 1758 1415 1793 τᾶς
1445 1751 1502 1789 ἀπ’
1536 1755 1622 1800 ἐμοῦ
1652 1754 1742 1789 1084
1765 1767 1810 1789 m.
1863 1767 2042 1789 aerumnae
2069 1760 2100 1788 et
2133 1757 2288 1798 querimur!

1353 1800 1502 1836 ἀλύοντα
1526 1802 1691 1850 χειμερίῳ
1725 1802 1819 1849 λύπᾳ
1846 1801 1936 1836 1195
1953 1814 1997 1836 m.
2042 1802 2106 1838 οὐκ
2139 1802 2212 1837 ’ίσον
2243 1808 2288 1844 κς

1354 1848 1434 1894 ἐμοὶ
1452 1847 1566 1896 λύπης
1584 1851 1638 1882 El.
1661 1848 1740 1883 533.
1792 1849 1922 1884 τέκνων
1941 1848 2030 1884 ὅσων
2050 1850 2128 1896 ἐμοὶ
2150 1849 2288 1897 ὃύσνοις

1354 1896 1530 1943 πρόσεστιν
1554 1895 1577 1942 ἢ
1606 1896 1699 1943 λύπη
1724 1897 1830 1945 πικρά
1854 1896 1924 1931 654
1948 1900 2004 1940 qui
2032 1899 2113 1930 mihi
2136 1907 2205 1930 non
2235 1899 2288 1933 sm

1353 1946 1492 1976 iniurius
1506 1945 1628 1985 inferre
1646 1956 1703 1977 aut
1722 1955 1828 1978 creare
1853 1947 2048 1978 molestiam.
2094 1946 2146 1977 De
2171 1950 2249 1977 tono
2269 1946 2288 1982 δ’.

1353 1992 1424 2023 buli
1443 2003 1475 2023 v,
1495 1994 1572 2024 Arc.
1593 2002 1628 2033 p.
1650 1990 1732 2034 113,
1751 1991 1786 2026 4.
2114 1991 2163 2035 (11
2179 2002 2214 2034 p.
2234 1985 2288 2038 425

1424 2047 1548 2096 Λύπη
1561 2063 1616 2095 μα
1649 2053 1861 2091 aeyrimonia.
1906 2045 1930 2096 ᾗ
1960 2045 1994 2084 δ’
2011 2049 2083 2098 ἔχω
2109 2039 2285 2096 λυτήριοιᾷῂ

1352 2108 1466 2142 πημα,
1485 2092 1560 2144 τῇδ’
1580 2096 1659 2143 ὑμῖν
1679 2097 1799 2144 φράσω
1819 2099 1873 2130 Tr.
1895 2096 1975 2131 554.
2005 2099 2060 2131 Sic
2076 2100 2111 2130 in
2129 2099 2225 2130 libris
2241 2096 2288 2140 dh

1352 2147 1478 2185 guitur.
1532 2143 1743 2189 [Corruptela
1782 2147 1916 2178 videtur
1954 2147 2078 2178 inesse.
2122 2146 2238 2177 Herm.
2265 2144 2287 2188 1¹

1351 2190 1530 2237 κήλημα.]
1549 2192 1656 2224 Schol.
1679 2190 1753 2226 ἀντὶ
1768 2195 1842 2232 τοῦ,
1862 2196 1925 2239 τῆς
1943 2191 2056 2238 λύπης
2066 2190 2164 2237 ἴαμα.
2195 2187 2286 2238 SchQ'

1353 2241 1425 2271 ideo
1444 2238 1604 2285 λυτήριον
1622 2242 1851 2272 accusativum
1876 2238 2024 2285 λύπημα
2049 2250 2163 2280 regere
2181 2249 2228 2281 pu

1352 2284 1502 2331 εὐμαθές
1534 2298 1564 2318 ν.
1595 2284 1672 2327 611,
1704 2289 1745 2319 cf.
1785 2289 1899 2320 Herm.
1930 2288 1971 2319 ad
1994 2288 2048 2319 Ai.
2088 2284 2189 2319 1025.
2228 2240 2286 2332 Ἠ

1352 2332 1514 2379 λυτήριον
1532 2336 1665 2375 passive
1682 2335 1811 2366 dictum
1836 2336 2034 2376 arbitratur,
2065 2340 2104 2366 ut
2138 2336 2182 2366 sit
2213 2331 2286 2375 som]

1352 2379 1465 2421 λυτόν,
1487 2378 1628 2414 λύεσθαι
1646 2380 1845 2426 δυνάμενον.
1890 2383 2005 2423 ApitZ.
2034 2391 2153 2414 novam
2176 2382 2251 2421 ingr
2260 2395 2264 2406 ι
2286 2399 2288 2403 ‹

1355 2429 1506 2467 vulgatae
1531 2430 1677 2460 tuendae
1703 2431 1810 2470 viam,
1840 2427 1986 2474 λύπημα
2010 2439 2077 2461 non
2102 2426 2215 2473 λύπην
2264 2459 2280 2474 ,Ἰ

1353 2476 1410 2507 sed
1443 2473 1536 2521 λύπῃ
1571 2477 1681 2507 affecti
1712 2480 1838 2508 statum
1872 2482 1906 2508 et
1927 2477 2153 2508 conditionem
2175 2478 2227 2516 sig

1351 2523 1532 2554 affirmans.
1562 2524 1633 2554 Hoc
1650 2525 1679 2554 si
1697 2533 1814 2554 verum
1832 2529 1894 2563 est,
1917 2525 2030 2555 nescio
2046 2524 2165 2564 quidni

1351 2571 1566 2610 interpretari
1600 2571 1698 2602 liceat
1738 2568 1761 2614 ἡ
1806 2568 1956 2608 διάθεσις
1999 2573 2059 2604 τοῦ
2105 2567 2288 2616 ὠφεληθῇ-

1350 2618 1492 2663 πρᾶγμα
1508 2615 1532 2661 ή
1550 2619 1610 2650 τοῦ
1628 2617 1849 2662 πράττοντος,
1878 2616 2054 2664 στέργημα
2078 2615 2101 2661 ή
2126 2619 2187 2650 τοῦ
2208 2634 2216 2643 ·
2251 2612 2288 2634 .·

1350 2675 1421 2701 τος.
1466 2665 1599 2696 Deinde
1624 2666 1838 2706 ineptissime
1862 2666 1998 2697 adhibet
2025 2665 2143 2696 Dionis
2177 2664 2250 2696 Cas

1352 2721 1441 2751 cum,
1464 2712 1499 2742 in
1518 2721 1582 2752 quo
1600 2709 1746 2756 λύπημα
1763 2714 1942 2743 manifesto
1960 2712 1993 2744 id
2010 2721 2071 2752 quo
2094 2721 2126 2742 se
2151 2713 2223 2752 quis

1352 2760 1418 2790 ciat
1450 2760 1628 2799 significat.
1674 2760 1790 2799 Neque
1817 2770 1869 2800 ap.
1906 2759 2130 2790 Abreschium
2162 2759 2202 2790 ad

1354 2805 1473 2847 Suppl.
1494 2803 1574 2846 813,
1606 2816 1716 2846 neque
1745 2816 1796 2846 ap.
1819 2808 1944 2846 Reisig.
1972 2807 2013 2838 ad
2037 2806 2092 2838 OG
2119 2815 2146 2837 c.
2169 2815 2213 2838 cr.

1352 2858 1386 2884 et
1403 2862 1510 2884 enarr.
1539 2863 1572 2894 p.
1597 2851 1662 2885 133
1681 2854 1862 2894 quidquam
1888 2855 2034 2894 reperias
2057 2854 2135 2884 huic
2160 2854 2207 2884 rei
2233 2865 2238 2879 ι

1352 2900 1414 2931 dae
1447 2900 1617 2931 idoneum.
1666 2901 1768 2932 Recte
1800 2904 1883 2941 puto
1906 2902 2138 2932 Hermannum

1351 2940 1374 2993 ᾗ
1393 2941 1421 2979 δ’
1440 2945 1512 2994 ἔχω
1530 2944 1690 2994 λυτήριον
1708 2945 1853 2991 λύπημα
1869 2941 1953 2993 τῇδ’,
1983 2944 2064 2992 ὑμῖν
2089 2945 2227 2992 φράσσαι
2259 2947 2271 2994 ‚¹

1351 2995 1499 3026 monium
1516 2995 1620 3034 Iotae,
1639 2995 1719 3025 mihi
1737 2995 1959 3026 liberationem
1983 3005 2004 3025 a
2019 2995 2125 3025 malis.
2163 2994 2249 3032 Qua
2267 3006 2269 3008 ’

1352 3041 1579 3082 distinctione,
1602 3042 1669 3073 nisi
1686 3042 1815 3082 pueris,
1837 3051 1903 3073 non
1921 3051 2016 3081 opus.

1422 3096 1452 3133 A
1463 3098 1482 3131 ῡ
1493 3110 1548 3144 πη
1561 3110 1578 3145 ρ
1589 3098 1606 3132 ό
1619 3111 1633 3136 ς
1651 3102 1771 3139 yravis,
1794 3102 1957 3131 molestus.
1988 3098 2018 3132 τί
2037 3110 2089 3132 σοι
2105 3095 2194 3132 τοῦτ’

1351 3146 1460 3191 πηρὸν
1479 3144 1610 3186 κλύεινς
1634 3147 1687 3178 Oc*
1709 3144 1808 3178 1176.
1837 3144 1967 3191 ἄρξασά
1983 3158 2014 3179 τι
2033 3144 2186 3203 λυπηρόν
2205 3139 2269 3176 ”ΕΙ.’

1351 3191 1414 3225 οὐκ
1432 3190 1472 3226 ἂν
1488 3191 1582 3238 ἦσθα
1600 3191 1739 3238 λυπηρὰ
1755 3191 1869 3226 κλύειν
1888 3191 1967 3225 557.
2004 3191 2118 3238 λυπήρ
2154 3190 2221 3237 ἔπη
2240 3193 2260 3204 ’

1351 3242 1390 3271 fr.
1412 3238 1489 3280 103,
1509 3238 1542 3271 2.

1419 3295 1450 3332 A
1462 3301 1479 3330 υ
1492 3309 1548 3343 πη
1561 3309 1578 3345 ρ
1589 3303 1616 3332 ῶ
1627 3311 1643 3337 ς
1660 3302 1815 3340 gnaviter,
1836 3309 1910 3331 cum
1926 3300 2024 3332 malo.
2071 3297 2234 3344 λυπηρῶς

1350 3343 1478 3390 πέμπω
1497 3355 1533 3378 σε
1550 3344 1683 3390 μᾶλλον
1702 3348 1762 3380 Ph.
1785 3343 1854 3378 912
1870 3356 1910 3378 ne
1927 3357 1999 3378 mea
2023 3349 2190 3379 comitatio
2215 3348 2250 3376 tf·-

1350 3393 1449 3424 torem
1465 3395 1592 3433 yiyrmt.
1631 3392 1796 3439 λυπηρῶς
1816 3391 1843 3425 δ’
1862 3392 1946 3441 ἔχει,
1967 3393 1997 3427 εί
2013 3394 2066 3426 El.
2090 3392 2168 3425 767.
2242 3389 2245 3394 ⁴
