2288 3600
140 101 241 149 322

141 215 217 263 ρόνι
258 216 396 248 cadaver
425 216 515 246 enim
547 218 677 255 gratum
711 215 901 247 volucribus
934 215 1150 256 conspicaris.

898 97 1128 165 Θησείδης
1155 126 1218 134 -
1248 96 1441 165 Θνήσκω

1889 107 1922 154 [1
1938 119 1972 151 p.
1991 67 2211 154 soa-som

1191 224 1260 246 ram
1286 214 1503 255 distinguunt
1527 219 1602 257 post
1628 211 1752 260 ἔθιγες.
1790 215 1862 247 Non
1887 215 1968 247 satis
1992 217 2208 257 perspexisse

139 265 233 304 Quae
246 266 446 303 promuntur
468 262 513 294 ad
529 266 654 294 certum
669 271 767 294 usum
790 263 838 294 sic
854 262 1031 294 dicuntur:
1062 260 1154 307 ἔχων
1190 262 1272 293 haec
1298 263 1430 294 videtur
1445 263 1566 294 Matth.
1583 262 1640 295 Gr.
1661 262 1718 294 Gr.
1741 260 1762 305 S
1780 259 1850 294 330
1866 267 1935 294 not.
1958 279 1999 285 —-
2019 259 2059 295 οὐ
2082 261 2148 308 τήν
2169 273 2207 309 γε

137 309 248 356 κόμας
274 308 361 354 ἐμὰς
383 309 443 343 καὶ
465 307 570 355 τῆσδε
595 308 653 342 καὶ
679 311 803 343 σαυτοῦ
828 307 964 356 τρίτου,
1002 307 1154 355 ἱκτήριον

137 355 311 404 θησαυρόν
336 358 391 389 Ai.
415 354 505 389 1175
532 357 573 389 de
598 357 728 398 capillis
745 360 875 389 mortuo
900 357 1075 389 cremando
1101 366 1154 388 sa-

139 405 281 438 crandis.
325 405 377 436 De
401 408 480 436 tono
504 404 604 437 schol.
631 404 768 436 Hesiod.
795 405 905 444 theog.
933 401 1021 445 832,
1054 413 1155 445 quem

138 461 294 494 perverse
335 452 504 493 disposuit
541 452 652 483 locum
694 452 799 484 Gaisf.
835 462 868 483 v.
903 451 1076 484 Muetzell.
1113 451 1155 482 de

139 500 272 532 emend.
295 499 421 539 Theog.
442 499 525 531 Hes.
545 509 579 539 p.
600 495 681 531 342.
702 499 786 530 item
799 499 876 530 Arc.
897 509 931 540 p.
953 495 1010 539 72,
1031 495 1089 530 20.

210 554 431 603 Θησείδης
453 557 602 589 Thesida.
633 555 726 591 δεινὰ
743 555 781 590 δὲ
799 554 968 603 Θησειδᾶν
985 554 1083 601 άκμά
1100 556 1155 589 OC

142 601 230 637 1066
248 606 301 637 ch.
331 605 484 637 Theseus
501 615 579 637 cum
597 605 670 646 ipse
686 614 820 646 pugnae
837 607 1027 645 interesset,
1048 605 1157 636 Athe-

139 652 277 684 nienses
302 653 478 693 populares
504 661 582 684 suos
606 653 643 684 in
668 655 783 684 mente
806 652 926 685 habuit
942 652 1073 684 chorus.
1103 652 1157 684 Sic

139 700 242 731 schol.
263 697 496 746 ἁπλούστερον
515 697 553 732 δὲ
578 696 800 745 Θησειδᾶν
825 697 920 746 φησί,
948 703 1017 732 τῶν
1043 694 1155 732 Ἀττι-

138 750 211 780 κῶν
228 750 296 779 τῶν
314 744 380 780 ὑπὸ
398 743 515 792 Θησέα
531 745 758 793 τεταγμένων.
790 747 956 779 Similiter
979 740 1157 792 Ἀτρείδας

139 794 206 826 dici
222 794 358 826 Atridas
376 803 452 826 cum
470 795 636 826 militibus
654 795 785 826 notavit
801 795 970 826 Hellerus.
1004 794 1154 825 Doeder-

138 842 250 873 linus:
286 838 476 887 „Onceissat
507 841 626 882 duces,
669 846 885 883 opponuntur
922 840 1151 887 προσχώροις,

138 889 250 930 vulgo,
279 889 397 921 Coloni
419 890 618 930 praesertim
633 890 711 930 pagi
735 890 887 921 incolis.“
920 889 991 920 Hoc
1014 897 1082 920 non
1099 890 1154 919 in-

138 939 190 967 est
214 937 251 967 in
277 937 400 968 verbis.
441 936 508 975 Qui
528 937 679 978 loquitur
704 947 723 968 a
747 937 885 978 speciali
917 937 959 968 ad
983 937 1151 976 generale,

1191 308 1240 354 μὴ
1260 306 1422 354 θιγοῦσαν
1439 307 1672 352 (κατακτενῶ)
1689 311 1770 341 Ant.
1792 306 1871 341 771.
1901 306 1979 343 οὔτε
1997 307 2111 347 δαιτὸς
2128 306 2207 343 οὔτε

1217 354 1350 402 έρνιβος
1376 354 1481 403 θιγών
1509 358 1576 389 inc.
1599 357 1638 389 L.
1659 355 1682 388 7
1705 357 1802 388 Brck.
1831 354 1899 401 [est
1922 357 2150 399 Pseudosoph.
2171 367 2204 389 V.

1190 367 1355 449 ἒαθμός]
1389 404 1510 444 Capere
1533 405 1559 436 i.
1578 414 1611 445 q.
1640 405 1769 436 haurire
1793 413 1914 445 aquam
1937 407 2053 446 aperte
2077 405 2209 444 signifi-

1191 455 1286 484 catur
1302 451 1358 483 OG
1375 448 1465 483 470:
1495 449 1530 491 ἐξ
1554 448 1711 497 ἀειρύτου
1736 448 1824 497 χοὰς
1848 449 1980 498 κρήνης
2005 449 2144 497 ἐνεγκοῦ
2168 444 2209 483 δι’

1191 495 1295 532 ὁσίων
1311 501 1438 546 χειρῶν
1456 494 1574 544 θιγών.
1602 508 1714 539 apogr.
1735 496 1861 544 θίγωνε
1891 499 1951 530 LA
1968 496 2086 544 θιγών.
2115 499 2207 530 Doe-

1191 546 1357 578 derlinum
1374 546 1486 587 miror,
1507 546 1566 587 qui
1583 546 1786 587 explicuerit
1803 546 1923 578 lavari.
1937 563 1978 569 —
1995 546 2048 578 De
2065 546 2209 577 aliarum

1191 602 1302 625 rerum
1318 594 1512 633 contayione
1524 596 1559 625 et
1572 594 1709 635 quidem
1724 594 1764 625 de
1782 602 1913 625 veneno
1926 593 2094 625 exedente
2106 592 2207 634 quid-

1191 640 1274 682 quid
1289 641 1443 680 tetigerit
1458 640 1581 673 dicitur
1599 641 1655 672 Tr.
1673 638 1753 673 715.
1773 639 1915 688 χῶσπερ
1933 637 2086 687 [χῶνπερ
2100 639 2205 671 Dind.

1192 698 1220 720 c.
1242 685 1391 732 Wakef.]
1417 685 1457 720 ἂν
1475 684 1555 735 θίγῃ
1574 685 1708 733 φθείρει
1721 686 1765 721 τὰ
1789 686 1899 720 πάντα
1915 685 2089 720 κνώδαλα.
2121 687 2206 718 Tra-

1192 736 1298 766 latum
1314 745 1332 766 a
1348 736 1465 774 lingua
1481 735 1522 767 ad
1541 745 1710 767 sermones
1729 739 1781 767 est
1799 731 1914 773 ἔξοιδα
1929 733 1994 780 γάρ
2018 745 2068 767 νιν
2086 732 2212 768 παντὸς

1192 779 1232 815 ἂν
1247 779 1354 828 λόγου
1380 784 1490 815 κακοῦ
1517 779 1655 830 γλώσσῃ
1674 780 1813 829 θιγόντα
1836 780 1894 815 καὶ
1920 779 2127 827 πανουργίας
2143 781 2205 812 ΡΙ).

1192 826 1272 861 408.
1297 846 1338 851 —
1357 830 1444 862 Cum
1456 829 1568 862 dativo
1584 831 1718 870 tragicis
1736 839 1802 861 non
1820 830 1952 869 dicitur,
1975 829 2119 861 Pindaro
2136 829 2208 860 usi-

1192 880 1300 908 tatum
1318 881 1388 908 est:
1419 887 1450 908 v.
1470 877 1613 909 Boeckh.
1636 877 1738 917 Expl.
1759 876 1857 908 Pind.
1880 886 1914 917 p.
1938 873 2002 908 111
2028 876 2088 920 (ἵ).

1262 939 1349 984 Θίς.
1387 944 1508 987 θῖνα,
1545 944 1721 993 αἰγιαλὸν,
1759 945 1868 993 σωρόν
1898 947 1993 978 Phot.
2021 955 2056 988 p.
2077 942 2135 987 92,
2162 942 2205 978 21

129 983 227 1064 ,Ἃῑθᾱ
258 984 696 1071 ἲὲἳῗὲςῑᾶωῗῖιῐῗξῗῖἰξῦζ
741 981 869 1065 ῗεὲῖὸςθ
888 982 906 1017 ὁ
939 983 1154 1065 Ἑξθσξὶῴρᾝγ
1191 997 1226 1026 et
1244 994 1359 1049 S.⁰id'3
1389 995 1445 1026 hic
1461 995 1525 1036 bis,
1555 996 1658 1052 altero
1682 996 1752 1052 loco
1777 995 1890 1027 addito
1912 997 1981 1027 τῶν
2001 991 2205 1050 χρημάτων.

139 1041 272 1109 01151150
304 1087 374 1110 non
407 1077 520 1118 facilis
559 1041 603 1110 (17(ῑί
625 1041 1156 1110 ’θαίίῖτῗεηὲυωηῗὲιιὴῗῖιίεπέᾓιῗνί
1191 1042 1463 1135 ξὸξξὲθςὶῖῖῗξὲἒ
1476 1039 1859 1135 ἀζμῗέἶηῗωᾏῗὲιὲὶὲἐ.
1875 1041 2088 1122 ὴὲῗίέἒὲέαθῖῃ
2100 1041 2210 1121 6130ἶὲ

138 1126 287 1166 impetw·
876 1124 907 1169 (Ῑ
925 1135 959 1166 Ρ·
976 1123 1057 1158 803·
1078 1122 1157 1168 299
1191 1128 1367 1182 κύμάτων.
1403 1135 1442 1170 τὸ
1467 1135 1563 1170 κάτω
1587 1134 1696 1181 βάθος
1719 1139 1783 1182 τῆς
1807 1133 1995 1181 θαλάσσης.
2031 1132 2055 1180 ἢ
2081 1133 2141 1168 ὀστ
2160 1146 2208 1168 ων

209 1180 380 1230 Θησεύς
398 1194 432 1216 n.
449 1193 501 1225 pr.
533 1184 628 1217 Nom.
658 1180 790 1229 Θησεὺς
807 1181 976 1225 καλεῖται,
998 1185 1059 1217 τοῦ
1078 1195 1102 1217 π
1125 1182 1154 1217 ὶν
1193 1182 1315 1228 σωρός.
1350 1184 1573 1216 Emendanda
1595 1185 1694 1216 haec.
1735 1181 1889 1230 αἰγιαλὸς
1920 1181 2150 1228 θαλάσσης
2175 1186 2211 1214 et

138 1228 273 1277 Αἰγέως
304 1230 407 1269 τόκος
441 1231 497 1264 OG
514 1228 571 1264 69.
609 1228 744 1277 Αἰγέως
775 1229 874 1277 γόνος
906 1229 1038 1277 Θησεύς
1072 1193 1151 1263 560
1193 1229 1331 1276 σωρὸς
1356 1230 1610 1290 χρημάτων.
1630 1250 1677 1254 -
1709 1229 1803 1268 θῖνες
1836 1229 1868 1264 οἱ
1900 1228 2080 1275 ἀμμώδεις
2110 1228 2209 1263 τόποι

137 1275 242 1325 τῆσδε
267 1276 445 1326 δημοῦχος
495 1276 597 1316 θονὸς
615 1276 748 1324 Θησεύς
767 1276 870 1311 1350.
899 1278 917 1313 ὁ
944 1277 988 1312 κύ
1014 1289 1063 1315 ιος
1082 1275 1156 1323 Θη-
1191 1277 1207 1322 (
1233 1280 1271 1310 ’ς
1289 1276 1485 1324 θαλασσης)
1501 1280 1657 1310 Ammon.
1678 1288 1711 1319 p.
1734 1275 1755 1310 9
1780 1279 1838 1320 qui
1856 1282 1946 1310 certe
1963 1278 2081 1309 debuit
2097 1286 2211 1323 παρα-

139 1323 215 1359 σεὺς
243 1323 403 1372 παρέστω
433 1288 535 1358 1644.
565 1343 606 1350 -
644 1326 718 1357 Voc.
750 1323 864 1371 Θησεῦ
893 1326 949 1358 OC
968 1289 1047 1358 569.
1069 1323 1149 1358 595.
1193 1323 1239 1359 θα
1263 1324 1374 1359 άσσιοι
1398 1327 1554 1358 scribere.
1599 1326 1770 1358 Absurdas
1795 1326 1947 1357 vocabuli
1973 1325 2211 1365 originationes

140 1369 242 1405 1042.
272 1391 313 1397 -
348 1373 431 1405 Gen.
461 1370 604 1420 Θησέως
628 1371 725 1418 κόροι
749 1373 812 1405 ΡΙ).
833 1370 914 1405 562.
950 1372 989 1406 τὸ
1014 1370 1156 1418 Θησέως
1193 1373 1294 1405 habet
1311 1374 1377 1405 EM
1393 1383 1426 1415 p.
1448 1370 1530 1414 450,
1552 1372 1583 1406 1.
1620 1373 1743 1405 Mirum
1760 1377 1874 1405 autem
1890 1372 2121 1405 Aristarchum
2138 1372 2210 1403 sive

138 1417 248 1465 ὄνομα
273 1419 328 1452 OC
355 1417 457 1452 1003.
492 1419 593 1467 χέρες
623 1417 650 1455 Θ
679 1419 766 1458 σέως
793 1417 895 1453 1103.
938 1418 982 1454 τὰ
1015 1417 1156 1466 Θησέως
1192 1431 1211 1452 a
1228 1418 1303 1454 θεῖν
1321 1425 1356 1452 et
1374 1418 1446 1467 ῥεῖν
1469 1423 1682 1462 repetentem
1700 1418 1771 1458 θείς
1789 1424 1822 1452 et
1841 1417 1909 1466 ῥείς
1933 1419 2033 1452 scribi
2049 1420 2206 1460 voluisse,

138 1463 289 1512 Περίθου
313 1477 351 1500 τε
368 1464 571 1513 ξυνθήματα
590 1465 656 1500 159
686 1492 692 1499 .
720 1466 761 1501 τὸ
778 1464 920 1512 Θησέως
941 1466 1033 1514 κάρα
1051 1464 1151 1500 1657.
1193 1469 1264 1499 sive
1282 1468 1370 1509 quod
1386 1469 1423 1499 in
1440 1469 1535 1500 libris
1552 1469 1599 1500 sic
1617 1469 1741 1509 scripta
1758 1471 1944 1509 repererat:
1967 1477 1998 1498 v.
2020 1466 2080 1498 EG
2098 1475 2131 1507 p.
2149 1463 2205 1508 30,

139 1514 292 1553 Quiescit
315 1524 377 1556 per
399 1515 627 1556 synaloephen
652 1527 668 1549 ε
694 1515 750 1548 OC
770 1512 872 1548 1003.
895 1512 1002 1556 1103,
1024 1516 1060 1547 in
1077 1516 1157 1547 reli-
1192 1512 1250 1547 48.
1274 1532 1314 1538 -—
1335 1516 1387 1547 De
1405 1516 1510 1546 litore.
1539 1513 1663 1552 πολιᾶς
1689 1513 1815 1548 πόντου
1841 1512 1935 1551 θινὸς
1953 1511 2127 1560 ἐφήμενος
2144 1514 2207 1545 Ph.

138 1562 215 1603 quis
232 1562 313 1594 locis
330 1563 432 1603 plene
448 1563 700 1604 pronunciatur.
713 1580 763 1586 -
774 1563 855 1595 Dat.
875 1572 943 1594 non
960 1563 1096 1602 legitur.
1112 1580 1154 1586 —
1195 1559 1286 1594 1124
1294 1572 1339 1594 m.
1361 1563 1415 1594 De
1432 1562 1540 1602 fundo
1557 1564 1659 1594 maris
1676 1562 1928 1602 submarinoque
1945 1562 2023 1593 limo
2040 1564 2071 1592 et
2088 1562 2205 1602 arenis,

139 1609 259 1641 Accua.
287 1620 311 1642 α
333 1609 485 1649 legitime
501 1610 701 1651 productum
723 1610 843 1642 habet:
873 1614 947 1647 πῶς
974 1607 1015 1642 ἂν
1040 1607 1157 1656 Θησέα
1193 1619 1258 1651 quo
1276 1613 1431 1650 spectant
1447 1610 1608 1649 Hesychii
1633 1610 1734 1641 verba
1758 1607 1797 1642 τὸ
1823 1607 1918 1642 κάτω
1943 1605 2052 1653 βάθος
2067 1610 2132 1654 τῆς
2147 1605 2212 1641 θα-

139 1654 240 1701 πόροι
267 1655 322 1688 OO
342 1654 445 1689 1458.
473 1658 513 1688 In
538 1658 659 1689 ultima
675 1657 754 1690 sede
777 1659 922 1689 trimetri
946 1658 1072 1697 legitur
1092 1659 1157 1703 γῆς
1193 1654 1335 1702 λάσσης,
1364 1658 1446 1689 Ant.
1464 1653 1530 1689 591
1550 1656 1601 1688 ch.
1618 1668 1624 1688 ε
1656 1654 1773 1702 ἔρεβος
1791 1653 1934 1702 ὕφαλον,
1955 1653 2107 1689 κυλίνδει
2126 1653 2208 1700 βυσ-

138 1700 271 1737 ἄνακτα
302 1700 420 1749 Θησέα
451 1703 507 1736 Oc
528 1700 629 1736 1630.
652 1722 693 1727 —
726 1704 910 1745 Corripitur
941 1705 1088 1745 denique
1120 1705 1157 1735 in
1194 1701 1294 1738 σόθεν
1311 1701 1471 1737 κελαινὰν
1490 1701 1583 1738 θῖνα.
1612 1705 1653 1736 V.
1677 1702 1837 1750 ἔρεβος.
1868 1704 1920 1735 De
1938 1707 2016 1735 tono
2029 1706 2118 1734 certa
2134 1712 2207 1734 res:

139 1751 287 1782 cantico:
315 1747 432 1796 Θησέα
452 1749 514 1784 καὶ
528 1749 590 1789 τὰς
617 1749 794 1789 διστόλους
812 1751 867 1784 OC
889 1748 990 1793 1055,
1020 1752 1076 1783 cui
1101 1761 1156 1783 re-
1194 1762 1225 1782 v.
1255 1752 1358 1783 schol.
1380 1752 1468 1783 Ven.
1498 1752 1537 1783 11.
1559 1749 1581 1784 λ
1606 1747 1687 1783 239.
1725 1752 1776 1783 De
1800 1760 1923 1791 genere
1946 1751 2105 1782 universe
2129 1750 2207 1781 Arc.

142 1797 284 1839 spondet
308 1809 340 1830 v.
365 1795 454 1830 1069
486 1795 652 1843 ἄμβασις,
681 1797 717 1833 αἱ
743 1797 804 1832 τὰν
835 1793 981 1833 Ἱππίαν.
1004 1817 1059 1831 -.
1088 1796 1158 1843 [De
1192 1808 1226 1839 p.
1250 1795 1329 1839 125,
1352 1795 1382 1830 1.
1404 1796 1501 1843 [Lob.
1519 1799 1626 1831 Paral.
1642 1796 1718 1842 83.]
1932 1797 1963 1841 (Ι
1979 1806 2013 1838 p.
2030 1794 2111 1838 805,
2135 1794 2213 1840 11.)

140 1845 335 1884 cognomine
350 1846 465 1878 fabula
482 1845 582 1887 Soph.
603 1857 635 1878 ν.
655 1847 760 1887 Dind.
781 1846 822 1878 ad
839 1848 881 1878 fr.
900 1843 971 1878 233
988 1857 1009 1878 a
1025 1850 1060 1878 et
1077 1843 1127 1890 b.]
1264 1854 1458 1902 [²⁸8Mssm
1479 1866 1604 1898 premo·
1634 1854 1845 1903 θλιβομένης
1869 1859 1932 1902 τῆς
1957 1867 2003 1889 ,κα
2026 1853 2100 1889 διας
2124 1864 2210 1897 quae

212 1900 239 1938 Θ
280 1901 375 1937 τεία
399 1903 620 1945 famulitium,
641 1907 789 1937 servitus.
819 1902 951 1950 ποιμήν
974 1903 1039 1950 γὰρ
1068 1901 1158 1938 'aaa
1193 1905 1272 1936 olim
1297 1905 1493 1936 ferebantur
1517 1905 1618 1946 Soph.
1639 1904 1763 1945 Amph.
1784 1905 1798 1935 I
1820 1902 1835 1935 1
1863 1904 1961 1935 Brck.
1981 1901 1997 1946 (
2024 1900 2066 1935 15
2085 1900 2210 1945 Dind.)

139 1948 225 1984 κάπὶ
303 1948 378 1996 τείᾳ
400 1948 552 1997 πλάνης;
591 1952 650 1984 OR
664 1948 766 1984 1029.
797 1970 839 1977 -—
864 1948 1044 1997 θητεία;
1095 1962 1157 1985 ου-
1193 1952 1390 1984 scholiastae
1406 1952 1578 1993 Aristoph.
1608 1952 1691 1983 Ran.
1712 1948 1795 1992 484,
1822 1961 1887 1982 non
1915 1951 2016 1992 Soph.
2045 1959 2119 1982 esse
2137 1958 2208 1981 mo-

138 1995 215 2031 λεία
264 1998 320 2030 Gr.
340 1999 446 2030 Bekk.
475 2009 509 2040 p.
537 1995 626 2040 264,
649 1996 704 2032 19.
740 1998 925 2045 παραμονὴ
959 1996 983 2044 ἢ
1018 1997 1158 2032 δουλεία
1193 2000 1271 2031 nuit
1288 1999 1327 2031 G.
1350 1997 1474 2043 Dind.]

139 2045 235 2077 Phot.
264 2055 299 2087 p.
320 2041 376 2086 91,
397 2042 445 2077 24
468 2050 504 2078 et
529 2045 623 2080 Suid.
653 2043 859 2091 μισθώσεις,
897 2043 1157 2092 μισθοδουλεῖαι
1263 2054 1315 2092 9,,
1333 2055 1341 2068 ¹
1358 2068 1445 2090 ⁶240,
1471 2053 1583 2100 [Cum
1611 2057 1667 2089 Et,
1696 2067 1729 2098 p·
1751 2053 1819 2089 479
1837 2057 1890 2088 ed·
1909 2053 1961 2101 2],
1996 2057 2024 2089 1,
2053 2057 2203 2088 Formae,

139 2091 283 2148 Hfsych·
300 2104 307 2124 ³
337 2089 503 2148 μίσθωσις
527 2093 607 2125 hnic
623 2097 685 2135 θεῖ)
707 2104 774 2135 (1¹¹³
790 2095 867 2136 (ΙΙῙῘ8
884 2095 982 2126 &lteri
998 2103 1072 2126 sese
1089 2094 1155 2125 mi·
1195 2104 1306 2137 Prae-3.
1325 2068 1416 2149 τθνή
1430 2114 1526 2137 σκει
1544 2103 1599 2136 OC
1618 2101 1697 2136 611.
1728 2101 1768 2138 θν
1799 2113 1917 2137 σκουσι
1933 2104 1991 2136 OR
2010 2100 2088 2136 118.
2117 2099 2207 2148 θνή-

140 2139 280 2172 materio
296 2143 476 2181 manclpat.
506 2139 558 2172 Of.
579 2141 692 2173 Monk.
712 2141 755 2173 ad
770 2142 897 2174 Alcest.
919 2138 953 2173 6.
1193 2163 1250 2198 02¹
1285 2153 1367 2184 Ant·
1388 2148 1454 2183 761
1486 2148 1657 2196 [gmina
1674 2149 1750 2195 LA]
1802 2150 1940 2196 νήσκειν
1965 2150 2023 2183 OR
2040 2146 2120 2182 623·
2149 2150 2203 2182 El.

210 2194 412 2245 Θιγγάνω
438 2195 549 2242 [Curt.
571 2199 627 2231 Et.
649 2209 684 2232 n.
707 2196 791 2243 145]
813 2202 926 2240 tanyo.
962 2200 1157 2232 Formarum
1193 2163 1272 2233 546.
1296 2196 1398 2231 1486.
1426 2200 1466 2230 fr.
1487 2199 1554 2230 inc.
1575 2195 1655 2238 729,
1680 2196 1710 2230 1.
1749 2195 1911 2243 θνήσκων
1937 2197 1995 2230 OR
2014 2193 2117 2229 1457.
2146 2196 2202 2228 Tr.

139 2245 235 2277 nulla
258 2249 393 2288 praeter
413 2255 566 2287 praesens
591 2250 626 2278 et
650 2247 711 2279 hoc
726 2247 800 2288 bis,
820 2247 881 2279 Ph.
896 2243 976 2279 667.
998 2246 1053 2278 OC
1071 2243 1152 2287 329,
1193 2244 1272 2279 707.
1309 2244 1510 2291 θνήσκουσα
1543 2246 1624 2278 Ant.
1655 2243 1734 2277 547.
1772 2243 1984 2291 θνήσκοντος
2015 2245 2068 2276 ΕΙ.
2101 2240 2201 2276 1022.

140 2295 242 2334 atque
259 2294 417 2325 noo-istum
433 2294 576 2334 legitur:
605 2303 667 2326 nec
684 2294 743 2326 diu
757 2297 820 2335 est,
840 2303 884 2326 ex
901 2303 967 2336 quo
984 2295 1083 2334 vulgo
1096 2295 1155 2326 de-
1193 2292 1378 2340 θνήσκοντι
1409 2293 1471 2324 ΡΙ).
1502 2289 1603 2324 1085.
1640 2290 1853 2337 θνήσκοντας
1886 2293 1939 2324 ΕΙ.
1960 2288 2017 2323 63.
2038 2288 2132 2323 *113
2148 2300 2204 2323 an.

139 2339 331 2372 didicerunt
354 2337 462 2387 θίγων
488 2343 523 2372 et
548 2338 654 2387 θίγειν
678 2342 912 2382 praesentium
934 2342 1042 2373 instar
1066 2342 1157 2381 gravi
1193 2339 1288 2386 [secl.
1309 2341 1414 2373 Dind.
1436 2349 1464 2371 c.
1486 2337 1595 2384 Pors.]
1617 2358 1658 2364 —
1677 2339 1819 2380 Imperf.
1841 2337 2030 2384 ἔθνησκε
2049 2339 2104 2370 Tr.
2121 2334 2202 2370 707.

140 2389 281 2419 accentu
294 2390 421 2419 notare.
450 2387 535 2420 Nam
551 2397 636 2429 opus
653 2388 762 2420 adhuc
774 2398 794 2420 a
811 2387 986 2420 Schaefero
1003 2389 1070 2420 fuit
1086 2397 1158 2420 mo·
1195 2406 1236 2412 —
1258 2388 1350 2428 Pers.
1369 2384 1571 2432 τέθνηκα
1587 2388 1647 2418 ΡΙ).
1673 2383 1772 2419 1030.
1802 2387 1854 2418 El.
1878 2382 1980 2418 1152.
2007 2382 2157 2431 τέθνηκε
2173 2387 2208 2416 et

140 2435 215 2466 neri
238 2434 279 2466 ad
301 2434 409 2466 Orest.
434 2434 573 2467 Porsoni
598 2445 629 2467 V.
650 2432 683 2477 5,
705 2438 741 2467 et
763 2435 805 2467 ad
831 2435 934 2476 Soph.
964 2435 1025 2467 ΡΙ).
1047 2431 1079 2467 9.
1101 2434 1157 2467 OC
1191 2432 1359 2481 τέθνηκεν
1391 2435 1453 2466 ΡΙ).
1482 2431 1562 2466 333.
1592 2431 1671 2466 334.
1692 2430 1774 2466 497.
1811 2434 1869 2465 OB
1886 2430 1966 2466 943.
1998 2429 2100 2465 1235.
2120 2433 2203 2464 Ant.

140 2477 222 2514 470.
257 2481 416 2514 Elmsleio
438 2482 478 2514 ad
503 2482 559 2515 OC
585 2483 610 2513 1.
631 2492 659 2514 c.
689 2483 748 2524 qui
771 2483 858 2515 locos
882 2483 984 2514 simul
1009 2483 1153 2522 collegit,
1193 2480 1273 2515 560.
1305 2478 1406 2513 1282.
1436 2481 1491 2513 Tr.
1513 2479 1594 2513 877.
1626 2478 1726 2513 1130.
1763 2482 1818 2512 Ai.
1846 2476 1942 2513 *966
1983 2481 2061 2512 secl.
2083 2476 2208 2524 Dind.]

141 2529 267 2569 quibus
282 2528 409 2561 Aldina
424 2530 528 2561 editio
544 2530 599 2561 vel
614 2533 706 2561 recte
730 2530 785 2561 vel
802 2539 899 2561 secus
916 2530 1079 2571 seriptum
1097 2539 1158 2560 ex·
1194 2526 1273 2562 970.
1311 2530 1364 2560 ΕΙ.
1391 2525 1448 2560 48.
1477 2525 1557 2560 290.
1588 2524 1668 2560 526.
1696 2524 1775 2560 673.
1804 2524 1884 2559 924.
1914 2524 1957 2559 14
2008 2551 2015 2558 .
2049 2523 2208 2560 τεθνᾶσιν

142 2575 247 2608 hibet.
277 2575 381 2608 Codd.
401 2577 535 2617 scriptis
554 2577 591 2608 in
607 2576 669 2609 hac
685 2585 722 2609 re
740 2577 828 2608 nihil
844 2577 941 2608 fidei:
969 2578 1012 2609 cf.
1034 2576 1153 2608 Matth.
1193 2577 1248 2609 Ai.
1267 2572 1323 2608 99.
1344 2576 1405 2607 Ph.
1427 2571 1507 2607 429.
1529 2576 1612 2607 Ant.
1635 2572 1736 2607 1173.
1765 2576 1880 2607 Altera
1896 2575 2000 2606 forma
2016 2577 2122 2606 metro
2138 2582 2206 2605 non

141 2622 183 2654 ad
195 2622 277 2656 Eur.
291 2622 417 2655 Phoen.
434 2620 516 2656 300.
534 2642 575 2648 —
594 2623 608 2666 ΙΙ
626 2624 763 2665 Propria
775 2624 975 2663 significatio
988 2626 1041 2655 est
1052 2633 1158 2655 manu
1194 2624 1351 2656 convenit
1366 2623 1433 2654 nisi
1449 2623 1485 2654 in
1504 2623 1644 2661 melicis,
1673 2623 1710 2653 in
1728 2623 1851 2663 quibus
1867 2622 2010 2663 perfecti
2027 2630 2100 2653 raro
2117 2630 2206 2653 com-

142 2669 302 2710 tanqenda·
325 2673 356 2702 et
379 2670 624 2703 contrectandi.-
650 2681 716 2712 quo
740 2672 795 2703 vel
819 2671 969 2703 absolute
987 2671 1061 2702 sine
1079 2680 1156 2702 casu
1195 2671 1312 2702 modus
1335 2679 1418 2701 usus
1444 2673 1506 2701 est.
1537 2687 1578 2693 —
1604 2666 1809 2714 τεθνηκέναι
1840 2669 1896 2700 Ai.
1916 2664 1996 2700 479.
2028 2678 2064 2701 τε
2135 2666 2207 2704 κώς

141 2717 299 2758 ponitur,
328 2718 382 2749 vel
404 2727 480 2750 cum
505 2727 584 2750 casu
608 2718 755 2750 secundo
779 2715 947 2763 παρέσται
969 2715 1078 2751 ταῦτά
1106 2727 1159 2750 σοι
1194 2718 1255 2749 ΡΙ).
1275 2714 1356 2749 435.
1375 2714 1585 2762 τεθνηκότος
1602 2716 1660 2748 ΟΒ.
1674 2712 1753 2747 313.
1774 2717 1828 2748 Ai.
1849 2712 1930 2748 392.
1950 2715 2005 2746 ΕΙ.
2022 2712 2102 2747 554.
2147 2711 2204 2747 32.

141 2761 202 2796 καὶ
217 2759 387 2810 θιγγάνειν
404 2764 466 2796 ΡΙ).
483 2761 563 2805 667,
584 2766 644 2796 ubi
658 2766 767 2798 ταῦτα
783 2765 1021 2797 nominativus.
1044 2762 1159 2809 βούλει
1198 2761 1299 2796 1214.
1317 2760 1501 2809 τεθνηκότι
1517 2764 1570 2795 ΕΙ.
1592 2760 1672 2795 355.
1694 2763 1801 2794 Laris.
1823 2764 1865 2795 fr.
1885 2759 1942 2803 66,
1961 2759 1993 2793 4.
2015 2758 2207 2807 τεθνηκότα

143 2807 307 2855 λάβωμαι
334 2808 422 2856 δῆτα
443 2809 503 2844 καὶ
520 2808 606 2857 θίγω
630 2822 664 2844 τι
681 2813 760 2853 σοῦ;
789 2808 857 2843 761
875 2823 907 2845 τι
923 2812 1155 2852 adverbiascit‚
1195 2812 1249 2843 Tr.
1266 2807 1346 2843 806.
1367 2810 1422 2842 El.
1438 2807 1540 2842 1341.
1559 2807 1779 2856 τεθνηκότων
1795 2810 1856 2841 Ph.
1872 2806 1975 2841 1313.
1995 2806 2208 2854 τεθνηκότας

142 2858 256 2898 aliqua
274 2861 381 2898 parte.
418 2855 528 2897 δεξιᾶς
562 2857 651 2905 ἐμῆς
673 2854 780 2904 θιγών
806 2855 897 2891 1398
918 2862 958 2890 ut
981 2860 1047 2903 τῆς
1069 2855 1159 2903 ἐμῆς
1194 2859 1249 2890 Ai.
1273 2854 1375 2889 1154.
1399 2874 1440 2880 -
1467 2858 1543 2888 Fut.
1565 2854 1789 2902 θανοῦμαι
1812 2856 1867 2889 Oc
1887 2853 1989 2888 1441.
2020 2857 2103 2888 Ant.
2123 2851 2204 2887 462.

167 2902 257 2949 ειρὸς
279 2900 386 2950 θιγών
409 2905 468 2938 OR
484 2902 553 2938 760
578 2907 619 2938 de
636 2906 790 2947 supplice
806 2905 935 2937 dictum
959 2908 1155 2946 utrumque.
1195 2902 1349 2939 θανεῖται
1365 2904 1421 2936 Ai.
1442 2901 1511 2936 230
1528 2904 1579 2936 ch.
1608 2905 1690 2935 Ant.
1712 2900 1792 2936 751.
1822 2900 2034 2948 θανούμενος
2052 2903 2106 2934 Tr.
2126 2898 2205 2934 160.

141 2914 301 2990 {emesae
326 2949 448 3009 ἀνδρὸς
473 2949 595 2986 ἀθλίου
621 2949 657 2986 θι
680 2954 730 2985 εῖν
761 2951 820 2984 OR
839 2948 940 2984 1413.
976 2949 1075 2999 χερσί
1095 2948 1158 2985 τᾶν
1195 2949 1394 2996 θανουμένη
1420 2952 1503 2983 Ant.
1523 2947 1604 2982 460.
1649 2947 1859 2995 θανούμενον
1893 2951 1999 2982 Laris.
2028 2950 2071 2981 fr.
2092 2945 2150 2989 66,
2169 2945 2204 2980 2.

145 2995 251 3043 θιγὼν
271 2996 397 3043 δοκοῖμ
432 2997 523 3045 ἔχειν
547 3009 634 3046 σφας
675 2996 756 3031 468.
785 2996 821 3033 θι
843 2997 937 3045 γάνω
956 2997 1052 3033 δυοῖν
1071 2996 1159 3044 ὁμοῦ
1195 2996 1303 3032 θανου
1333 2996 1412 3042 ένην
1438 2998 1492 3030 ΕΙ.
1513 2994 1594 3030 782.
1633 3014 1674 3021 -
1710 2998 1788 3030 Aor.
1818 2994 1938 3033 ἔθανες
1969 2996 2023 3029 OC
2052 2993 2143 3028 1714
2159 3005 2204 3028 m.

143 3044 199 3077 OC
217 3042 285 3077 329
307 3045 349 3077 de
375 3046 546 3087 amplexu.
581 3050 656 3083 πῶς
688 3043 798 3092 θιγεῖν
822 3009 1006 3092 θελήσαιμ’
1036 3043 1159 3092 ἀνδρός
1196 3047 1277 3078 Ant.
1321 3042 1391 3078 268
1408 3055 1453 3078 m.
1476 3042 1578 3079 ἔθανε
1595 3044 1650 3076 OG
1671 3040 1761 3076 1706
1777 3054 1877 3075 m.-—
1897 3041 2016 3077 θάνω
2034 3042 2092 3074 OR
2103 3039 2204 3075 1454.

145 3088 248 3124 1133.
277 3091 405 3138 πατρὸς
423 3090 581 3139 φιλότητι
596 3090 702 3139 θιγών
719 3093 774 3125 Ai.
798 3089 888 3125 1410
899 3102 954 3124 an.
973 3093 1158 3133 Eurysaces
1194 3092 1250 3125 OC
1268 3088 1348 3124 582.
1378 3089 1480 3134 1040.
1511 3092 1565 3123 Tr.
1585 3088 1666 3123 802.
1702 3091 1757 3123 Ai.
1779 3087 1859 3123 468.
1887 3088 1953 3124 θάν
1981 3101 1997 3126 ς
2022 3091 2103 3122 Ant.
2125 3086 2206 3121 546.

145 3139 237 3170 enim
262 3140 366 3180 patris
391 3148 510 3181 corpus
535 3149 638 3172 manu
671 3143 741 3171 erat
764 3142 967 3172 tractaturus
990 3150 1023 3172 v.
1053 3136 1154 3172 1181.
1194 3140 1249 3172 Ai.
1269 3136 1339 3171 496
1367 3136 1420 3183 [in
1444 3139 1506 3171 LA
1529 3139 1656 3170 factum
1681 3147 1725 3169 ex
1748 3134 1891 3181 θάνεις].
1927 3134 1947 3169 5
1973 3133 2007 3168 3.
2027 3137 2080 3168 ΕΙ.
2104 3132 2206 3168 1496.

145 3185 197 3216 Ita
220 3188 352 3225 tanyere
375 3190 415 3218 ut
437 3187 689 3227 adsigniflcetur
715 3190 845 3226 partem
869 3188 1011 3218 alieuius
1035 3188 1082 3218 rei
1106 3186 1159 3218 vel
1197 3182 1298 3218 1504.
1327 3183 1418 3231 θοίνῃ
1444 3186 1526 3217 Ant.
1556 3181 1635 3217 522.
1665 3181 1737 3229 [Tr.
1759 3181 1780 3216 3
1806 3185 1865 3216 ubi
1887 3194 1920 3216 v.
1939 3185 1962 3215 l.
1991 3180 2124 3227 θάνοι]
2148 3184 2204 3215 Ai.

145 3230 230 3270 facti
244 3241 360 3272 capere
377 3234 485 3265 valet:
515 3227 595 3279 μηδ’
612 3231 634 3266 ἃ
652 3232 701 3279 μή
729 3230 823 3278 θιγες
840 3230 950 3279 [θίγες
967 3230 1040 3277 LA]
1058 3234 1157 3266 ποιοῦ
1195 3229 1263 3264 110
1289 3230 1402 3311 {Bam}
1424 3233 1510 3265 coni.
1531 3229 1668 3275 Dind.].
1694 3231 1747 3263 El.
1775 3228 1855 3263 437.
1890 3228 2022 3274 θάνωσι
2042 3230 2104 3262 ΡΙ).
2124 3226 2205 3261 418.

144 3281 290 3324 σεαυτῆς
306 3279 388 3311 Ant.
408 3276 488 3312 546.
524 3281 590 3312 Hic
605 3280 744 3321 quidem
769 3290 845 3312 cum
871 3290 950 3312 casu
967 3283 1084 3321 quarto
1102 3277 1158 3313 θι-
1193 3276 1288 3311 *144
1335 3277 1430 3324 [secl.
1452 3279 1558 3311 Dind.
1574 3296 1628 3309 —.
1658 3289 1690 3310 V.
1710 3278 1733 3309 l.
1755 3275 1942 3321 θανοῦσιν].
1958 3293 1998 3300 -
2025 3274 2210 3320 θάνοιμι

143 3326 216 3369 γεῖν
234 3325 360 3357 dictum
378 3327 549 3358 videatur:
578 3328 637 3359 sed
654 3328 780 3359 factum
797 3337 864 3359 non
882 3331 984 3368 esset,
1005 3327 1073 3358 nisi
1090 3323 1158 3359 ἀπὸ
1195 3327 1251 3359 Tr.
1272 3322 1341 3359 957
1358 3327 1410 3359 ch.
1432 3327 1488 3358 Ai.
1510 3321 1576 3357 391
1596 3334 1641 3356 m.
1673 3323 1728 3356 Oc
1754 3321 1855 3356 1306.
1884 3325 1924 3355 sr.
1945 3325 2010 3355 inc.
2032 3320 2113 3356 789.
2140 3320 2208 3355 θά-

144 3373 262 3404 κοινοῦ
286 3373 326 3403 ad
349 3375 495 3420 σεαυτῆς
520 3375 621 3407 ποιοῦ
646 3374 828 3406 referretur
844 3371 878 3407 ἄ.
908 3374 1017 3413 Quare
1034 3382 1157 3415 perpe-
1193 3378 1264 3407 νοις
1295 3373 1355 3405 Ph.
1376 3369 1458 3406 962.
1494 3372 1549 3403 ΕΙ.
1571 3368 1652 3404 583.
1680 3369 1779 3405 θάνοι
1809 3371 1863 3403 Tr.
1886 3367 1918 3402 3.
1947 3368 2066 3414 [Dind.
2088 3379 2132 3402 ex
2150 3369 2209 3400 LA
