2288 3600
207 105 307 153 750

202 217 270 252 932
288 229 342 251 an.
371 218 395 264 ὴ
415 217 453 252 δὲ
470 221 528 252 νῦν
547 218 632 257 ἴσως
651 219 791 254 πολλῶν
818 220 959 268 ὑπάρξει
983 225 1088 270 κῦρος
1105 221 1221 270 ήμέρα

200 265 318 300 καλῶν
337 267 390 298 El.
412 262 493 298 919.
534 267 599 299 Sed
616 268 786 308 significat
802 271 904 301 etiam
921 280 988 301 esse
1006 272 1216 313 simpliciter.

201 312 323 360 πολλῷ
346 312 386 347 τὸ
404 316 546 360 φρονεῖνΔ
559 312 778 359 εὐδαιμονίας
804 321 940 363 πρῶτον
960 314 1108 364 ὑπάρχει
1133 319 1216 352 Ant.

203 359 294 394 1348
311 371 364 393 an.
403 362 458 395 Sic
482 362 571 394 dicto
596 364 816 405 participium
840 365 1094 405 adiungendum
1111 367 1219 398 videri

200 410 326 451 possit;
348 409 407 440 sed
421 417 488 440 non
502 410 627 441 certius
646 411 835 443 custoditur
851 412 922 453 hoc,
945 422 1046 453 quam
1063 413 1099 444 in
1117 415 1217 445 verbo

198 455 372 503 τυγχάνω.
402 453 551 502 ὑπάρχει
575 454 639 502 γάρ
667 467 703 490 σε
729 457 779 503 μὴ
805 456 932 504 γνῶναί
949 470 1023 493 τινα
1040 461 1092 492 ΕΙ.
1113 457 1214 493 1340.

199 508 246 535 est
263 506 328 544 ita,
357 507 395 535 ut
410 513 505 535 nemo
530 507 561 534 te
577 506 722 545 noverit,
752 507 774 537 i.
797 516 827 539 e.
847 508 938 538 novit
957 509 987 538 te
1002 517 1110 540 nemo.
1149 507 1218 540 Sed

202 552 243 583 ad
260 552 405 593 priorem
423 555 459 582 et
475 552 665 590 legitimam
691 553 975 592 significationem
993 556 1217 587 revocandum

199 601 321 645 σχῆμα
350 597 412 643 μὲν
440 596 504 644 γὰρ
527 593 699 636 Ἑλλάδος
731 598 856 646 στολῆς
885 598 1036 649 ὑπάρχει
1069 613 1218 649 προσφι-

199 643 367 690 λεστάτης
398 643 477 690 ἐμοί
509 646 570 678 Ρ11.
592 643 672 679 224.
705 652 838 687 praesto
863 648 973 690 adest,
1002 651 1024 681 i.
1056 660 1084 682 e.
1113 651 1217 682 oculis

200 694 284 726 meis
302 694 503 725 ostenditur.
523 711 565 717 —
580 694 784 736 Transitive,
807 700 848 727 ut
860 698 1021 736 oriqinem
1037 697 1129 738 dare,
1150 699 1217 729 1·πί-

199 742 283 773 tium
299 740 408 781 facere
426 741 594 780 significet
605 766 613 782 ‚
644 740 798 783 Sophocli
817 752 884 775 non
902 744 1035 785 legitur,
1067 754 1143 776 cum
1161 746 1213 777 El.

198 784 279 820 919.
317 789 484 820 commode
511 789 610 820 aliter
638 790 838 830 explicetur.
891 791 925 822 Is
957 792 1050 824 locus
1077 794 1217 824 fortasse

198 836 434 868 emendatione
452 845 551 876 egere
570 837 663 868 visus
681 838 922 879 Valckenario,
951 840 1084 871 erudite
1102 841 1217 880 agenti

197 883 239 915 de
257 883 314 915 illo
331 883 542 923 significandi
564 893 687 924 genere
705 885 744 916 ad
761 885 888 918 Phoen.
912 883 1013 918 1576.

265 934 567 980 ’Υπασπΐδιος
592 943 679 983 quod
701 953 870 976 armorum
895 949 951 978 est.
979 944 1037 979 τὸν
1067 943 1217 979 ὑπασπί-

198 987 267 1023 διον
284 987 414 1034 κόσμον
432 987 566 1036 φερέτω
583 991 638 1023 Ai.
661 988 752 1023 1408
768 1001 822 1023 an.
855 991 913 1026 τὸν
932 990 1091 1028 ἐνόπλιον
1109 994 1212 1026 501101.

197 1037 300 1069 Arma
319 1041 401 1068 sunt
423 1041 557 1078 praeter
574 1038 738 1079 clipeum,
769 1040 904 1081 proprie
922 1043 1036 1072 autem
1061 1042 1163 1073 lorica
1180 1045 1216 1073 et

198 1085 337 1117 fortasse
355 1094 482 1124 ocreae,
503 1086 631 1126 quippe
650 1085 757 1127 clipeo
774 1088 843 1127 tegi
861 1088 970 1119 solita.

271 1140 329 1188 [²¹³]
344 1139 352 1152 ‘
365 1136 455 1189 Υπᾴ
466 1153 485 1175 σ
495 1153 513 1175 σ
523 1156 552 1176 ω
569 1144 693 1176 elabor.
714 1140 846 1191 ὑπᾴξας
864 1144 920 1179 διὰ
932 1143 1049 1192 θυρῶν
1063 1148 1117 1180 Αἰ.
1131 1145 1211 1180 301.

199 1191 255 1223 Sic
272 1192 419 1223 Brunck.
441 1201 484 1223 ex
502 1192 659 1232 plurimis
675 1193 783 1224 libris.
821 1194 862 1225 In
882 1195 942 1226 LA
965 1193 1099 1235 ἀπᾶξας
1126 1199 1179 1227 est
1196 1206 1215 1227 a

199 1248 242 1270 m.
264 1249 314 1280 pr.
347 1238 451 1280 [unde
468 1243 558 1270 recte
576 1249 669 1271 nunc
686 1241 846 1272 scribitur
871 1235 1018 1286 ἀπᾲξας]
1035 1267 1042 1283 ,
1071 1240 1214 1281 ὑπαΐξας

194 1283 253 1365 gut
268 1286 455 1328 apographa
467 1285 592 1330 multa)
607 1297 626 1318 a
642 1297 687 1319 m.
705 1297 771 1320 rec.
791 1289 831 1320 In
850 1290 1007 1321 lemmate
1025 1291 1143 1322 scholii
1161 1294 1215 1322 est

218 1331 351 1372 πάιξας.
374 1330 514 1373 ἐπαΐξας
530 1334 717 1376 apographa
733 1337 851 1368 multa.

255 1384 270 1399 ⁴'
281 1388 397 1425 Υπατ
407 1403 424 1425 ο
434 1403 451 1429 ς
482 1393 633 1426 ultimus.
675 1392 819 1451 φανήτω
853 1393 971 1441 μόρων
1006 1394 1024 1430 ὁ
1058 1394 1213 1430 κάλλιστ’

195 1438 289 1484 ἐμῶν
308 1437 387 1485 ἐμοὶ
402 1437 544 1497 τερμίαν
561 1437 654 1486 ἄγων
669 1439 801 1487 αμέραν
821 1439 950 1480 ὕπατος
965 1444 1048 1476 Ant.
1065 1441 1209 1476 1331111.

254 1503 268 1518 “
279 1506 339 1544 Υπ
348 1523 370 1544 α
382 1522 401 1544 υ
410 1508 432 1543 λ
441 1522 458 1544 0
470 1522 485 1548 ς
503 1513 559 1552 qui
575 1513 666 1543 intra
682 1513 799 1544 aulam
812 1511 1031 1557 (tentorium)
1044 1519 1207 1548 versatur.

190 1555 323 1592 ἐκεῖνον
343 1555 467 1605 εἵργειν
487 1584 495 1591 .
512 1583 518 1590 .
537 1584 544 1590 .
566 1562 698 1605 σκηνῆς
717 1556 871 1594 ὕπαυλον
891 1561 947 1593 Ai.
968 1559 1049 1594 796.

260 1621 292 1674 [⁰
301 1624 328 1663 Υ
338 1640 362 1662 π
371 1641 424 1675 αφ
434 1640 451 1676 ρ
462 1640 480 1663 0
492 1640 508 1667 ς
533 1639 652 1670 spuma
670 1633 771 1663 tectus
781 1655 789 1671 ,
818 1631 964 1665 obrutus.
1000 1633 1152 1666 Erotian.
1173 1644 1207 1675 p.

191 1673 271 1709 374.
302 1673 458 1723 ὕπαφρον
475 1674 563 1720 (cod.
586 1674 778 1724 ὕποφρον);
806 1681 978 1725 κρυφαῖον
1003 1679 1050 1717 ὥς
1069 1691 1171 1739 φησιν
1192 1679 1210 1715 ὁ
1227 1684 1232 1736 ἱ

193 1721 245 1758 Ta
268 1725 414 1762 αντῖνος.
451 1734 561 1770 μαρτυ
586 1727 618 1758 εῖ
650 1723 714 1771 γὰρ
744 1723 762 1758 ὁ
790 1722 877 1771 Σοφ.
907 1724 942 1760 ἐν
964 1723 1130 1776 Ἠριγόνῃ
1149 1726 1207 1771 (fr.

193 1768 240 1804 22
266 1798 274 1804 .
318 1767 429 1818 λέγων
455 1768 529 1806 Νῦν
563 1734 592 1806 ξ’
625 1771 700 1818 εἰρὴ
736 1769 894 1820 ὑπαφρος
928 1772 962 1813 ἐξ
998 1774 1110 1809 αὐτῶν
1145 1773 1212 1814 ἕως

192 1816 272 1852 ἀπώ
296 1829 382 1852 εσεν.
401 1816 573 1866 μέμνηται
587 1817 605 1853 ὁ
620 1818 721 1858 αὐτὸς
734 1818 793 1854 καὶ
805 1815 1212 1869 ἐνἸφιγενεὶᾳ.(1“1.294.)

193 1867 305 1899 Verba
322 1866 423 1908 Soph.
452 1868 548 1899 valde
575 1871 658 1900 sunt
682 1872 846 1909 corrupta.
893 1869 944 1901 De
962 1879 1041 1902 vera
1059 1872 1212 1903 vocabuli

193 1914 298 1946 forma
315 1914 475 1946 disseruit
492 1915 598 1947 Dind.
619 1916 656 1947 in
674 1915 736 1947 Th.
759 1915 847 1949 LGr.
867 1913 902 1949 8.
930 1927 964 1959 p.
989 1914 1082 1960 1371]

259 1967 446 2007 (Υπεικα
457 1970 553 2007 θεῖν
570 1973 660 2015 cedo,
685 1983 796 2015 pareo.
826 1972 894 2021 ἐγὼ
921 1974 985 2020 μὲν
1003 1974 1063 2010 οὖν
1090 1975 1153 2011 οὐκ
1171 1975 1211 2011 ἂν

193 2046 202 2053 .
216 2046 223 2053 .
237 2045 244 2053 .
256 2018 391 2058 τούτοις
408 2018 632 2066 ὑπεικάθοιμι
649 2022 702 2053 El.
723 2018 805 2054 361.
834 2033 864 2054 V.
886 2019 1050 2058 εἰκαθεῖν.

258 2074 267 2088 ‘
279 2076 469 2114 Υπεικτέ
481 2091 526 2117 ος
552 2090 579 2113 5.
609 2077 845 2114 ὑπεικτέον
863 2083 990 2123 potius,
1006 2082 1206 2123 parendum.

191 2124 360 2175 ἄρχοντές
376 2125 473 2169 εἰσιν,
502 2121 587 2162 ὥσθ’
605 2125 784 2161 ὑπεικτέον
802 2129 858 2161 Ai.
879 2125 959 2161 668.

259 2180 452 2220 ’Υπείκω
485 2185 582 2229 cedo,
617 2188 757 2219 remitto.
811 2185 951 2232 βαρεῖαν
986 2186 1086 2235 φάτιν
1119 2186 1210 2236 κούχ

191 2230 396 2290 ὑπείκουσαν
413 2236 537 2271 κακοῖς
553 2234 614 2266 Ρ11.
638 2230 740 2266 1046.
774 2233 833 2268 καὶ
849 2233 916 2281 νῷν
934 2232 1054 2269 ὕπεικε
1070 2235 1128 2270 τὸν
1145 2248 1210 2270 κα-

191 2290 351 2374 {2133322
358 2278 499 2361 1.ζὲἳίὲῖ
504 2277 694 2361 33171ῗέ
712 2281 809 2362 .ξὲἔὲ
818 2282 1209 2376 ἐξῗνῖἲῗπέῗῖἑῖῖηῖἒῗ

191 2371 270 2407 716.
301 2375 341 2407 de
366 2376 533 2417 pertinaci
556 2377 763 2417 navigatore.
801 2373 920 2410 ὕπεικε
946 2375 1006 2411 καὶ
1035 2377 1207 2424 φρόνησον

190 2419 227 2455 εὖ
254 2422 307 2454 Ai.
330 2419 411 2455 371.
454 2420 497 2456 τὰ
529 2420 624 2457 δεινὰ
653 2421 713 2456 καὶ
743 2421 786 2457 τὰ
817 2425 1060 2470 καρτερώτατα
1090 2428 1207 2470 τιμαῖς

191 2465 323 2502 ὑπείκει
344 2466 427 2502 670.
469 2466 596 2515 (Ζεὺς)
621 2467 754 2504 ὑπείκει
781 2470 841 2505 καὶ
873 2469 987 2506 θέλων
1018 2469 1207 2518 έγκλίνεται

190 2516 334 2548 Pbaedr.
354 2517 396 2549 fr.
418 2513 498 2559 607,
520 2515 554 2550 5.
575 2528 621 2550 sc.
642 2518 771 2550 Amori.
790 2536 838 2542 —-
853 2519 991 2552 Praeter
1007 2520 1090 2552 haec
1101 2530 1207 2561 prae-

189 2564 289 2596 sentis
306 2564 462 2606 exempla
477 2574 587 2597 unum
603 2564 714 2606 futuri
731 2569 856 2599 exstat.
897 2565 945 2604 ὡς
970 2564 1036 2614 ούχ
1059 2564 1206 2606 ὑπείξων

190 2607 271 2644 οὐδὲ
294 2609 484 2645 πιστεύσων
509 2609 642 2658 λέγεις,
670 2612 728 2645 ΟΒ,
746 2609 826 2646 625.
864 2614 1008 2655 parendi
1033 2615 1124 2647 inest
1146 2615 1205 2647 ad-

191 2658 403 2699 significatio.
925 2659 976 2706 (11
992 2672 1027 2704 p.
1048 2659 1129 2702 872,
1151 2659 1207 2706 8.)

254 2709 443 2762 ”Υπειμι
474 2718 610 2751 mosum
639 2717 800 2764 (insum).
837 2717 955 2755 ὕπεστί
987 2732 1047 2765 μοι
1077 2717 1206 2766 θράσος

190 2764 245 2798 El.
266 2761 335 2797 479
352 2764 404 2798 ch.

256 2818 490 2857 ’Υπειπεῖν
514 2824 675 2858 indicare.
703 2819 783 2859 ὥστ’
807 2823 871 2860 οὐκ
899 2822 940 2860 ἂν
958 2824 1079 2874 άίδρις
1108 2824 1205 2860 ὑπεί-

190 2879 268 2908 ποις
284 2870 339 2903 Ai.
355 2867 424 2903 213
441 2881 495 2903 an.
519 2872 726 2914 Praepositio
742 2874 914 2906 abundare
931 2875 1004 2907 visa
1020 2875 1199 2917 Bruncki0‚

189 2917 251 2950 sed
266 2917 403 2950 dicendo
419 2927 590 2959 euyyerere
607 2920 788 2960 significat.

255 2970 562 3021 ‘Tetemtkpxttm
579 2979 665 3011 clam
682 2979 808 3020 ableyo.
846 2977 886 3014 οὗ
903 2979 942 3015 τὸ
959 2976 1114 3014 Φωκέων
1139 2978 1205 3014 πέ-

189 3019 247 3057 δον
264 3018 534 3070 ὑπεξεπέμφθην
559 3024 602 3071 σῇ
619 3024 801 3073 προμηθίᾳ
816 3029 935 3075 χεροῖν
951 3028 1004 3060 El.
1027 3025 1131 3062 1350.

255 3087 264 3102 ³
276 3090 559 3140 Υπεκτίθημι
575 3097 664 3128 clam
675 3106 820 3130 amoveo.
841 3095 918 3143 ἥτις
936 3096 977 3132 ἐκ
1015 3103 1102 3145 ερῶν
1120 3095 1203 3133 κλέ-

188 3136 266 3187 ψασ’
280 3134 445 3188 Ὀρέστην
469 3145 539 3175 τῶν
558 3140 652 3188 ἐμῶν
669 3141 838 3184 ὑπεξέθου
855 3145 910 3178 El.
929 3109 1014 3179 297⁷}

255 3194 263 3208 ‘
274 3195 335 3234 Υπ
344 3209 418 3234 εκτ
428 3210 445 3246 ρ
456 3198 554 3235 έπω.
582 3202 748 3239 Activum
761 3203 909 3236 dimoveo
919 3229 937 3247 ,‚
955 3208 1079 3246 averto,
1107 3206 1203 3247 quasi

187 3255 335 3287 pressum
350 3248 530 3288 significat.
558 3247 606 3282 ὧν
630 3247 715 3293 (τῶν
740 3248 894 3296 ὡραίων)
910 3250 1122 3299 ἀφαρπάζειν
1145 3263 1204 3299 φι-

187 3289 245 3327 λεῖ
270 3291 455 3341 ὀφθαλμὸς
483 3292 588 3333 ἄνθος
599 3320 608 3336 ‚
644 3301 714 3331 τῶν
741 3294 766 3331 δ’
797 3296 884 3342 (τῶν
912 3297 1204 3358 παρηβησάντων)

187 3337 394 3387 ὑπεκτρέπει
409 3340 501 3376 πόδα
519 3343 575 3375 Τι’.
588 3340 669 3376 549.
697 3346 820 3388 Apogr.
837 3354 945 3378 unum
962 3344 1200 3394 υπεκτρέχειν,

188 3388 349 3431 pleraque
367 3385 603 3434 ὑπεκτρέπειν.
618 3407 659 3414 —-
675 3391 826 3425 Medium
839 3396 892 3425 est
907 3403 940 3425 se
957 3397 1113 3435 avertere,
1130 3395 1154 3427 i.
1168 3403 1198 3428 e.

954 99 965 117 ‘
976 107 1260 162 Υπασπίδιος
1287 137 1349 146 -—
1372 102 1383 120 ²
1395 109 1521 177 Υπέρ

1955 122 2005 170 [11
2021 135 2055 168 p.
2066 122 2266 164 ενι-επ.

1257 225 1420 265 refuyere.
1450 225 1538 259 ὥστε
1564 223 1658 264 ξένον
1684 226 1712 274 γ’
1733 225 1774 261 ἂν
1793 226 1892 261 οὐδὲν
1911 226 2031 275 ὄνθ’...
2046 228 2265 278 ὑπεκτροιτιτιίί

1258 283 1327 317 μην
1346 271 1395 318 μὴ
1415 271 1456 307 οὐ
1474 273 1696 313 συνεκσώζειν
1715 275 1771 307 OG
1789 272 1859 307 566
1877 286 1909 307 v.
1930 277 2048 310 Herm.

1324 327 1332 339 ‘
1346 329 1373 366 Υ
1381 343 1407 365 π
1416 343 1432 365 ε
1442 343 1465 365 κ
1473 343 1493 365 τ
1503 342 1521 377 ρ
1531 329 1548 365 έ
1558 343 1583 379 χ
1593 345 1633 366 ω.
1663 333 1825 366 Excedere
1843 335 2076 376 adsignificata
2093 337 2266 379 effuyienQ

1256 380 1393 411 notione
1410 384 1464 412 est
1479 378 1575 414 τοῦθ’
1593 377 1859 427 ὑπεκδραμόντα
1874 384 1936 416 τοῦ
1952 381 2082 430 χρόνου
2098 382 2199 422 τέλος
2214 380 2262 422 'Pi

1260 423 1336 458 167.
1372 427 1423 458 Ea
1439 427 1621 469 effayz‘endz'
1638 429 1689 460 vis
1706 429 1775 460 sola
1791 430 1884 462 inest
1901 431 1982 462 Ant.
2005 427 2115 463 1086:
2146 435 2216 465 τῶν
2234 429 2266 467 a!

1255 471 1508 519 (τοξευμάτων)
1525 472 1660 512 θάλπος
1678 473 1744 522 οὐχ
1765 474 1991 524 ὑπεκδραμεῖ.

1322 527 1330 540 ‘
1343 529 1461 566 Υπεκ
1503 531 1615 580 εύγω
1632 535 1768 576 effraym.
1805 533 1845 569 ού
1864 534 1986 582 φθονῶ
2011 538 2039 570 σ’
2064 534 2266 584 ὑπεκφυγεῖπ

1256 580 1336 612 Ant.
1360 577 1440 613 553.
1470 579 1565 618 ὅπως
1593 579 1726 627 μίασμα
1751 579 1830 615 πᾶσ’
1855 581 2037 632 ὑπεκφύγῃ
2066 582 2166 623 πόλις
2191 582 2265 622 77&

1255 627 1418 669 Pleraque
1435 638 1547 669 apogr.
1569 626 1770 676 ὑκεκφύγοι,
1791 631 1849 663 sed
1862 641 1940 663 vera
1956 633 2058 665 lectio
2074 636 2127 665 est
2143 634 2180 665 in
2200 634 2266 669 LA».

1327 695 1708 745 [*]‘Y7tep.sspv3'6m
1731 705 1974 742 praeynantem
1997 703 2099 743 facio.
2138 703 2185 742 ὡς
2208 701 2267 789 a}

1261 757 1318 792 »ην
1338 743 1557 794 Πλευρωνίαν
1585 745 1840 794 ὑπημβρύωσεν
1857 750 1924 781 inc.
1947 750 1986 782 L.
2007 747 2030 781 4
2049 761 2103 793 ap.
2124 751 2216 783 Brun
2259 788 2261 790 ,

1255 756 1334 837 {Est
1352 794 1632 837 Pseudosophocl.
1654 797 1696 828 cf.
1718 806 1744 828 5.
1767 794 1934 842 βαθμός.]
2244 794 2263 837 ’ἴ

1320 847 1504 891 (Υπεξαι
1544 852 1599 887 έω
1627 855 1721 895 tollo,
1760 856 1992 896 adsignificato
2017 856 2108 897 facto
2134 859 2187 889 cla

1253 901 1350 932 stim.
1388 864 1597 947 τούπίκλημ’
1628 899 1801 941 ὑπεξελὼν
1832 901 1932 941 αὐτός
1962 904 2020 936 OR
2035 901 2116 937 227.
2146 905 2190 936 El
2239 939 2242 941 ,

1253 947 1401 987 explicat
1417 949 1542 980 crimen
1559 949 1742 991 confitendo
1759 949 1900 991 diluens,
1930 960 1998 983 non
2015 955 2118 993 recte,
2147 953 2242 997 rectis

1252 997 1366 1026 tamen
1380 995 1576 1028 Hermanno
1590 998 1638 1028 sic
1653 997 1875 1038 interpretato
1895 998 2144 1039 subterfuyiens
2171 1010 2210 1031 ac
2246 996 2259 1009 ⁷²

1251 1043 1411 1074 sationem
1428 1044 1480 1074 uui
1498 1045 1612 1084 ipsius,
1641 1045 1730 1085 quod
1746 1046 1783 1077 in
1801 1043 1911 1090 αἱρεῖν
1936 1055 2004 1079 non
2020 1048 2141 1087 magis,
2169 1057 2225 1088 qu
2239 1026 2270 1112 ²

1252 1090 1287 1120 in
1306 1091 1497 1130 compositis
1514 1091 1589 1123 eius
1608 1092 1702 1123 verbi
1719 1093 1821 1125 inest.
1859 1092 1895 1125 Si
1919 1094 1997 1134 quis
2021 1094 2119 1127 exsul
2134 1102 2249 1136 prop

1254 1137 1384 1169 facinus
1409 1147 1453 1169 ex
1478 1139 1615 1170 civitate
1639 1140 1730 1179 abit,
1759 1142 1884 1172 crimen
1909 1150 1978 1172 una
1995 1151 2072 1173 cum
2096 1151 2135 1173 eo
2162 1141 2204 1174 de

1253 1184 1356 1215 vitate
1385 1186 1533 1226 tollitur,
1561 1192 1595 1217 et
1624 1187 1762 1228 quidem
1792 1196 1859 1219 non
1884 1191 1955 1220 tam
1978 1189 2088 1229 palam
2113 1192 2199 1223 etm
2246 1186 2259 1199 ³

1253 1240 1404 1273 rumore,
1440 1242 1541 1273 quam
1573 1234 1675 1266 tacite
1701 1239 1736 1266 et
1758 1236 1896 1267 nemine
1929 1237 2113 1269 sentiente.
2161 1237 2188 1268 A
2205 1237 2212 1244 '
2233 1232 2258 1283 ’ζ’

1253 1279 1353 1310 etiam
1387 1281 1582 1321 explicandi
1614 1282 1779 1314 rationem
1811 1283 2016 1323 excogitavit
2051 1281 2248 1316 Hermam*

1252 1326 1293 1358 ad
1316 1326 1371 1358 El.
1392 1324 1482 1359 1410
1499 1325 1674 1371 (=1419)
1691 1330 1760 1370 ch.‚
1789 1331 1847 1361 ubi
1865 1331 1954 1371 quod
1978 1331 2116 1371 legitur.
2151 1331 2204 1364 illi
2227 1326 2252 1367 ,”“

1252 1377 1325 1405 tum
1357 1374 1522 1406 dissimile
1557 1380 1627 1407 est:
1679 1374 1896 1422 πολύρρυτον
1928 1375 1993 1424 γὰρ
2027 1374 2101 1423 αἷμ’
2134 1375 2266 1443 υπε-’Ῠγ

1252 1422 1346 1464 ροῦσι
1386 1425 1454 1454 τῶν
1494 1421 1688 1457 κτανόντων
1726 1422 1759 1457 οἱ
1799 1422 1907 1457 πάλαι
1943 1421 2119 1463 θανόντες.
2148 1425 2195 1457 H

1250 1466 1533 1514 »ὑπεξαιρεῖν
1558 1474 1605 1502 est
1630 1472 1762 1503 occulta
1786 1475 1816 1502 et
1838 1471 2009 1504 recondita
2028 1482 2178 1513 promere
2213 1475 2264 1501 35

1249 1512 1329 1548 227.
1352 1516 1433 1549 Eur.
1456 1517 1559 1558 Hipp.
1582 1515 1684 1551 633.”
1716 1519 1831 1559 Longe
1849 1519 1971 1551 melius
1990 1516 2187 1553 scholiastes
2219 1529 2229 1545 ›·
2251 1517 2254 1519 ’

1247 1561 1378 1609 χέουσι.
1420 1559 1590 1611 Ἐξαιρεῖν
1604 1570 1639 1597 et
1655 1563 1859 1612 ὑπεξαιρεῖν,
1884 1566 1945 1599 hoc
1957 1576 2029 1598 rem
2043 1567 2127 1600 clam
2144 1567 2177 1599 fa
2204 1582 2213 1592 ι
2228 1566 2237 1615 ’ἱ

1249 1611 1462 1652 significans,
1491 1616 1545 1644 est
1570 1617 1673 1645 morte
1698 1623 1725 1646 5.
1754 1615 1915 1646 occisione
1946 1613 1986 1645 de
2009 1614 2117 1647 medio
2139 1618 2168 1646 t

1248 1659 1288 1690 ab
1306 1659 1488 1690 eximenda
1506 1669 1532 1690 s.
1555 1661 1755 1693 eradicanda
1772 1661 1877 1702 stirpe
1895 1665 2082 1703 sumptum.
2214 1663 2215 1666 ’

1316 1712 1650 1764 ’Υπεξέρχομαι
1667 1719 1788 1753 devito.
1817 1719 1846 1753 ὦ
1862 1718 2019 1766 γλῶσσα.
2035 1747 2043 1754 .
2058 1725 2154 1760 ,πῶς
2182 1738 2189 1749 ι
2218 1746 2236 1766 ,ῃ

1247 1761 1365 1810 τλήσει
1383 1764 1510 1811 πρᾶγμ’
1529 1763 1728 1805 ὑπεξελθεῖν
1744 1765 1842 1808 ’πόδες
1871 1769 1940 1802 1110.
1959 1769 2002 1801 fr.
2023 1764 2104 1810 696,
2124 1766 2158 1801 2.
2188 1767 2225 1810 ν’,
2244 1805 2256 1814 ..

1249 1812 1292 1843 de
1325 1813 1510 1853 aperiendo
1553 1823 1672 1846 arcano
1705 1824 1814 1846 sermo
1855 1815 1901 1846 sit
1912 1841 1920 1856 ,
1963 1816 2060 1848 valde
2092 1815 2218 1853 blandi*
2240 1844 2264 1872 αἱ

1249 1859 1411 1891 Brunckii
1442 1861 1633 1893 emendatio
1667 1860 1718 1894 ἐπ
1726 1873 1742 1895 ε
1753 1860 1769 1901 Ε
1779 1872 1795 1894 ε
1805 1859 1827 1894 λ
1837 1859 1860 1896 θ
1868 1873 1884 1895 ε
1894 1864 1934 1895 ῖν
1947 1887 1954 1904 ,
1985 1864 2152 1905 perficere.
2199 1866 2221 1889 ³*
2235 1871 2242 1910 g.
2258 1873 2262 1894 ;

1249 1907 1352 1938 etiam
1369 1908 1466 1948 illud,
1488 1909 1517 1940 si
1533 1905 1652 1955 τλήσει
1670 1909 1789 1941 Latine
1807 1909 1992 1942 reddideris
2007 1911 2169 1952 tolerabis,
2187 1894 2264 2138 dli

1245 1956 1370 1994 poter-is
1387 1954 1516 1997 efficere
1532 1955 1646 1997 aliquo
1664 1957 1760 1989 modo
1777 1957 1939 1997 explicari
1955 1961 2080 1998 potest.

1315 2019 1323 2032 ‘
1336 2021 1422 2059 Υπὲ
1433 2036 1450 2071 ρ
1467 2022 1534 2070 (ὕ).
1564 2027 1592 2058 I.
1613 2026 1840 2059 Adverba'ascit
1857 2037 1935 2060 cum
1951 2025 2148 2061 casu'caret.

1248 2068 1321 2106 θῶν
1339 2083 1376 2118 γε
1393 2071 1496 2118 τήνδε
1513 2076 1577 2120 γῆν
1591 2084 1598 2090 ·
1627 2072 1644 2108 ὁ
1672 2068 1701 2107 δ’
1719 2072 1875 2113 ἀντιστὰς
1901 2072 1986 2122 ὕπερ
2002 2076 2084 2108 Ant.
2104 2071 2184 2109 518.
2199 2102 2219 2118 .„
2243 2083 2245 2086 ’

1247 2117 1354 2164 αὐτῆς
1374 2130 1400 2151 5.
1421 2123 1505 2166 γῆς,
1534 2131 1728 2163 quanquam
1754 2122 1807 2154 his
1834 2123 2075 2155 subaudiendis
2091 2133 2174 2166 opus
2249 2135 2261 2176 ,γ

1247 2170 1310 2224 est.
1357 2169 1485 2233 Verum
1508 2169 1634 2200 iniuria
1657 2170 1794 2210 quidam
1819 2171 1884 2202 huc
1916 2171 2068 2203 referunt
2109 2169 2221 2251 0121:
2252 2189 2254 2191 -

1247 2212 1565 2303 υπεῗῐῆρέᾟέιῗεῗω
1591 2265 1790 2304 praepositio
1823 2264 1864 2295 A.
1887 2213 2168 2305 Gumcgrfi-tgg&
2254 2301 2256 2305 ‚

1245 2318 1344 2349 super
1361 2319 1387 2341 s.
1409 2319 1513 2350 supra
1529 2311 1710 2350 significat,
1733 2311 1849 2343 altiore
1866 2312 1995 2353 aliquid
2012 2313 2117 2345 altero
2133 2321 2166 2343 v
2207 2317 2214 2346 ἱ
2240 2319 2253 2351 J

1244 2356 1313 2388 loco
1338 2357 1505 2389 indicans.
1551 2358 1622 2389 Hoc
1647 2362 1683 2389 et
1707 2358 1747 2390 ad
1772 2361 1899 2390 statum
1926 2359 2133 2400 quiescentis
2156 2361 2208 2403 et,
2234 2355 2255 2402 ’Ἴ

1244 2407 1374 2435 motum
1399 2404 1593 2436 incedentis
1620 2406 1905 2437 accommodatum
1930 2410 1993 2438 est.
2038 2402 2143 2445 Οἴτας
2165 2411 2182 2432 ¹
2202 2431 2203 2435 ,

1244 2446 1363 2497 ὄχθων
1378 2451 1438 2484 Ρ11.
1463 2448 1532 2483 729
1550 2452 1602 2484 ch.
1632 2447 1801 2496 Διρκαίων
1828 2450 1914 2499 ὑπὲρ
1934 2450 2014 2499 ῥεέθ
2037 2464 2084 2487 ων
2102 2450 2198 2499 μολ
2246 2454 2251 2473 ·’

1243 2498 1325 2532 Ant.
1350 2495 1415 2530 105
1433 2499 1486 2530 ch.
1516 2496 1596 2536 στὰς
1615 2493 1643 2531 δ’
1657 2497 1743 2545 ὑπὲρ
1762 2497 1946 2545 μελάθρων
1967 2497 2006 2532 11
2048 2501 2099 2533 ch.
2248 2520 2252 2527 ·

1244 2538 1274 2577 δ’
1297 2543 1436 2592 ὀφρύων
1461 2542 1545 2591 ὕπερ
1572 2543 1642 2578 528
1658 2556 1712 2578 an.
1749 2545 1865 2594 τράφη
1879 2571 1886 2579 .
1903 2573 1910 2580 .
1926 2545 2141 2593 ,ὀρθόποδος
2173 2529 2206 2573 ¹⁸³
2250 2568 2251 2571 =

1242 2590 1353 2639 πάγου
1372 2589 1441 2625 985
1453 2594 1519 2633 011.,
1549 2594 1637 2635 quod
1651 2594 1754 2625 huius
1771 2595 1834 2626 loci
1851 2598 1914 2635 est,
1936 2595 2008 2626 sive
2024 2593 2103 2641 ὄρος
2143 2599 2145 2602 ⁴
2160 2598 2180 2602 ‘⁴
2198 2621 2205 2641 ·.
2248 2634 2250 2636 ¹

1242 2649 1319 2671 cum
1335 2640 1512 2673 scholiaste
1524 2665 1532 2681 ,
1559 2642 1631 2673 sive
1648 2641 1788 2681 glaciem
1805 2642 1948 2673 firmiter
1972 2645 2186 2685 concretam,>
2245 2672 2253 2681 „

1242 2687 1435 2719 Hermanno
1453 2688 1635 2728 intelligas.
1664 2686 1702 2721 σὲ
1720 2685 1746 2720 δ’
1764 2685 1850 2735 ὑπὲρ
1869 2686 2012 2735 διλόφου
2031 2687 2155 2735 πέτρας
2176 2708 2179 2712 ·
2226 2704 2253 2735 ¹j

1241 2733 1309 2792 ροψ
1327 2731 1446 2767 ὄπωπε
1462 2732 1576 2781 λιγνύς
1596 2731 1686 2767 1126
1704 2736 1756 2767 011.
1786 2745 1832 2768 50.
1861 2732 2004 2792 Βάκχον
2195 2778 2229 2784 „

1251 2778 1396 2826 [καρίων
1422 2779 1507 2827 ὑπὲρ
1532 2780 1709 2828 πελάγεων
1737 2780 1853 2827 μολών
1872 2783 1927 2816 Ai.
1955 2780 2017 2816 102
2033 2784 2085 2816 ch.
2152 2784 2253 2854 *23

1241 2839 1300 2866 τος
1323 2821 1492 2875 Ἕκτορος
1520 2827 1660 2876 τάφρων
1689 2826 1773 2875 ὕπερ
1802 2827 1904 2864 1279.
1942 2830 1993 2873 [ut
2009 2828 2096 2886 ὑπὲρ
2120 2855 2122 2859 >
2147 2848 2151 2853 v
2249 2842 2253 2850 ‘

1241 2887 1266 2909 π
1295 2875 1423 2913 δῶν-τας
1449 2873 1588 2923 Φρύγας
1612 2878 1653 2909 fr.
1675 2876 1795 2909 Teucr.
1817 2874 1898 2918 509,
1915 2875 1971 2923 2.]
2004 2877 2051 2915 ὡς
2076 2887 2115 2911 αν
2150 2892 2175 2904 ...
2190 2877 2196 2883 ’
2223 2903 2253 2923 >3

1241 2887 1337 2969 θέ1ην
1368 2920 1455 2969 ὑπὲρ
1494 2921 1681 2969 ἀτρυγέτου
1713 2922 1865 2970 γλαυκᾶς
1903 2922 1956 2958 ἐπ’
1976 2919 2091 2970 οἶδμα
2129 2919 2178 2957 M*

1241 2971 1381 3004 Oenom.
1401 2971 1442 3002 fr.
1463 2967 1545 3011 423,
1566 2968 1599 3003 2.
1619 2971 1694 3013 [quo
1709 2972 1780 3004 loco
1797 2969 1884 3018 ὑπὲρ
1901 2969 2040 3017 αἰθέρος
2064 2968 2185 3018 άτρυγ
2211 3013 2215 3016 ‚

1240 3018 1458 3060 probabiliter
1475 3019 1560 3050 coni.
1582 3017 1700 3060 Kock.]
1724 3035 1766 3042 —
1795 3019 1810 3061 ΙΙ
1837 3019 1971 3051 Deinde
1989 3019 2153 3060 significat
2181 3022 2247 3066 ›4:st

1240 3067 1276 3098 in
1292 3066 1436 3106 qratiam
1451 3066 1606 3099 alicuius.
1635 3062 1780 3100 ἀπαυδῶ
1799 3063 1884 3110 ὑπέρ
1900 3063 1927 3099 τ’
1940 3061 2118 3111 Ἀτρειδῶν
2133 3066 2251 3114 wls.

1241 3109 1438 3157 σύμπαντος
1472 3114 1615 3157 στρατοῦ
1648 3113 1710 3144 Ph.
1733 3110 1834 3146 1294.
1871 3110 1958 3158 ὑπὲρ
1986 3110 2051 3159 γὰρ
2077 3108 2239 3160 οιίχὶν

1240 3156 1409 3205 ἀπωτέρω
1427 3156 1547 3205 φίλων,
1576 3155 1649 3193 ἀλλ’
1679 3157 1789 3198 αὐτὸς,
1805 3158 1909 3194 αὑτοῦ
1941 3156 2028 3195 τοῦτ’
2066 3157 2088 3193 ἀ
2151 3175 2153 3178 ·
2223 3160 2252 3195 j

1241 3204 1349 3251 μύσος
1369 3207 1427 3239 OR
1445 3203 1523 3238 137.
1552 3206 1600 3240 ὧν
1627 3203 1711 3265 ὕπερ
1737 3205 1856 3241 εὐῶπα
1880 3205 2018 3254 πέμψον
2041 3202 2148 3240 ἀλκὰ
2240 3210 2246 3216 ”

1239 3254 1291 3286 011.
1320 3250 1525 3298 ἐπισκήπτω
1549 3251 1661 3288 τελεῖν
1687 3253 1772 3300 υπέρ
1793 3248 1822 3287 τ’
1844 3253 1996 3298 ἐμαυτοῦ
2019 3255 2078 3288 τοῦ

1285 3298 1344 3334 σῧέ
1367 3311 1404 3333 τε
1453 3303 1497 3345 ῆς
1519 3298 1600 3334 253.
1645 3299 1759 3348 ὀρθῶς
1783 3306 1852 3335 τῶν
1877 3312 1913 3360 γε
1935 3306 2002 3336 σῶν
2026 3298 2136 3337 τελεῖς

1237 3303 1343 3381 1248.
1371 3311 1457 3393 τῆσέ
1498 3350 1562 3394 τῆς
1587 3345 1674 3394 ὑπέρ
1698 3346 1727 3381 τ’
1753 3347 1840 3394 ἐμοῦ
1857 3352 1964 3394 αυτῆς
1988 3344 2017 3383 θ’
2038 3346 2187 3427 bffg'qg
2203 3349 2247 3401 22¹

1239 3392 1296 3428 33.
1324 3393 1451 3440 πατρὸς
1481 3391 1566 3441 ὕπερ
1594 3392 1725 3440 τούμοῦ
1751 3394 1856 3441 μόνον
1886 3394 2032 3442 ἄντομαι

2179 3486 2240 3525 φ

2172 3534 2185 3546 Γ
2198 3544 2201 3548 ,
2217 3538 2234 3547 ⁴-.
