2288 3600
810 115 1065 150 PRAEFATIO
1091 115 1324 149 Arcroms.
2076 133 2100 163 v

125 232 433 291 interpretibus
463 232 658 290 ignotas;
709 232 949 278 cuiusmodi
979 233 1203 279 vocabulis
1235 232 1473 290 praefixum
1506 233 1676 289 signum
1689 237 1732 286 †.
1789 232 1988 290 Inprimis
2019 248 2100 278 au-

35 318 40 372 {J
104 329 115 338 Δ·
131 313 336 355 accurata
365 323 498 367 opera
527 309 675 355 danda
704 309 935 355 videbatur
964 309 1220 355 referendae
1249 314 1293 354 et
1323 309 1639 367 expendendae
1670 309 1866 354 codicum
1899 314 1943 354 et
1974 310 2099 355 Aldi-

33 374 53 379 ⁴
82 407 88 424 ·-
135 385 337 432 editionis
377 386 639 445 scripturae,
691 386 806 444 quod
845 393 890 433 et
929 386 1202 444 intelligendi
1242 391 1286 431 et
1325 386 1387 431 rei
1422 387 1732 443 grammaticae
1772 387 2098 444 persequendae

47 462 340 510 'ndumentum
361 468 491 508 esset.
528 464 671 509 Dubia
700 469 776 509 aut
806 464 935 523 plane
965 464 1086 508 nulla
1116 464 1203 509 fide
1223 464 1436 509 vocabula
1466 463 1593 520 signo
1610 466 1632 487 '⁸‘
1664 468 1814 508 notata
1843 468 1957 518 sunt,
1994 478 2098 508 con-

22 539 30 590 j
66 564 75 581 ι
110 554 178 585 ·ra
208 540 434 586 verisimili
465 540 590 586 illata
618 540 780 599 duplici
812 541 989 586 stellula
1003 543 1068 585 *¹⁸2
1119 541 1338 597 Distingui
1370 545 1514 585 autem
1546 525 1725 585 necesse
1756 545 1851 585 erat
1879 540 2099 586 diverbio-

33 639 94 658 2...
136 622 180 664 et
209 618 473 663 canticorum
505 632 603 662 cum
633 618 847 663 vocabula
877 622 967 663 tum
1000 618 1175 671 formas,
1213 631 1293 662 nec
1322 618 1532 662 absonum
1566 617 1796 662 videbatur
1825 618 1958 663 etiam
1989 632 2099 663 ana-

20 696 31 706 *
80 694 216 741 sticis
245 694 437 739 numeris
467 696 639 753 prolata
668 695 853 749 referre.;
890 695 959 740 bis
990 695 1233 740 indicandis
1265 694 1461 739 additum
1482 711 1572 740 an..
1608 696 1691 744 τοῖς
1723 692 1803 739 ἀπὸ
1836 699 1987 753 σκηνῆς
2019 711 2093 750 m.,
2142 710 2153 718 ·

25 767 27 771 ¹
76 771 191 818 ticis
221 771 405 817 choricis
435 772 500 815 ch.
560 773 791 818 Praeterea
819 778 1013 818 veterum
1053 772 1276 817 doctorum
1317 772 1648 817 commentarios
1690 776 1734 816 et
1772 772 1916 817 lexica
1951 778 1996 817 et
2030 787 2100 817 re-

19 851 20 854 ’
46 849 246 895 utiorum
278 849 559 907 interpretum
591 850 741 907 copias
771 854 935 907 quanta
964 850 1082 908 potui
1115 849 1345 906 diligentia
1374 849 1562 903 excussi,
1598 863 1678 893 nec
1708 863 1856 893 eorum
1889 851 2092 903 solorum⁷

115 926 171 972 de
202 926 416 984 Sophocle
455 931 531 971 aut
569 926 746 983 tragicis
786 927 902 982 bene,
926 928 1209 976 meruissent:
1254 932 1301 971 ut
1329 941 1443 983 quae
1473 927 1530 971 ab
1571 926 1659 970 illis
1697 926 1752 970 de
1782 926 2099 983 significatione

11 1047 33 1069 ;
50 1026 56 1045 i
76 1017 162 1049 um
202 991 596 1048 memorabiliorum
637 1004 779 1060 deque
816 1004 978 1058 forma,
1024 1004 1261 1062 scriptura,
1308 1008 1513 1058 accentu,
1560 1004 1714 1061 spiritu
1746 1003 1950 1048 traditum
1983 1010 2101 1049 esset

7 1069 261 1126 ‘biberem
294 1086 338 1126 et
367 1080 666 1130 diiudicarem‚
702 1094 900 1137 quaeque
930 1081 986 1125 ab
1018 1081 1086 1125 his
1124 1081 1182 1125 ad
1214 1086 1329 1125 reete
1370 1080 1676 1137 intelligendos
1717 1085 1869 1138 poetas
1910 1081 2099 1138 tragicos

18 1157 39 1213 ᾗ·
63 1157 332 1216 ‘Sophoclem
364 1158 636 1215 potissimum
667 1159 828 1202 collata
858 1163 1020 1211 esseut,
1057 1158 1100 1202 in
1133 1171 1257 1202 usum
1291 1172 1506 1202 vocarem.
1553 1158 1765 1202 Versuum
1799 1159 1964 1203 numeri
1990 1159 2101 1204 Her-

20 1234 42 1274 ³..
62 1257 69 1264 >·
94 1234 156 1280 ni
187 1234 424 1280 editionum
457 1240 580 1286 sunt;
624 1235 663 1280 ei
695 1236 809 1280 enim
842 1235 934 1279 viro
966 1235 1205 1293 Sophocles
1236 1235 1518 1293 probabiliter
1547 1235 1771 1280 restitutus
1804 1236 1989 1279 maxime
2021 1237 2100 1280 de-

7 1299 147 1359 >¹tur.
193 1312 266 1357 Sic
296 1318 340 1358 et
372 1313 510 1357 multa
541 1313 697 1357 melius
729 1327 796 1356 me
828 1312 1093 1370 explicuisse
1125 1312 1295 1357 confido
1326 1318 1369 1357 et
1401 1313 1567 1369 aliquot
1598 1313 1703 1356 locis
1736 1318 1926 1370 poetam,
1962 1314 2098 1370 pluri-

23 1404 90 1437 us
120 1395 291 1436 veteres
331 1390 589 1447 interpretes
621 1395 665 1434 et
701 1390 899 1435 doctores
930 1390 1183 1437 emendavi,
1233 1404 1310 1434 nec
1342 1404 1455 1446 quae
1496 1389 1551 1433 ad
1595 1390 1708 1433 bunc
1748 1395 1916 1446 poetam
1959 1391 2097 1434 solum

64 1472 200 1513 rent
236 1467 542 1512 illustrandum
575 1482 703 1524 quam
737 1467 992 1511 brevissime
1023 1467 1228 1525 exposui,
1274 1467 1351 1511 sed
1384 1468 1513 1511 etiam
1558 1467 1612 1511 ad
1647 1481 1887 1511 sermonem
1919 1468 2095 1511 atticum

9 1596 36 1603 ζ
82 1545 341 1603 tragicorum
375 1550 490 1589 recte
512 1544 861 1601 cognoscendum
893 1550 1101 1601 quantum
1134 1545 1341 1602 perficere
1364 1558 1535 1602 possem
1569 1544 1763 1588 conferre
1795 1545 1950 1588 enixus
1983 1559 2093 1589 sum.

26 1629 34 1660 ἒ
62 1642 64 1646 ⁴
91 1636 133 1667 c
162 1635 304 1666 meam
335 1635 511 1679 operam
551 1622 588 1666 si
621 1622 801 1666 summis
830 1621 1071 1666 duumviris
1101 1622 1319 1666 Lobeckio
1351 1621 1617 1679 praeceptori
1651 1635 1747 1664 meo
1778 1627 1822 1665 et
1854 1622 2102 1666 Hermanno

7 1699 181 1753 ‚robari
212 1698 385 1753 videro,
428 1698 630 1744 idoneum
672 1713 741 1744 me
773 1698 934 1743 laboris
967 1699 1201 1756 praemium
1243 1704 1521 1743 consecutum
1563 1698 1818 1742 arbitrabor.
1867 1699 2097 1743 Hominum

22 1774 29 1819 Ϊ
40 1776 69 1821 i
98 1776 391 1835 imperitorum
424 1775 587 1821 iudicia
616 1791 702 1820 non
733 1791 859 1830 curo,
905 1777 1095 1821 maxime
1126 1782 1270 1820 autem
1309 1790 1384 1820 eos
1416 1790 1646 1833 aspernor,
1692 1776 1765 1832 qui
1797 1790 1883 1819 non
1916 1777 2099 1834 probant

47 1852 255 1911 idquam,
291 1853 374 1899 nisi
407 1853 523 1910 quod
554 1869 582 1898 a
612 1867 694 1898 sua
734 1859 854 1899 secta
884 1854 1052 1899 exierit.

18 1980 20 1983 ,
125 1930 235 1975 Tale
262 1930 487 1976 consilium
521 1945 617 1975 cum
649 1931 794 1975 animo
815 1932 1193 1989 praeformassem,
1231 1930 1511 1987 exsequendo
1532 1944 1740 1974 annorum
1766 1930 1957 1986 quinque
1988 1937 2098 1975 tem—

2 2007 404 2053 mssuffecturum
436 2009 659 2066 putabam.
716 2008 804 2053 Sed
837 2023 931 2052 cum
966 2009 1123 2053 iterata
1154 2009 1337 2053 lectione
1380 2008 1486 2051 satis
1519 2008 1727 2052 materiae
1768 2008 1998 2064 collegisse
2032 2009 2098 2051 vi-

4 2071 157 2139 Jeren
203 2085 259 2130 de
290 2085 431 2130 lexico
461 2085 626 2142 tragico
658 2101 685 2130 a
717 2086 903 2130 Faebsio
944 2086 1193 2144 propediem
1237 2084 1483 2141 evulgando
1524 2090 1626 2129 ante
1668 2085 1746 2128 bos
1780 2085 1868 2129 fere
1899 2090 2101 2141 quattuor

6 2153 32 2200 ²2
76 2162 148 2219 qui
180 2162 367 2207 excurrit
407 2176 545 2207 annos
578 2164 753 2207 nuntius
784 2164 944 2207 allatus
976 2164 1066 2208 fere
1098 2177 1253 2220 cogere
1286 2162 1538 2216 videbatur,
1586 2167 1633 2206 ut
1663 2167 1818 2219 coepta
1837 2162 2094 2206 omitterem.

46 2237 218 2284 idebam
250 2239 389 2293 enim,
431 2245 638 2296 quantam
683 2240 759 2284 ille
790 2254 911 2298 spem
944 2241 1152 2285 movisset
1183 2246 1431 2297 quantaque
1462 2239 1681 2297 pollicitus
1714 2244 1855 2292 esset,
1900 2239 1991 2283 fore
2023 2241 2095 2296 qui

0 2315 241 2386 &fnaximam
283 2330 474 2361 meorum
513 2322 679 2374 partem
719 2332 790 2362 me
829 2318 885 2361 ab
925 2317 1002 2362 illo
1042 2319 1297 2362 suffuratum
1340 2317 1547 2362 dicerent.
1611 2318 1679 2360 Ita
1717 2331 1794 2373 per
1833 2331 1971 2361 annos
2010 2317 2099 2362 fere

0 2387 118 2460 ‚i'ffluos
155 2407 242 2438 non
283 2393 494 2438 intermisi
534 2394 710 2450 quidem
753 2394 862 2438 baec
892 2394 1052 2449 studia,
1098 2395 1177 2440 sed
1207 2395 1252 2439 in
1283 2395 1458 2439 Electra
1487 2394 1807 2438 commentariis
1838 2394 2100 2438 illustranda

0 2465 206 2531 ¹{renatus
246 2471 376 2527 longe
415 2476 560 2515 tamen
599 2471 689 2515 alia
730 2472 896 2516 ratione
936 2473 1139 2523 tractavi,
1186 2487 1317 2529 quam
1357 2487 1445 2528 qua
1484 2472 1528 2515 in
1560 2471 1785 2516 condendo
1818 2471 1957 2515 lexico
1988 2485 2097 2528 opus

0 2546 119 2595 zerat.
170 2547 258 2592 Sed
289 2547 437 2592 allatis
469 2548 619 2606 primis
651 2548 887 2592 Faebsiani
920 2549 1020 2616 libri
1049 2550 1268 2594 fasciculis
1299 2554 1440 2594 metus
1471 2549 1546 2593 ille
1576 2554 1693 2592 totus
1724 2548 1915 2592 evanuit.
1963 2549 2097 2592 Intel-

0 2610 195 2695 {ligabam
216 2625 331 2669 enim
363 2625 567 2682 exiguam
589 2626 729 2670 omnis
760 2626 969 2670 materiae
990 2632 1158 2684 partem
1189 2628 1245 2671 ab
1275 2640 1328 2670 eo
1349 2627 1441 2670 viro
1467 2626 1693 2670 collectam
1716 2638 1857 2682 neque
1888 2625 1932 2668 id
1952 2632 2095 2669 actum

0 2694 120 2756 ἔρεθε,
155 2706 204 2745 ut
233 2701 589 2759 interpretaretur
619 2707 663 2746 et
693 2702 978 2756 diiudicaret,
1023 2703 1101 2747 sed
1133 2708 1181 2747 ut
1220 2704 1329 2748 forte
1368 2705 1517 2747 oblata
1546 2703 1852 2747 vocabulorum
1897 2704 2098 2760 exempla

0 2755 93 2862 {ion
132 2778 276 2823 minus
316 2779 504 2823 fortuitis
545 2779 804 2835 quibusdam
852 2781 1086 2825 lexicorum
1136 2787 1179 2825 et
1221 2781 1603 2838 grammaticorum
1644 2785 1836 2824 veterum
1881 2780 2097 2836 excerptis

3 2873 40 2920 ,φ
69 2858 292 2900 ¹texeret.
330 2855 402 2900 Sic
433 2870 531 2900 cum
563 2857 810 2901 resumendi
842 2858 1000 2902 veteris
1033 2858 1201 2902 consilii
1233 2859 1404 2902 animus
1436 2862 1613 2902 renatus
1646 2862 1787 2909 esset,
1834 2862 2011 2913 repente
2042 2857 2096 2901 de

4 2921 340 2989 '·'41·2÷usFaehsii
372 2937 508 2977 morte
539 2933 783 2977 nuntiatum
815 2939 896 2979 est.
949 2935 1054 2978 Post
1084 2935 1194 2980 duos
1226 2936 1357 2992 igitur
1387 2949 1524 2979 annos
1548 2934 1818 2998 ordinandis,
1853 2934 2091 2978 emendan—

6 2995 95 3067 .ζμ,
139 3008 386 3054 iudicandis
425 3009 561 3066 copiis
606 3011 861 3066 conquisitis
901 3012 1122 3069 impensos
1160 3013 1246 3056 iam
1292 3013 1466 3068 iamque
1508 3013 1622 3056 telae
1662 3011 1952 3069 perficiendae
1993 3025 2094 3070 spes

10 3081 355 3130 ἰωῐιᾶεὶιθῐιιι.
412 3086 643 3144 Speraram
676 3087 850 3143 quidem
883 3090 1013 3145 longe
1044 3103 1113 3134 me
1144 3090 1356 3133 maturius
1398 3089 1454 3133 ad
1496 3103 1653 3146 operae
1694 3089 1825 3132 finem
1858 3093 2092 3144 perventu-

27 3164 87 3217 {ju
104 3196 114 3205 .
156 3162 318 3206 Verum
349 3177 435 3218 quo
456 3162 619 3207 diutius
650 3165 876 3209 materiam
908 3170 1052 3210 mente
1073 3167 1316 3220 versabam,
1354 3181 1406 3211 eo
1436 3166 1575 3222 magis
1607 3172 1649 3210 et
1680 3166 1804 3222 quasi
1835 3166 1879 3208 in
1911 3165 2095 3208 immen—

35 3233 57 3298 ’χ
72 3257 90 3278 ιι
131 3245 449 3284 excrescentem
482 3240 699 3284 videbam.
745 3223 916 3286 D⁵einde
946 3226 1109 3299 ingenti
1141 3244 1411 3299 negotiorum
1451 3243 1564 3287 mole
1596 3243 1722 3298 qua'si
1752 3242 1931 3286 obrutus
1962 3241 2093 3285 etiam

39 3333 68 3379 yyy
91 3328 160 3359 us
190 3315 254 3360 ita
283 3317 485 3360 affectum
519 3317 782 3363 sentiebam.
827 3318 901 3362 vix
932 3324 979 3362 ut
1009 3320 1124 3364 vires
1163 3319 1414 3365 viderentur
1451 3320 1664 3364 sufficere.
1729 3320 1962 3363 Praeterea
2002 3318 2093 3362 sin-

94 3391 148 3436 ri
177 3391 448 3437 incommodo
478 3394 748 3441 laborabam.
803 3395 976 3440 Etenim
997 3410 1155 3441 munus
1185 3397 1348 3454 duplex
1379 3397 1423 3441 in
1456 3396 1559 3442 ludo
1590 3396 1738 3440 literas
1760 3395 1942 3439 docendi
1975 3400 2020 3438 et
2049 3395 2093 3438 in
