2288 3600
219 123 319 175 500

213 240 289 289 πρίν
314 240 374 276 τιν’
397 240 543 277 αὐλιτῶν
570 240 651 289 ὁρᾶν
674 244 764 276 Past.
793 244 833 276 fr.
855 241 923 276 445
937 269 944 283 ,
967 242 998 276 1.
1038 245 1114 277 Huc
1137 245 1226 277 refer

214 291 316 322 etiam
341 288 494 337 γέννημα
515 295 583 324 τῶν
601 288 737 325 ἐκεῖθεν
755 288 818 324 οὐκ
836 288 871 324 ἐν
890 288 1045 329 ὑστάτοις
1064 292 1119 323 Tr.
1141 289 1220 324 315.

213 334 288 371 ἀλλ’
314 335 378 371 οὐκ
402 335 437 371 ἐν
463 334 583 384 ἀργοῖς
608 335 689 371 οὐδὲ
712 332 803 372 τοῦτ’
829 336 1031 384 ἐπαρξάμην
1058 338 1116 371 OR
1132 336 1220 380 2883

212 384 295 417 haec
311 386 402 417 enim
418 394 477 426 pro
494 386 661 426 partitivis
678 386 838 426 genitivis
854 387 963 428 posita
980 389 1073 418 sunt.

283 432 337 464 Ex
360 432 477 465 eadem
494 433 621 465 ratione
639 433 723 465 illud
741 434 979 475 explicandum
996 443 1070 465 esse
1088 443 1221 474 censeo⁷

213 479 242 510 si
275 479 406 521 quando
429 490 491 517 τις
516 480 666 519 genitivo
698 481 747 511 rei
779 481 959 522 pendentis
992 481 1219 522 coniungitur,

211 535 289 558 cum
303 536 382 559 casu
405 528 612 568 pronominis
637 527 809 559 indefiniti
829 529 992 560 utendum
1012 532 1101 568 erat,
1131 529 1225 560 velut

211 571 247 607 ἐν
266 572 314 620 τῷ
327 571 526 619 πράγματος
542 575 598 606 Ai.
620 571 689 606 314
706 585 737 606 v.
756 585 819 612 τις.
851 576 950 607 Porro
966 575 1083 607 eodem
1101 585 1223 607 conve-

211 621 314 652 niunt
337 621 494 653 adverbia
515 622 579 653 loci
596 623 754 654 universe
772 626 807 654 et
823 623 1008 663 generatim
1026 623 1222 663 significan-

212 669 260 699 tia
290 678 367 700 cum
399 678 477 700 casu
502 669 650 708 genitivo
673 669 781 710 dicta,
810 679 895 711 quae
919 670 1097 702 articulum
1124 671 1222 711 plane

211 715 410 747 excludunt.
464 716 557 748 Talia
589 720 670 748 sunt
701 713 792 758 ἵνα,
837 714 957 756 ὅποι,
995 719 1093 755 ποῦ,
1131 718 1219 750 ποῖ.

212 762 295 794 Nam
328 772 413 804 quae
435 763 507 795 loca
531 764 719 795 accuratius
744 764 932 805 definiunt,
969 765 1064 796 velut
1097 762 1220 804 εἴσω,

213 806 315 851 ἔξω,
345 807 488 850 ἔνδον,
517 807 650 848 ἐκτός
676 812 815 843 articulo
839 821 906 844 non
931 812 1113 844 abstinent.
1159 809 1223 850 ἔξω

209 860 278 889 τῶν
303 860 422 890 κακῶν
449 855 555 891 οἰκεῖν
577 858 636 890 OR
655 855 756 891 1390.
802 856 901 896 ἐκτός
924 856 988 891 εἰσι
1011 862 1081 891 τῶν
1104 862 1222 892 κακῶν

210 903 333 945 Phryg.
354 905 395 936 fr.
417 901 497 945 649,
518 901 552 936 3.
592 905 792 946 Quanquam
810 907 863 938 vel
881 906 962 938 haec
978 914 1111 946 perrara
1129 910 1219 946 sunt,

208 950 307 991 longe
331 953 484 984 usitatior
508 953 612 984 altera
637 954 731 985 ratio.
777 951 884 987 ε’ίσω
910 950 1030 998 στέγας
1057 954 1110 985 ΕΙ.
1133 949 1224 984 1392

209 998 262 1030 ch.
290 995 374 1032 εἴσω
392 996 525 1045 στέγης,
547 996 584 1033 αἵ
599 993 627 1032 τ’
646 998 743 1038 ἐκτὸς
758 998 867 1045 αὐλῆς
885 1001 942 1032 Tr.
955 998 1035 1033 202.
1064 997 1224 1046 παρ’λθε

210 1043 380 1090 δωμάτων
414 1044 498 1079 εἴσω
531 1043 611 1079 900.
650 1065 691 1071 -
734 1045 861 1085 ἐκτὸς
896 1045 1003 1081 οἴκων
1033 1048 1087 1079 El.
1118 1046 1134 1079 1
1163 1044 1219 1079 36.

210 1089 308 1130 ἐκτὸς
340 1090 423 1127 ὄντα
453 1103 502 1138 πη
534 1091 624 1127 σίτων
657 1095 718 1126 Ph.
750 1091 831 1127 504.
883 1093 981 1132 ἐκτὸς
1012 1092 1222 1140 κλαυμάτων

211 1136 313 1172 1260.
349 1138 448 1179 ἐκτὸς
466 1139 508 1175 αὐ
533 1138 612 1174 είων
629 1139 747 1175 πυλῶν
763 1143 845 1174 Ant.
868 1139 923 1175 18.
968 1140 1066 1180 έκτὸς
1085 1139 1223 1178 ἐλπίδος

210 1183 289 1219 330.
334 1185 434 1226 ἐκτὸς
456 1185 539 1226 ἄτας
557 1185 646 1220 *614
662 1189 713 1220 ch.
740 1189 784 1231 [h.
804 1190 828 1221 l.
849 1189 975 1222 delevit
991 1187 1125 1233 Dind.].
1154 1186 1222 1221 625

209 1234 261 1266 ch.
292 1252 333 1258 -
370 1232 508 1269 ἔνδον.
538 1238 668 1281 σκηνῆς
694 1233 790 1270 ἔνδον
815 1237 870 1268 Ai.
891 1233 961 1269 218
978 1246 1032 1269 an.
1054 1255 1097 1260 —
1125 1234 1219 1276 ἔξω.

211 1279 381 1326 δωμάτων
413 1279 480 1321 ἔξω
512 1283 600 1329 περᾷ
626 1283 684 1316 OR
708 1280 790 1316 531.
841 1286 906 1329 γῆς
933 1281 999 1323 ἔξω
1025 1280 1103 1316 622.
1157 1281 1222 1323 ἔξω

208 1326 327 1375 πόρσω
361 1327 510 1374 βαίνεται
543 1331 661 1387 χώρας
694 1330 749 1363 OG
782 1327 851 1363 226
876 1341 930 1363 an.
984 1329 1050 1371 ἔξω
1085 1328 1222 1376 βαρείας

209 1373 319 1414 αἰτίας
336 1377 418 1409 Ant.
438 1374 518 1410 445.
561 1389 640 1415 τους
666 1375 730 1417 ἔξω
747 1377 865 1424 γένους
882 1375 962 1411 660.
1001 1396 1042 1401 -
1085 1379 1222 1410 Illorum

210 1423 273 1455 loci
296 1425 567 1457 correlativorum
591 1426 747 1466 exempla
771 1426 853 1458 haec
870 1427 1082 1467 apponimus.
1133 1422 1217 1458 ἵνα.

207 1463 251 1503 ἵν’
281 1468 314 1504 εἶ
340 1473 452 1505 κακοῦ
476 1471 535 1504 OR
557 1469 637 1505 367.
665 1469 746 1505 413.
783 1474 837 1505 Ai.
867 1470 947 1506 386.
1006 1471 1050 1506 ἵν’
1077 1470 1221 1517 ἕσταμεν

207 1514 326 1564 χρείας
337 1518 396 1551 OR
410 1516 512 1552 1442.
531 1537 573 1544 —-
600 1516 653 1553 οἷ.
683 1516 718 1553 οἷ
735 1517 769 1565 μ’
786 1518 923 1565 ἀτιμίας
939 1518 963 1554 ὀί
985 1531 1032 1558 εις
1049 1521 1102 1552 ΕΙ.
1116 1517 1217 1552 1035.

207 1582 254 1588 -
280 1561 392 1600 ὅποι.
426 1563 505 1600 ὅποι
528 1566 668 1613 γνώμης
694 1567 748 1599 ΕΙ.
778 1563 858 1599 922.
880 1585 922 1591 -
986 1578 1064 1600 που
1091 1568 1138 1599 sic
1164 1577 1217 1608 ap.

209 1611 310 1654 Soph.
331 1622 398 1646 non
414 1613 550 1646 dicitur.
602 1616 687 1648 ποῖ.
716 1616 780 1647 ποῖ
795 1614 936 1660 γνώμης
953 1612 1048 1648 πέσω
1067 1615 1123 1646 Tr.
1137 1612 1216 1646 705.

208 1661 271 1692 ποῖ
294 1661 357 1706 γᾶς
373 1658 472 1706 ἥκω;
493 1657 562 1694 984
578 1671 634 1694 an.
684 1663 746 1695 ποῖ
761 1664 841 1708 γᾶς;
862 1663 924 1694 Ph.
948 1659 1038 1695 1210
1055 1662 1106 1694 ch.
1159 1663 1222 1695 ποῖ

208 1707 270 1786 γᾶς
296 1705 446 1754 φέρομαι
463 1708 522 1740 OR
540 1705 642 1742 1308.
687 1710 750 1742 ποῖ
772 1720 822 1747 τις
841 1707 1018 1756 φροντίδος
1037 1706 1142 1756 ἔλθῃς
1165 1709 1220 1741 OC

232 1751 278 1786 70
294 1764 339 1786 m.
383 1757 446 1789 ποῖ
489 1759 595 1800 ρενῶν
614 1753 724 1797 ἔλθω;
748 1753 827 1789 310.
859 1775 900 1780 -
927 1758 1020 1790 ποῦ.
1049 1759 1115 1789 ποῦ
1133 1758 1217 1803 γῆς;

207 1801 267 1833 ΟΒ,
285 1798 363 1834 108.
393 1803 449 1835 Tr.
462 1765 551 1835 ζ236.
591 1805 659 1836 ποῦ
676 1801 835 1849 γνώμης;
856 1805 939 1836 Ant.
960 1801 1017 1836 42.
1062 1805 1129 1837 ποῦ
1147 1797 1221 1837 ποτ’

208 1845 239 1881 εἶ
262 1853 412 1895 φρενῶν;
443 1851 497 1882 El.
518 1847 598 1882 390.
649 1851 716 1884 ποῦ
741 1848 893 1898 χθονός;
914 1852 969 1883 Tr.
991 1848 1048 1883 68.
1077 1853 1144 1884 ποῦ
1170 1861 1222 1884 σοι

206 1893 316 1943 τύχης
349 1893 367 1929 ἕ
431 1907 510 1938 κεν;
540 1897 596 1929 Ai.
628 1895 706 1932 102.
757 1900 824 1932 ποῦ
851 1908 911 1943 μοι
941 1901 1005 1944 γῆς
1037 1900 1136 1943 κυρεῖ
1157 1900 1221 1943 τῆς

208 1939 394 1989 Τρῳάδος;
439 1941 496 1977 84.
922 1944 971 1990 (11
988 1956 1023 1987 p.
1043 1943 1124 1987 247,
1146 1942 1221 1988 14.)

277 2000 323 2022 m.
351 1991 497 2024 Maxima
521 1995 635 2024 autem
660 1993 799 2025 licentia
823 1993 973 2025 cernitur
996 1994 1032 2025 in
1054 1993 1222 2024 vocabulis

204 2039 282 2079 pari
297 2037 343 2069 ad
358 2040 555 2071 sententiam
571 2041 605 2071 υἱ
620 2042 650 2071 el
667 2039 828 2080 diym'tate
842 2040 1074 2079 (coordinatis)
1087 2048 1220 2080 compo-

207 2085 278 2116 sitis
293 2094 435 2127 quorum
451 2087 549 2118 alten·
564 2086 727 2127 additum,
748 2087 792 2119 ad
809 2088 950 2119 alterum
967 2089 1122 2119 omiss-um
1139 2088 1220 2118 arti-

209 2132 323 2164 culum
340 2133 500 2174 reperias.
529 2133 699 2175 Perpauca
715 2135 757 2166 de
773 2134 836 2166 hoc
850 2145 916 2166 usu
933 2138 1113 2167 enotarunt
1129 2135 1221 2166 Doe-

205 2179 289 2212 derl.
305 2179 346 2212 ad
359 2180 415 2212 OG
428 2177 509 2213 584.
531 2181 655 2213 Heind.
673 2182 714 2213 ad
726 2182 811 2214 Plat.
828 2181 928 2223 Soph.
945 2192 980 2223 p.
993 2179 1073 2213 311.
1101 2182 1217 2222 Apitz.

205 2226 248 2258 ad
260 2226 316 2259 Tr.
332 2223 432 2261 1036.
461 2228 511 2259 Ne
524 2237 584 2260 nos
597 2228 734 2270 quidem
748 2230 859 2261 omnia
872 2230 1027 2270 exempla
1041 2229 1221 2269 Sophoclea

205 2273 325 2306 afferre
350 2275 575 2307 necessarium
600 2279 770 2317 putamus.
824 2274 898 2314 δῖός
922 2273 950 2308 τ’
967 2271 1148 2314 Ὀδυσσεὺς
1165 2276 1219 2323 χώ

203 2331 224 2353 τ
246 2319 349 2367 οφεὺς
371 2319 504 2366 τούμοῦ
529 2320 657 2369 πατρός
683 2323 744 2355 Ph.
766 2316 846 2355 344.
891 2321 940 2361 εἰς
967 2320 1074 2369 Οἴτην
1099 2321 1219 2361 στόλος

206 2413 228 2447 4
253 2366 1115 2464 31‘3333535‘53313.²23³J⁶3.{{⁹⁰?p}.{3⁹35&
1127 2369 1219 2451 {⁶53²

206 2461 236 2496 εἰ
261 2460 310 2508 μὴ
328 2460 436 2501 πέλας
453 2426 619 2499 ’ὅδυσσέα
640 2428 816 2510 στείχοντα
828 2429 889 2498 {ov
905 2466 933 2497 τ’
950 2429 1140 2511 Ἀςχιλλέὶώς
1157 2443 1219 2512 γόὲ

203 2521 262 2544 νον
294 2507 375 2544 ἰόντ’
398 2508 540 2545 ἐλεύσσο
570 2521 606 2545 εν
634 2508 735 2545 1220.
787 2505 928 2552 ὄλοισθ’,
957 2508 1129 2558 Ἀτρεῖδαι
1156 2511 1216 2557 μὲν

206 2551 350 2602 μάλιστ’,
387 2555 506 2592 ἔπειτα
559 2557 576 2591 ὲ
609 2556 628 2592 ὁ
653 2555 801 2605 Λαρτίου
823 2561 906 2596 παῖς
926 2556 1028 2591 1285.
1080 2556 1165 2605 ὑπέρ
1188 2554 1217 2592 τ’

206 2600 387 2651 Ἀτρειδῶν
410 2607 471 2639 τοῦ
494 2615 532 2639 τε
549 2603 745 2651 σύμπαντος
763 2608 907 2651 στρατοῦ
927 2603 1030 2639 1294.
1074 2604 1111 2644 ὃς
1131 2605 1218 2651 μέτα

205 2649 342 2690 ζώντων
365 2645 415 2684 ὅτ’
430 2650 486 2698 ἦν,
514 2647 614 2698 ἧκου’
629 2650 761 2698 ἄριστα,
781 2655 839 2686 νῦν
857 2651 895 2686 δὲ
911 2657 979 2686 τῶν
995 2650 1216 2699 τεθνηκότων

207 2695 309 2731 1313.
361 2695 454 2736 θεοῖς
485 2710 523 2733 τε
554 2698 778 2735 πιστεύσαντα
808 2702 883 2738 τοῖς
907 2697 936 2733 τ’
970 2698 1068 2745 ἐμοῖς
1101 2698 1216 2746 λόγοις

206 2742 308 2778 1374.
353 2739 424 2780 ἔνθ’
447 2744 471 2791 ἡ
489 2758 532 2792 με
556 2744 623 2794 άλη
642 2749 704 2793 μοῖ
726 2758 748 2780 α
762 2745 897 2792 κομίζει
913 2746 1035 2793 γνώμη
1051 2757 1088 2780 τε
1106 2745 1216 2793 φίλων

203 2791 259 2839 χώ
281 2790 516 2840 πανδαμάτωρ
533 2758 674 2838 δαίμων
721 2790 790 2826 466
807 2804 861 2826 an.
905 2792 965 2828 καί
982 2791 1015 2826 σ’
1035 2792 1217 2841 ἀμφιπλὴξ

205 2838 477 2921 030005οῑοἐ
497 2843 642 2921 5353?
659 2838 785 2933 00οιὸο
802 2835 1013 2921 tici?
1029 2845 1093 2888 000
1111 2841 1215 2900 0000

205 2930 310 2980 διπλῇ
328 2899 382 2976 δέῗ
398 2897 449 2982 taff
458 2932 490 2968 τ’
503 2933 572 2983 ἐμῇ
586 2914 652 2969 καί
663 2899 935 2983 &allsaell
968 2900 1082 2982 affl}
1092 2887 1216 2982 ⁴523&AE

205 2991 242 3013 τε
264 2980 324 3015 καὶ
347 2979 446 3015 πόσει
467 2981 517 3029 τῷ
537 2983 589 3028 σῷ
611 2979 691 3015 934.
742 2981 801 3015 τὸν
823 2981 955 3029 πατέρα
978 2982 1092 3029 πατὴρ
1118 2981 1216 3029 ὑμῶν

207 3025 332 3075 ἔπεφνε
350 3025 451 3062 1496.
496 3028 638 3076 σμικρὸν
663 3029 727 3076 μὲν
753 3026 967 3070 ἐξαιτοῦντα,
992 3032 1053 3064 τοῦ
1072 3040 1090 3063 σ
1121 3032 1216 3077 ικροῦ

206 3071 234 3106 δ’4
253 3073 302 3108 ἔτι
320 3077 418 3120 μεῖον
435 3074 584 3122 φέροντα
598 3077 655 3110 00
672 3074 705 3110 5.
742 3074 815 3123 ἔχει
832 3075 870 3111 δέ
884 3088 935 3110 νιν
953 3076 1075 3122 σεμνὸς
1126 3088 1218 3112 οσει-

205 3118 274 3155 δῶν
289 3131 296 3138 ·
331 3121 367 3156 έν
391 3120 421 3155 δ’
445 3121 464 3156 ὁ
488 3122 664 3182 πυρφόρος
689 3121 769 3161 θεὸς
795 3120 899 3157 Τιτὰν
925 3121 1132 3170 Προμηθεύς
1157 3122 1213 3157 56.

205 3167 311 3214 σκευή
327 3180 364 3202 τε
381 3168 444 3216 γὰρ
462 3169 505 3215 σὴ
523 3181 582 3205 και
597 3169 637 3205 τὸ
655 3169 821 3216 δύστηνον
840 3169 930 3218 κάρα
947 3169 1114 3217 δηλοῦτον
1132 3169 1212 3204 555.

204 3211 299 3262 λόγῳ
326 3215 388 3261 μὲν
415 3215 541 3258 ἐσθλοί,
569 3220 659 3252 τοῖσι
684 3215 711 3252 δ’
736 3217 879 3264 ἔργοισιν
903 3216 999 3252 κακά
1017 3216 1097 3252 782.
1142 3217 1216 3253 ἐπεὶ

204 3264 301 3296 νικᾶν
325 3261 440 3302 θέλεις
464 3263 610 3311 πατρίδα
624 3276 663 3299 τε
679 3263 742 3311 τὴν
760 3265 823 3312 σὴν
839 3263 898 3299 καὶ
942 3262 1034 3303 ίλους
1050 3263 1131 3299 850.
1173 3263 1217 3299 τὰ

205 3313 325 3388 'iffi‘
349 3309 412 3391 μξῖ
433 3309 896 3397 ῗῗρξὲλῖἕὲἷῖ”ωἶ;·ςπρτῷτὲ
925 3305 1216 3400 Ῐςοὲῗζῖᾌῖῗὲῗ

206 3400 303 3446 οἴμοι
327 3401 355 3436 δ’
381 3369 523 3450 ἐξαίρων
543 3402 644 3438 1399.
674 3371 954 3452 ’τὰνιπαγκεύιθηῆ
971 3404 1069 3440 κάτω
1086 3371 1215 3453 εεκρῶν

1215 120 1267 175 ’0

1959 0 1966 25 Ι

1941 136 1989 185 [11
2004 151 2039 184 p.
2059 137 2278 188 mei-2494

1260 243 1378 279 πλάκα
1399 243 1458 279 καὶ
1477 242 1618 291 Στύγιον
1645 243 1750 291 δόμον
1779 242 1869 279 1563
1885 246 1938 279 ch.
1981 248 2043 281 τοῦ
2059 258 2096 281 τε
2113 244 2272 294 Θορικίου

1260 290 1386 338 πέτρου
1413 290 1535 348 κοίλης
1559 287 1584 325 τ’
1612 290 1762 340 ἀχέρδου
1782 289 1883 326 1595.
1927 291 2082 340 κτύπησε
2102 292 2166 340 μὲν
2184 291 2275 333 Ζεὺς

1258 338 1417 386 χθόνιος,
1446 339 1482 373 αἱ
1508 338 1545 373 οὲ
1569 339 1735 387 παρθένοι
1761 337 1901 386 ρίγησαν
1922 338 2024 374 1606.
2066 340 2126 375 τὸν
2150 339 2269 388 ἄνδρα,

1260 387 1317 422 τὸν
1343 385 1405 432 μὲν
1424 385 1578 432 οὐδαμοῦ
1596 385 1732 432 παρόντ’
1751 386 1820 428 ἔτι,
1841 385 1973 422 ἄνακτα
1990 382 2018 421 δ’
2035 386 2135 423 αὐτὸν
2153 387 2273 434 ὀμμά-

1259 446 1327 468 των
1353 432 1505 469 ἐπίσκιον
1528 428 1618 482 χεῖρ’
1635 433 1823 481 ἀντέχοντα
1841 432 1943 468 1649.
2007 438 2052 481 ῆν
2067 446 2104 469 τε
2121 445 2274 482 προσκυ-

1259 478 1373 516 νοῦνθ’
1398 478 1473 526 ἅμα
1495 480 1555 515 καὶ
1578 480 1635 515 τὸν
1654 480 1744 516 θεῶν
1757 475 1939 527 Ὄλυμπον
1959 446 2060 516 1655.
2103 476 2197 516 ταῦτ’
2213 479 2274 516 οὖν

1261 527 1381 563 ἔκλυεν
1407 527 1538 574 δαίμων
1559 526 1662 574 ἡμῶν
1679 529 1734 576 χώ
1752 527 1848 563 πάντ’
1865 527 1948 563 ἀίων
1966 526 2045 568 Διὸς
2063 527 2166 576 ὅρκος
2184 526 2274 562 1767

1260 586 1316 609 an.
1354 574 1391 613 ὃς
1408 578 1472 622 γῆν
1491 587 1558 610 πατ
1580 569 1647 623 ῴαν
1663 574 1724 610 καὶ
1740 574 1843 615 θεοὺς
1858 574 1938 615 τοὺς
1956 575 2104 624 ἐγγενεῖς
2119 574 2273 622 ἠθέλησε

1260 626 1390 681 πρῆσαι
1406 625 1488 655 Ant.
1507 586 1585 656 195.
1616 621 1718 669 εὐνῆς
1733 621 1976 669 ἀποιμώζοντα
1991 627 2056 670 τῆς
2071 623 2168 658 κάτω
2211 621 2275 658 θο-

1261 682 1321 717 ραν
1350 669 1410 704 καὶ
1438 669 1565 717 πατρὸς
1595 668 1677 717 ἔργα
1703 670 1763 704 καὶ
1785 670 1823 704 τὸ
1850 669 2014 717 δύστηνον
2039 668 2143 719 λέχος
2169 668 2185 702 1
2213 667 2271 703 24.

1259 716 1344 764 πρός
1375 712 1403 750 τ’
1438 716 1593 763 ἐφεστίου
1621 715 1699 755 Διὸς
1733 716 1833 762 εὐνῆς
1860 728 1897 751 τε
1929 721 1992 764 τῆς
2043 720 2080 756 ’ς
2105 719 2162 751 Ai.
2190 714 2271 750 492.

1259 764 1344 812 πρὸς
1359 766 1421 798 τοῦ
1440 766 1500 798 σοῦ
1516 763 1638 799 τέκνου
1655 764 1713 798 καὶ
1730 763 1820 799 θεῶν
1840 763 1935 799 ίκνοῦ
1965 776 1999 799 αι
2017 763 2037 798 5
2064 763 2096 798 7.
2133 759 2273 798 ἁλίσκε-

1258 824 1313 846 ται
1343 812 1399 859 χώ
1433 809 1540 850 δεινὸς
1573 810 1674 859 ὅρκος
1707 811 1766 845 καὶ
1798 823 1934 859 περισκε
1958 815 2008 850 εἴς
2043 810 2164 859 φρένες
2190 808 2271 844 649.

1260 861 1405 892 Brunck.
1426 858 1488 906 χαί
1506 858 1672 904 [itemque
1689 858 1823 904 Dind.],
1851 861 2044 892 confutatus
2068 860 2128 892 ille
2152 860 2194 892 ab
2211 859 2276 891 Er·-

1260 908 1398 940 furdtio.
1435 904 1614 952 Ὀλύμπου
1632 901 1723 940 τοῦδ’
1741 905 1759 941 ὁ
1777 904 1975 953 πρεσβεύων
1994 905 2085 952 πατὴ
2126 904 2274 952 μνήμων

1258 948 1287 987 τ’
1303 949 1436 999 Ἐρινὺς
1459 953 1517 988 καὶ
1533 953 1630 988 τελεσ
1659 952 1737 1000 όρος
1756 950 1845 1000 Δίκη
1865 950 1944 999 <pilei
1967 965 2039 988 ειαν
2059 952 2075 986 1
2104 951 2162 986 89.
2206 951 2276 987 κάκ

1258 999 1369 1034 τῶνδέ
1402 1013 1461 1046 μοι
1490 1000 1609 1047 λαβεῖν
1633 965 1662 1036 θ’
1689 999 1818 1046 ὁμοίως
1841 1000 1900 1035 καὶ
1923 1013 1943 1035 τ
1986 997 2156 1047 τητᾶσθαι
2180 998 2277 1034 πέλει

1259 1050 1313 1081 ΕΙ.
1333 1046 1415 1081 265.
1445 1047 1583 1095 στρατὸς
1602 1043 1626 1081 δ’
1647 1046 1840 1088 ἀνωλόλυξε
1855 1047 1913 1082 τὸν
1929 1047 2063 1082 νεανίαν
2080 1045 2162 1081 749.
2199 1044 2276 1081 ἀλλ’

1258 1094 1281 1141 ἦ
1302 1093 1400 1154 φύσιν
1417 1107 1464 1141 γε,
1485 1094 1543 1129 τὸν
1558 1094 1595 1129 δὲ
1608 1097 1687 1130 νοῦν
1700 1093 1816 1140 ἥσσων
1830 1094 1908 1129 τότε
1922 1093 2024 1128 1023.
2054 1089 2106 1129 ἐπ’
2117 1093 2273 1141 αἰσχροῖς

1257 1141 1281 1188 ἢ
1316 1142 1354 1176 πὶ
1374 1146 1448 1181 τοῖς
1472 1141 1594 1181 καλοῖς
1618 1145 1661 1175 fr.
1690 1143 1790 1184 Epig.
1820 1139 1906 1184 196,
1926 1140 1960 1175 2.
2005 1137 2275 1188 διεμπολώμεθα

1259 1188 1349 1225 θεῶν
1374 1184 1545 1238 πατρῴων
1569 1195 1637 1224 τῶν
1662 1201 1699 1223 τε
1729 1187 1908 1235 φυσάντων
1934 1187 2003 1224 ἄπο
2029 1190 2105 1222 Ter.
2134 1186 2215 1230 517,
2236 1186 2270 1222 8.

1259 1235 1417 1276 οἰνωθεὶς
1450 1236 1490 1271 ἀν
1520 1249 1537 1283 ρ
1569 1235 1685 1283 ἥσσων
1720 1236 1782 1282 μὲν
1814 1235 1920 1284 ὀργῆς
1948 1236 2035 1278 ἐστι,
2064 1238 2126 1270 τοῦ
2151 1234 2190 1269 δὲ
2213 1237 2274 1269 νοῦ

1257 1284 1357 1322 κενός
1383 1286 1449 1317 inc.
1471 1282 1492 1318 6
1518 1283 1550 1326 8,
1572 1283 1606 1317 2.
1651 1285 1798 1317 Maxime
1829 1286 1979 1317 omnium
2003 1285 2040 1316 in
2064 1284 2126 1316 hoc
2149 1292 2274 1324 genere

1258 1333 1415 1365 notabilis
1448 1336 1500 1364 est
1533 1334 1743 1365 enumeratio
1775 1333 1926 1364 laborum
1951 1332 2108 1364 Herculis
2133 1331 2174 1363 ab
2197 1331 2273 1372 ipso

1258 1381 1344 1412 facta
1361 1380 1417 1412 Tr.
1441 1376 1683 1420 1092—1099,
1703 1379 1873 1411 liberrime
1890 1379 2042 1412 additum
2059 1382 2096 1411 et
2111 1378 2274 1411 omissum

1257 1428 1437 1459 articulum
1454 1431 1654 1459 monstrans.
1676 1427 1846 1459 Prioribus
1863 1427 2023 1459 membris
2040 1426 2191 1458 adiectus
2205 1433 2272 1457 non

1257 1478 1326 1506 est:
1362 1470 1500 1518 Νεμέας
1534 1472 1683 1515 ἔνοικον,
1722 1471 1900 1519 βουκόλων
1933 1471 2109 1519 ἀλάστορα
2133 1469 2271 1514 λέοντα,

1257 1523 1336 1553 dein
1362 1519 1466 1567 διφυᾶ
1488 1515 1513 1554 τ’
1532 1519 1675 1566 ἄμικτον
1703 1518 1924 1566 ἱπποβάμονα
1941 1518 2082 1566 στρατὸν
2100 1517 2220 1566 θηρῶν
2237 1522 2274 1550 et

1256 1562 1485 1614 Ἐρυμάνθιόν
1510 1579 1547 1602 τε
1572 1565 1683 1614 θῆραι
1714 1573 1796 1600 tunc
1812 1577 1891 1600 vero
1909 1569 2064 1609 sequitur
2079 1565 2138 1601 τόν
2155 1560 2189 1602 θ’
2205 1563 2273 1599 ὑπὸ

1255 1614 1384 1662 χθονὸς
1395 1608 1517 1650 (Ἃιδου
1540 1614 1719 1662 τρίκρατον
1737 1612 1913 1656 σκύλακα,
1941 1615 2030 1657 quod
2053 1615 2082 1646 si
2108 1615 2184 1656 quis
2211 1622 2273 1646 ne-

1257 1664 1413 1696 cessitate
1430 1673 1631 1705 expressum
1647 1665 1837 1704 putaverit,
1865 1663 1946 1704 quia
1970 1662 2205 1694 adverbialiter
2221 1660 2273 1692 di-

1257 1715 1349 1742 ctum
1383 1708 1450 1744 ύπὸ
1479 1708 1608 1758 χθονός
1639 1720 1706 1743 non
1729 1710 1879 1752 potuerit
1903 1710 2001 1742 aliter
2023 1709 2172 1751 copulari
2195 1717 2273 1740 cum

1257 1759 1469 1790 substantivo
1480 1783 1488 1799 ,
1516 1762 1555 1789 ut
1570 1758 1730 1790 adiectivi
1746 1767 1871 1790 munus
1888 1757 2077 1798 susceperit
2088 1781 2096 1797 ,
2121 1756 2274 1797 sequitur

1257 1809 1370 1837 tamen
1396 1806 1469 1837 sine
1494 1806 1564 1837 ulla
1588 1815 1687 1837 causa
1705 1803 1764 1838 τόν
1781 1815 1819 1837 τε
1836 1803 1991 1851 χρυσέων
2011 1801 2182 1850 δράκοντα
2199 1800 2271 1848 μή·-

1256 1849 1326 1886 λων
1345 1850 1494 1898 φύλακα.
1525 1869 1566 1875 -
1600 1853 1690 1884 Haec
1707 1853 1736 1884 si
1753 1853 2014 1884 consideraveris
2027 1876 2035 1892 ,
2055 1852 2203 1893 primum
2219 1858 2275 1881 re·-

1256 1901 1387 1941 peries,
1416 1900 1453 1931 in
1479 1900 1717 1941 componendis
1741 1900 1879 1941 paribus
1904 1899 2045 1930 minime
2060 1899 2119 1930 illa
2133 1898 2272 1938 potissi-

1258 1957 1351 1978 mum
1375 1956 1487 1979 carere
1511 1948 1670 1986 articulo,
1704 1948 1827 1987 quibus
1852 1946 2056 1979 adiectivum
2079 1944 2273 1986 explicandi

1256 1995 1361 2034 gratia
1378 1995 1528 2026 additum
1546 1995 1608 2026 sit:
1630 1994 1690 2025 Ph.
1705 1991 1784 2026 343.
1806 1993 1861 2026 OG
1878 1990 1979 2025 1605.
1998 1993 2053 2025 Ai.
2068 1988 2148 2025 492.
2186 1991 2271 2023 Nam

1257 2045 1292 2073 et
1308 2052 1383 2074 cum
1400 2042 1579 2083 utrobique
1597 2042 1760 2073 adiectivo
1776 2051 1858 2073 usus
1874 2043 1973 2082 poeta
1988 2043 2051 2081 est,
2072 2048 2140 2071 non
2157 2039 2272 2070 minus

1257 2090 1369 2121 crebro
1394 2090 1538 2121 alterum
1561 2089 1701 2120 articulo
1724 2097 1836 2120 carere
1858 2088 2069 2127 invenimus,
2098 2086 2194 2118 velut
2214 2084 2270 2117 OC

1256 2133 1312 2169 55.
1345 2133 1424 2168 545.
1456 2133 1557 2168 1563.
1589 2133 1690 2168 1595.
1734 2136 1819 2168 Ant.
1850 2131 1927 2167 199.
1970 2135 2026 2166 Ai.
2053 2129 2134 2166 649.
2163 2128 2266 2164 1389.

1257 2184 1346 2223 Quin
1379 2184 1542 2216 adiectivo
1574 2187 1610 2215 et
1642 2183 1853 2215 substantivo
1877 2182 2030 2221 additur,
2059 2179 2270 2212 substantivo

1256 2231 1346 2263 nude
1369 2232 1478 2271 posito
1504 2230 1711 2262 detrahitur:
1741 2230 1803 2263 Ph.
1834 2226 1936 2262 1374.
1965 2225 2066 2261 1466.
2103 2227 2162 2260 OR
2183 2223 2264 2258 417.

1255 2278 1311 2310 OC
1331 2275 1420 2310 1399
1433 2303 1442 2320 ,
1470 2287 1512 2309 ne
1529 2278 1666 2309 nomina
1682 2278 1817 2318 propria
1833 2284 2069 2315 memoremus,
2089 2275 2127 2306 in
2144 2274 2268 2315 quibus

1255 2326 1366 2357 omitti
1389 2326 1487 2366 paulo
1508 2326 1647 2356 liberius
1671 2334 1738 2356 non
1763 2325 1942 2364 miramur,
1970 2323 2031 2354 Ph.
2052 2318 2133 2354 490.
2160 2317 2263 2352 1220.

1257 2369 1358 2404 1285.
1381 2369 1482 2404 1294.
1519 2373 1652 2404 Deinde
1677 2372 1918 2403 adiectivorum
1938 2369 2142 2402 substantivi
2156 2367 2266 2400 nomi-

1254 2420 1307 2451 nis
1325 2420 1415 2451 vices
1433 2420 1606 2451 tuentium
1623 2420 1720 2450 alteri
1736 2419 1869 2450 additus
1886 2418 2072 2459 reperitur,
2098 2425 2166 2447 non
2182 2415 2266 2446 item

1253 2468 1360 2507 alteri,
1382 2466 1438 2499 OC
1452 2463 1485 2498 5.
1515 2466 1686 2498 Postremo
1704 2475 1800 2498 casus
1818 2465 1993 2497 nominum
2009 2463 2265 2496 adverbiascen-

1253 2517 1306 2545 tes
1334 2517 1368 2545 et
1391 2514 1582 2545 adsciscunt
1606 2517 1640 2545 et
1664 2514 1843 2553 omittunt,
1874 2512 1928 2544 ΕΙ.
1952 2507 2052 2543 1023.
2089 2509 2155 2543 Sed
2180 2518 2266 2541 non-

1254 2561 1347 2593 nulla
1366 2570 1447 2592 sane
1463 2562 1510 2592 ita
1527 2563 1714 2601 comparata
1730 2563 1811 2591 sunt
1827 2562 1866 2591 ut
1882 2559 2046 2590 articulus
2062 2553 2130 2590 ἀπὸ
2146 2557 2263 2589 κοινοῦ

1253 2609 1388 2649 utrique
1413 2609 1543 2640 nomini
1565 2608 1742 2640 adhaerere
1766 2606 1940 2648 putandus
1957 2606 2021 2646 sit,
2047 2604 2187 2636 liberius
2203 2603 2262 2634 ille

1253 2665 1296 2687 ex
1320 2656 1423 2687 altero
1445 2655 1717 2687 subaudiendus:
1739 2654 1800 2686 Ph.
1823 2650 1926 2685 1466.
1953 2652 2012 2684 ΟΒ,
2027 2648 2117 2692 934,
2145 2651 2203 2683 ubi
2220 2659 2264 2681 ex

1253 2700 1351 2736 πόσει
1367 2701 1417 2747 τῷ
1435 2702 1488 2747 σῷ
1506 2706 1594 2734 recte
1612 2702 1739 2743 patitur
1754 2702 1791 2732 in
1809 2700 2029 2742 praecedente
2048 2696 2168 2742 δόμοις
2185 2697 2264 2729 sub-

1252 2750 1361 2781 audiri
1384 2751 1458 2786 τοῖς
1483 2751 1573 2786 σοῖς;
1612 2750 1693 2780 item
1718 2748 1773 2780 OC
1797 2744 1884 2788 850,
1913 2747 1974 2779 ubi
1996 2750 2132 2787 propter
2154 2745 2264 2786 priora

1252 2794 1398 2841 πατρίδα
1421 2807 1458 2829 τε
1483 2795 1545 2837 τὴν
1569 2793 1633 2841 σὴν
1658 2796 1707 2828 sic
1731 2795 1922 2835 cogitanda,
1950 2802 2035 2836 quae
2057 2795 2260 2833 sequuntur,

1251 2842 1310 2876 καὶ
1335 2841 1457 2888 φίλους
1483 2841 1563 2880 τοὺς
1590 2840 1680 2880 σούς.
1717 2843 1794 2874 Alia
1818 2846 1901 2873 sunt
1925 2841 1984 2873 sed
2001 2840 2117 2872 eadem
2134 2839 2263 2870 ratione

1251 2891 1429 2922 iudicanda
1446 2889 1500 2922 OC
1521 2886 1621 2922 1563.
1646 2886 1747 2921 1595.
2038 2885 2088 2930 (ΙΙ
2105 2896 2138 2927 p.
2159 2882 2264 2930 249.)

1323 2934 1356 2970 6.
1385 2938 1555 2969 Postremo
1572 2937 1612 2968 de
1630 2937 1841 2968 collocatione
1853 2935 1986 2966 articuli
2001 2943 2108 2976 pauca
2122 2933 2263 2965 dicenda

1253 2988 1351 3016 sunt:
1373 2985 1471 3025 longe
1487 2985 1673 3025 plurimum
1690 2984 1781 3015 enim
1793 2993 1812 3015 a
1823 2991 1938 3024 prosae
1952 2981 2110 3014 orationis
2122 2990 2187 3013 usu
2200 2980 2263 3012 hac

1252 3033 1289 3063 in
1312 3041 1348 3063 re
1371 3041 1438 3063 non
1456 3032 1631 3072 discrepat.
1662 3048 1704 3054 -
1729 3031 1781 3062 De
1806 3030 1923 3062 vocula
1946 3038 2024 3061 cum
2041 3027 2261 3060 substantivis

1252 3079 1307 3110 vel
1324 3079 1611 3110 substantivorum
1629 3087 1754 3109 munus
1769 3077 1975 3118 gerentibus,
1996 3085 2073 3107 cum
2089 3075 2263 3107 adiectivis

1253 3130 1288 3158 et
1303 3126 1508 3166 participiis,
1536 3129 1609 3157 tum
1632 3125 1831 3164 infinitivis,
1859 3125 1941 3155 item
1966 3123 2008 3154 de
2031 3122 2184 3154 formulis
2201 3121 2262 3153 ad-

1253 3173 1366 3205 verbio
1388 3173 1442 3204 vel
1458 3172 1705 3214 praepositione
1722 3172 1870 3212 praefixo
1887 3170 2025 3202 articulo
2043 3169 2172 3201 effectis
2189 3167 2261 3199 dis-

1252 3220 1365 3260 putari
1388 3229 1454 3251 non
1480 3229 1577 3260 opus.
1620 3219 1734 3250 Etiam
1751 3229 1827 3250 cum
1845 3218 1994 3257 genitivo
2011 3226 2088 3248 casu
2105 3217 2260 3248 iunctum

1253 3276 1375 3299 nomen
1401 3267 1542 3298 articulo
1564 3266 1754 3307 praeditum
1777 3266 1978 3306 plerumque
2001 3272 2118 3305 prosae
2137 3263 2261 3294 oratio-

1253 3314 1306 3345 nis
1322 3323 1421 3345 usum
1438 3314 1604 3354 sequitur,
1620 3316 1658 3345 ut
1675 3314 1845 3353 genitivus
1861 3315 1918 3345 ille
1935 3314 1990 3345 vel
2006 3313 2156 3344 medium
2169 3312 2261 3344 inter

1251 3361 1430 3392 articulum
1449 3364 1483 3392 et
1510 3369 1632 3392 nomen
1650 3361 1759 3392 locum
1786 3364 1916 3400 teneat,
1945 3361 1999 3393 vel
2022 3364 2254 3402 postponatur,
2285 3362 2288 3388 ἶ

1251 3408 1323 3439 sive
1341 3408 1414 3448 ipse
1431 3408 1612 3438 articulum
1638 3408 1792 3439 comitem
1810 3408 1983 3448 habuerit,
2010 3409 2082 3439 sive
2106 3417 2172 3440 non
2197 3409 2258 3440 ha-
