2288 3600
311 177 410 228 584
1268 173 1413 231 Οὗτος
1644 175 1650 178 ”
2041 186 2092 233 [11
2105 187 2142 231 iv:
2162 142 2266 218 -=·1·⁴

309 294 376 342 ἐγὼ
393 297 499 328 ταῦτα
524 292 604 328 626.
656 291 781 332 κείνοις
806 291 965 338 μεθεῖναί
994 295 1102 326 ταῦτα
1126 289 1207 324 772.
1266 291 1324 325 καὶ
1364 289 1464 324 1313.
1524 293 1642 325 Alead.
1670 294 1712 325 fr.
1736 289 1815 334 105,
1838 290 1869 326 1.
1897 293 2002 336 Hipp.
2028 290 2119 337 274,
2149 292 2182 334 1.
2200 298 2257 323 --’

305 340 396 376 ταῦτ’
414 339 534 388 ἀληθῆ
552 341 634 387 δρᾶν
652 343 764 383 νοεῖς;
784 338 865 374 921,
917 338 970 378 οἷς
996 338 1035 373 σὺ
1059 337 1166 373 ταῦθ’
1193 336 1324 385 ὑπηρε-
1359 339 1435 371 dem
1464 340 1549 372 ratio
1580 340 1791 381 pronominis
1823 351 1900 373 eum
1917 342 1983 374 alio
2004 343 2202 383 pronomine
2222 349 2249 376 ι’
2267 366 2269 371 -

305 392 378 427 τεῖς
405 387 506 423 1024.
567 386 651 435 φίλα
675 389 783 422 ταῦτα
807 385 1039 434 παρήγγειλας
1067 385 1181 425 ἑκόντι
1211 384 1322 431 πράσ-
1358 387 1481 419 iectivo
1498 387 1590 419 dieti.
1641 388 1736 421 τοῦτ’
1762 385 1844 422 αὐτὸ
1868 386 1969 422 τοῦτό
1995 389 2030 434 μ’
2053 387 2161 431 εἰσαεὶ
2189 396 2247 436 φο·
2265 428 2277 432 Η

308 446 375 469 σειν
397 434 487 468 1178
513 436 563 469 ch.
597 433 675 470 οἶδα
697 436 824 476 ταῦτα,
851 429 927 494 τῇδ’
953 432 1080 482 ἔχοντα
1107 431 1209 467 1336.
1270 431 1324 467 δεῖ
1360 430 1461 466 1013.
1492 450 1533 458 -
1562 431 1630 479 ἐγὼ
1655 432 1683 467 δ’
1707 431 1899 480 ἀλγύνομαι
1922 435 2012 469 τοῦτ’
2049 433 2134 471 αὐτό
2168 437 2230 471 Ph.
2266 439 2269 442 '

306 481 465 529 γενέσθαι
479 485 587 516 ταῦτα
606 480 708 516 1339.
750 476 840 516 ταῦτ’
861 493 920 516 ουν
939 479 1014 515 ἐπεὶ
1037 477 1205 515 κάτοισθα
1217 477 1318 513 1343.
1357 482 1439 514 τοῦτ
1463 478 1545 514 αὐτὸ
1568 483 1628 514 νῦν
1656 492 1723 526 μου
1748 482 1860 527 πρῶτ’
1887 479 2036 519 ἄκουσον
2060 482 2109 522 ὡς
2127 481 2197 530 ἐρῶ
2214 485 2259 518 Ο·
2284 523 2286 525 ‚

305 532 413 564 ταῦτα
437 527 536 569 λέξας
563 528 664 563 1382.
725 528 783 564 καὶ
807 528 861 564 σοὶ
882 531 990 564 ταῦτα
1018 522 1196 575 παρῄνεσα
1216 525 1317 560 1433.
1357 529 1453 562 τοῦτ’
1477 525 1557 562 αὐτὸ
1585 526 1637 609 μὲ
1661 539 1720 573 μοι
1748 527 1855 574 φράζε
1880 527 1960 562 548.
2019 530 2109 564 τοῦτ’
2134 529 2225 566 αὐτὸ·
2265 554 2270 573 ;

307 575 439 623 δαίμων
458 576 495 615 ὃς
511 575 604 612 ταῦτ’
626 574 825 634 ἐπέκρανενΧ
842 574 932 610 1468
957 587 1012 609 an.
1055 578 1163 631 ταῦτα
1176 577 1251 635 τοῖς
1270 573 1319 620 μὴ
1358 574 1462 631 ὃασκε
1495 575 1550 609 00
1567 573 1613 608 57
1642 599 1649 607 .
1708 576 1807 638 ‘rob-r:
1835 573 1913 611 αὔτ’
1940 574 1960 611 ἔ
1986 576 2091 623 ρῃζον
2104 577 2210 613 τοῦτό
2225 580 2269 612 σί

305 634 399 706 {2315
402 625 507 704 ‘3123‘
527 621 993 719 ῗιὸῗάῡέοὲιυίἷωέἷὶιζζέῗζῗ
1014 621 1036 704 ξ
1060 620 1322 715 {12‘35’50252‘21
1357 619 1444 703 33ζέ
1452 623 1512 715 Τὲἦ
1538 619 1730 704 ἓὲιὸξαέἓῗ
1747 622 1973 718 affl&
1987 622 2248 705 ’Τεῗὲοῧῗὸζ
2260 652 2275 673 '-

326 717 424 764 ηθὼς
447 714 542 752 ταῦτ’
564 717 616 753 ἀεὶ
639 716 746 759 λέξειν
774 717 910 760 δοκεῖς;
947 716 1026 751 368.
1071 716 1093 763 ἦ
1117 719 1225 751 ταῦτα
1249 711 1318 762 δῆτ’
1355 718 1448 750 ταῦτ’
1474 715 1509 750 ἐν
1536 714 1675 764 εὐχερεῖ
1698 714 1781 751 ἔθου
1807 719 1867 751 Ph.
1895 716 1977 753 875.
2033 721 2141 754 ταῦτα
2172 717 2220 754 π’

305 764 431 800 ανεκτὰ
449 766 536 825 πρὸς
550 763 672 800 τούτου
690 764 827 808 κλύειν;
847 762 927 798 429.
981 763 1045 799 οὐκ
1069 762 1128 799 οὖν
1157 762 1196 798 σὺ
1229 759 1318 798 ταῦτ’
1357 762 1501 798 σκ’πτω
1527 761 1639 798 τελεῖν
1671 764 1730 797 OR
1753 762 1834 798 252.
1891 763 2010 805 καλῶς
2039 762 2177 801 ἅπαντα

305 812 328 848 ἅ
351 824 441 851 ιστος
458 812 624 858 ευρίσκειν
644 812 747 860 ἕφυς;
767 811 847 846 440.
891 806 984 847 ταῦτ’
1003 811 1063 847 ἰὼν
1081 810 1165 846 ε’ίσω
1182 809 1319 858 λογίζου
1358 808 1511 857 ἐξειρητό
1539 822 1590 846 σοι
1615 808 1695 846 984.
1748 810 1860 847 πάντα
1883 811 1982 848 ταῦθ’
2041 824 2111 848 σσω
2144 811 2229 860 λαβε
2264 815 2272 833 ”

306 824 386 893 460.
430 856 526 894 ταῦτ’
558 858 755 906 ἐβουλεύσω
773 862 906 902 ποιεῖν;
945 857 1023 893 537.
1077 857 1236 906 Εὐμφημί
1269 868 1321 892 σοι
1356 857 1490 904 πέφυκε
1507 861 1569 904 τῆς
1588 856 1677 917 ἐμῇς
1695 857 1866 905 σωτηρίας
1892 861 1976 894 Ant.
1998 858 2022 893 4
2047 857 2081 897 9.
2131 863 2262 901 ταῦτα

304 901 396 942 ταῦτ’
415 901 517 942 ἔνδικ’
544 905 703 953 εἰρῆσθαι
727 905 808 940 553.
859 900 965 942 ταῦθ’
992 905 1071 941 ὅταν
1104 906 1210 953 ζητῇς
1236 903 1316 938 658.
1358 907 1418 940 σοῦ
1432 904 1599 945 θανόντος
1624 904 1777 953 ευρόμην
1795 907 1851 940 Ai.
1876 904 1980 942 1023.
2040 905 2176 956 οἴχεται
2200 907 2259 955 tir·

303 953 401 1002 κάγὼ
418 953 603 993 ’πακούσας
627 957 734 989 ταῦτα
759 952 839 988 794.
892 952 953 1014 ἄρ’
980 951 1044 988 οὐκ
1062 952 1101 988 ἂν
1118 956 1226 987 ταῦτα
1242 950 1320 999 κρί-
1355 955 1455 987 ταῦτ’
1489 951 1678 1000 ἐρριμμένα
1705 951 1806 987 1271.
1866 953 1971 1001 μητρὶ
1997 957 2105 990 ταῦτα
2128 954 2231 990 πάντ’
2260 955 2261 958 ’

302 1014 371 1037 νων
388 1000 430 1036 ἂν
448 1000 572 1049 ὀρθοίη
598 1000 723 1049 λόγονς
748 999 829 1035 828.
890 1012 1015 1036 ουκουν
1043 1000 1111 1048 ἐγώ
1138 1012 1190 1035 σοι
1213 1003 1321 1035 ταῦτα
1358 999 1402 1047 σῇ
1434 1001 1489 1035 ΕΙ.
1529 998 1630 1034 1033.
1696 1000 1738 1035 τὰ
1777 1003 1863 1036 ποῖα
1892 1005 2021 1046 ταῦτα;
2065 1003 2123 1036 OR
2154 1000 2234 1038 291.
2260 1030 2262 1036 ,

303 1047 492 1096 προῦλεγον
509 1048 637 1093 πάλαι;
658 1047 737 1083 973.
790 1048 808 1084 ὁ
833 1047 913 1088 δοὺς
938 1047 975 1082 δὲ
998 1049 1095 1082 ταῦτ’
1124 1046 1212 1094 ἐμοῦ
1228 1047 1320 1093 λῷον
1357 1048 1412 1081 OG
1437 1045 1518 1082 893.
2255 1051 2257 1055 ’

303 1099 423 1145 φρονεῖ
449 1095 550 1130 1038.
618 1094 649 1130 εἴ
674 1107 710 1130 σε
741 1098 834 1131 ταῦτ’
867 1094 1036 1143 ἐρήσομαι
1069 1094 1172 1130 πάλιν
1217 1093 1318 1129 1166.
1426 1096 1522 1128 Adde
1539 1094 1613 1130 καὶ
1631 1093 1761 1134 οὗτος
1787 1100 1818 1128 et
1841 1099 1869 1129 is
1891 1107 1918 1129 s.
1946 1099 1978 1128 et
2002 1098 2146 1139 quidem.
2219 1096 2262 1126 ⁷-·'

301 1147 409 1178 ταῦτα
426 1144 584 1179 διειδέναι
600 1144 655 1177 OG
672 1141 752 1177 295.
804 1146 912 1178 ταῦτα
929 1141 998 1178 Φοῖ
1024 1156 1060 1182 ος
1084 1142 1233 1189 εἰρηκὼς
1256 1155 1321 1178 κυ-
1358 1141 1487 1189 δασμόν
1507 1169 1560 1185 ...,
1581 1142 1640 1177 καὶ
1655 1141 1752 1178 ταῦθ’
1769 1140 1832 1190 ὑφ’
1849 1141 1953 1189 ἡμῶν
1977 1143 2077 1179 οὐδὲν
2103 1142 2258 1186 ἐξειδὼς

303 1195 373 1238 ρεῖ;
401 1189 481 1225 414.
545 1189 641 1238 ἀλγῶ
672 1189 827 1226 κλύουσα
857 1194 965 1226 ταῦτα
1012 1189 1068 1225 20.
1127 1189 1237 1225 ταῦτά
1270 1202 1320 1225 σοι
1356 1191 1414 1223 OR
1432 1189 1487 1224 37.
1531 1193 1673 1225 τοιαῦτα
1690 1188 1837 1236 ὕβρισεν,
1868 1189 1928 1225 καὶ
1951 1193 2060 1227 ταῦτα
2083 1191 2257 1239 τηλικο·

304 1235 462 1286 δράσαντι
480 1236 560 1272 490.
605 1236 638 1273 τί
654 1241 761 1273 ταῦτα
775 1238 875 1285 πειρᾷ
891 1253 954 1281 -;
974 1236 1054 1271 763.
1108 1236 1186 1272 οἶδα
1202 1236 1265 1285 γάρ
1284 1249 1320 1272 σε
1356 1236 1436 1271 614.
1489 1237 1548 1272 καὶ
1574 1233 1673 1272 ταῦτ’
1710 1237 1761 1272 ἐπ’
1774 1236 1913 1285 ἀργυρῷ
1929 1250 1967 1285 γε
1991 1238 2054 1285 τὴν
2071 1238 2191 1287 ψυχὴν
2230 1236 2265 1283 χ’

302 1289 410 1320 ταῦτα
438 1286 486 1332 μὴ
511 1284 641 1332 πείθων
668 1283 747 1320 797.
809 1286 856 1324 ὡς
883 1284 926 1331 δὴ
945 1285 984 1320 σὺ
1003 1283 1147 1332 βραχέα,
1167 1289 1276 1320 ταῦτα
1292 1284 1319 1319 δ’
1356 1286 1438 1318 Ant.
1459 1283 1539 1318 322.
1555 1311 1563 1327 ‚
1600 1287 1661 1328 qui
1678 1286 1835 1319 Creontis
1861 1296 1970 1320 sermo
1984 1289 2100 1321 nuntii
2124 1289 2270 1330 verbs„

304 1332 339 1368 ἐν
356 1333 470 1380 καιρῷ
485 1332 595 1380 λέγεις
611 1331 693 1367 809.
738 1331 802 1368 ούκ
817 1332 985 1381 ἠγόρευον
1001 1331 1101 1367 ταῦτ’
1120 1331 1208 1379 ἐγώ;
1234 1331 1315 1367 838.
1355 1344 1388 1365 v,
1410 1330 1490 1366 321.
2077 1334 2122 1377 (H
2137 1346 2171 1377 p.
2191 1333 2237 1370 45
2252 1342 2264 1374 ις’

303 1380 404 1427 ὁρᾶτε
421 1384 547 1423 ταῦτα;
567 1378 649 1414 871.
701 1378 790 1419 Ζεὺς
811 1375 903 1415 ταῦτ’
930 1379 970 1415 ἂν
995 1379 1104 1438 εἰδείη
1129 1378 1208 1414 882.
1239 1378 1320 1425 [quo

301 1431 370 1462 loco
395 1430 550 1462 laounoso
574 1427 682 1468 ζεῦστ’
700 1426 742 1463 ἂν
772 1429 874 1461 habet
897 1430 956 1461 LA
978 1430 1013 1460 in
1040 1426 1130 1466 Ζευς
1154 1430 1246 1462 ταῦτ’
1278 1426 1318 1462 ἂν
1425 1430 1458 1459 b.
1488 1428 1556 1461 Sed
1589 1429 1618 1460 si
1643 1427 1801 1460 adiective
1829 1429 1959 1462 dictum
1991 1429 2188 1464 nominibus

302 1476 474 1509 mutatum
491 1488 509 1509 a
526 1477 703 1517 dim-thom,
731 1479 770 1508 ut
795 1480 848 1508 est
871 1478 907 1508 in
933 1475 1160 1518 apographis]
1212 1477 1320 1509 ταῦτα
1354 1484 1420 1508 non
1438 1476 1534 1508 modo
1550 1476 1661 1517 priora
1684 1476 1845 1518 respicit,
1875 1476 1935 1508 sed
1960 1477 2130 1517 signifieat
2165 1492 2197 1507 :a
2235 1480 2258 1515 ,ᾗ

302 1534 355 1558 σοι
376 1549 382 1555 .
407 1549 414 1556 .
439 1550 445 1556 .
472 1522 564 1570 λέγω
589 1519 671 1557 935.
729 1525 822 1557 ταῦτ’
854 1520 895 1557 ἂν
930 1522 994 1557 οὐκ
1030 1521 1200 1568 ἔπρασσον
1234 1520 1313 1556 951.
1354 1523 1440 1565 quod
1456 1525 1725 1563 memoravimus,
1746 1525 1841 1555 euius
1857 1523 1949 1564 apud
1972 1533 2033 1556 nos
2056 1525 2257 1563 recordans,

300 1572 407 1605 ταῦτα
425 1568 607 1615 δυστομεῖν
630 1567 711 1603 986.
755 1571 848 1605 ταῦτ’
873 1569 1043 1618 έμηχάνω
1064 1567 1165 1603 1035.
1224 1571 1316 1604 ταῦτ’
1354 1574 1420 1611 tur,
1442 1570 1475 1602 z'd
1493 1570 1580 1611 quod
1596 1579 1744 1602 sermone
1760 1572 1930 1612 trivimus,
1958 1571 2045 1613 quod
2067 1575 2188 1605 notum
2208 1587 2234 1601 μ

301 1616 359 1665 ἀφ’
378 1616 476 1663 ὑμῶν
497 1616 713 1664 βουλ’σομαι
731 1621 850 1665 κυρεῖν
869 1615 950 1663 ἐμοί
969 1615 1072 1651 1289.
1114 1619 1221 1651 ταῦτα
1249 1615 1320 1652 ἔστι
1355 1619 1410 1659 qui
1433 1618 1565 1650 adsunt.
1626 1618 1719 1650 Haeo
1735 1618 1840 1658 igitur
1866 1619 2075 1660 pronominis
2098 1620 2152 1653 vis
2174 1617 2258 1664 noni-³-

303 1677 362 1712 μοι
378 1676 420 1700 κο
451 1668 528 1700 πεῖν
549 1663 591 1698 13
617 1663 650 1698 4.
686 1661 776 1700 ταῦτ’
798 1663 950 1705 ἀκούσας
968 1668 1082 1714 στεῖχε
1111 1662 1212 1698 1393.
1257 1662 1275 1698 6
1303 1664 1318 1672 '⁴
1354 1667 1438 1697 etiea
1456 1666 1582 1707 potius,
1603 1675 1706 1707 quam
1718 1665 1824 1698 ethica
1835 1666 1982 1699 vocanda
1998 1669 2063 1700 est.
2085 1684 2127 1691 -
2144 1667 2162 1710 ΙΙ
2199 1704 2204 1706 ,

299 1714 399 1747 ταῦτ’
439 1711 543 1747 πάντ’
569 1711 692 1758 Dind.]
716 1711 769 1747 ἀεὶ
791 1711 916 1761 χρόνος
942 1711 1032 1746 1453
1056 1713 1107 1745 oh.
1160 1709 1255 1750 ὅπως
1279 1676 1319 1747 δε
1355 1709 1455 1750 οὗτος
1475 1738 1481 1745 .
1506 1738 1513 1745 .
1537 1737 1544 1744 .
1575 1710 1713 1750 οὐδενὸς
1730 1709 1871 1759 ὕστερος
1888 1713 1950 1747 Ph.
1973 1710 2040 1746 180
2057 1714 2110 1748 oh.
2149 1712 2198 1749 δυ’
2227 1716 2258 1735 '¹'-

300 1762 392 1804 ταῦτ’
422 1758 561 1807 ἔδρασεν
598 1758 700 1794 1638.
766 1763 874 1794 ταῦτα
906 1759 1101 1807 πράσσοντα
1137 1757 1227 1793 1764
1260 1771 1314 1792 an.
1360 1758 1389 1802 (6
1407 1758 1507 1803 παῖς)
1531 1757 1617 1806 λέγῃ
1638 1757 1739 1792 1073.
1790 1758 1937 1794 τότόὗν
1955 1759 1973 1795 ὁ
1999 1759 2118 1806 μάντις
2144 1759 2257 1802 οὗτοςι

299 1808 391 1843 ταῦτ’
410 1805 470 1842 οὖν
488 1805 611 1842 ἔκλυεν
640 1806 774 1854 δαίμων
802 1805 892 1841 1766
914 1820 968 1841 an.
1008 1810 1116 1842 ταῦτα
1140 1806 1320 1855 προκηρύ-
1354 1806 1398 1854 τῇ
1415 1805 1544 1855 τέχνῃ;
1573 1807 1631 1840 OR
1655 1804 1736 1840 562.
1781 1808 1839 1840 ille
1865 1809 2015 1841 multum
2042 1818 2190 1843 memore
2213 1824 2218 1838 ι

300 1853 402 1894 ξοντα
418 1855 506 1900 Ant.
522 1853 578 1890 33.
630 1856 723 1890 ταῦτ’
750 1853 888 1890 ἀκούειν
913 1853 969 1888 64.
1031 1853 1061 1888 εἰ
1084 1856 1191 1889 ταῦτα
1213 1853 1320 1895 λέξεις
1357 1856 1435 1888 sias.
1489 1858 1562 1892 πῶς
1588 1852 1647 1888 οὖν
1670 1852 1750 1889 τόθ’
1778 1851 1877 1893 οὗτος
1899 1852 1917 1889 ὁ
1943 1866 1981 1890 σο
2012 1854 2049 1894 ὸς
2073 1854 2138 1890 οὐκ
2161 1854 2239 1903 ηὖ

300 1900 357 1935 94.
400 1904 509 1949 ταῦτα
533 1900 699 1949 ἐρρόθουν
726 1901 806 1948 ἐμοί
821 1899 903 1936 289.
955 1901 985 1936 εἰ
1003 1901 1040 1936 δὲ
1056 1905 1165 1936 ταῦτα
1182 1901 1231 1948 μὴ
1252 1914 1321 1948 φα-
1355 1899 1436 1935 568.
1481 1903 1548 1935 ποῦ
1566 1899 1628 1936 ’σθ’
1646 1899 1664 1935 6
1684 1904 1801 1949 χῶρος
1826 1899 1926 1941 οὗτος
1945 1867 2025 1936 732.
2077 1904 2171 1944 Quod
2206 1920 2232 1934 -..

299 1948 391 1984 νεϊτέ
413 1961 474 1996 μοι
495 1948 576 1988 τοὺς
602 1949 754 1996 δρῶντας
780 1947 860 1983 324.
913 1948 952 1984 οὐ
979 1948 1189 1996 μαρτυρ’σει
1212 1952 1320 1984 ταῦτα
1355 1950 1473 1991 quitur
1490 1947 1529 1983 οὔ
1556 1950 1816 1991 explicationem
1833 1951 1978 1991 priorem
1995 1952 2161 1993 eontinet,
2189 1956 2251 1981 ι·,..’

301 1994 382 2030 515.
434 1995 467 2031 τί
482 1990 576 2031 ταῦτ’
593 1995 689 2043 ἀνιᾷς
768 1995 849 2030 550.
884 2000 992 2031 ταῦτα
1008 1996 1100 2043 λέγω
1112 1961 1199 2029 908.
1227 1997 1318 2031 ταῦτ’
1355 2000 1411 2030 tur
1429 2007 1467 2030 eo
1482 2006 1679 2039 pronomen.
1729 1994 1829 2035 οὗτος
1853 1995 1891 2031 δὲ
1907 1995 1958 2036 τίς
1975 1998 2051 2032 ποτ’
2067 1996 2158 2040 ἐστίς
2178 1995 2200 2032 9

303 2040 398 2090 ἔδοξ’
431 2042 637 2090 ἁμαρτάνειν
671 2008 751 2078 914ε.
809 2046 919 2079 ταῦτα
949 2047 1045 2079 νοσεῖ
1078 2042 1176 2082 πόλις
1212 2042 1314 2078 1015.
1353 2041 1472 2087 οὗτος;
1501 2042 1603 2077 1041.
1663 2041 1763 2078 κᾶστ’
1797 2041 1847 2078 ἔτι
1880 2043 1948 2084 ζῶν
1979 2042 2089 2083 οὗτος.
2135 2043 2248 2084 1045,Δ

299 2091 392 2126 ταῦτ’
410 2089 470 2126 οὖν
489 2102 512 2137 φ
536 2090 661 2138 όνησον
681 2088 783 2125 1023.
834 2094 927 2125 ταῦτ’
952 2090 1106 2139 ἄθρησον
1132 2090 1162 2124 εἰ
1186 2103 1317 2138 κατηρ-
1352 2092 1464 2124 omnia
1480 2093 1619 2132 synesin
1637 2092 1764 2124 habent
1788 2093 2075 2127 substantivorum
2099 2092 2228 2140 ποιμήν

322 2137 498 2185 υρωμένος
514 2102 606 2185 λέγω
627 2134 727 2172 1077.
763 2137 822 2173 καὶ
837 2141 929 2173 ταῦτ’
947 2138 1097 2177 ἐπαινεῖς
1118 2151 1178 2178 ——3
1211 2137 1312 2172 1102.
1350 2138 1428 2185 τήρ,
1446 2140 1610 2180 proximis
1635 2139 1913 2181 praecedentium
1936 2141 2107 2182 versibus3
2135 2141 2172 2183 pl
2202 2155 2249 2185 ι.

300 2151 403 2231 3ροεῖ
417 2183 529 2244 Λίχας
547 2185 565 2220 ὁ
582 2184 693 2235 κῆρυξ
707 2188 816 2220 ταῦτα
833 2187 889 2219 Tr.
913 2184 990 2220 188.
1042 2188 1150 2220 ταῦτα
1188 2184 1230 2232 ἀρ
1249 2186 1315 2221 πό-
1350 2183 1506 2233 εὕρισκον
1524 2184 1614 2220 ἰἀσιν
1634 2185 1760 2232 μόνην,
1781 2184 1911 2233 ταύτην
1929 2185 2060 2234 ἔπραξα
2083 2188 2142 2221 OB
2158 2185 2225 2226 60..
2241 2186 2254 2234 ιζ’

302 2231 352 2271 oie
376 2242 413 2267 τε
441 2242 499 2271 σος
525 2231 645 2283 ἐφεῖτο
667 2231 748 2266 285.
808 2235 917 2268 ταῦτα
939 2232 1065 2268 πολλοὶ
1087 2198 1313 2278 συνεέήκουον
1371 2232 1558 2279 ’ἐκβαλεῖν
1575 2231 1655 2267 849.
1686 2244 1731 2266 so.
1759 2231 1899 2272 τοῦπος.
1949 2234 2039 2268 τοῦτ’
2073 2232 2113 2268 ἔλ
2152 2235 2170 2249 “’
2210 2235 2244 2279 Ιζ

301 2278 380 2314 371.
441 2278 553 2319 πολύς
585 2289 645 2314 σου
677 2283 786 2314 ταῦτα
818 2283 847 2328 γ’
883 2279 1055 2327 εἰσήκουσ’
1089 2279 1196 2328 ὄχλος
1228 2279 1309 2314 424.
1349 2246 1443 2314 1366
1460 2291 1505 2314 m.
1535 2291 1581 2315 so.
1600 2280 1640 2316 τὸ
1656 2279 1777 2316 κακόν.
1827 2278 1993 2323 τούτοισι,
2020 2279 2110 2316 κούκ
2206 2300 2211 2309 u
2247 2325 2250 2327 Α

299 2328 407 2361 ταῦτα
425 2321 494 2362 οὔτ’
512 2326 586 2362 εἶπε
603 2326 765 2374 κρύπτειν
787 2354 793 2361 .
817 2354 823 2361 .
848 2354 855 2361 .
884 2326 965 2361 479.
1009 2330 1118 2362 ταῦτα
1136 2326 1220 2374 δρᾶν
1229 2325 1308 2361 490.
1352 2326 1565 2373 μοσθήσεται
1583 2329 1638 2362 OG
1657 2326 1736 2361 908.
1759 2338 1806 2362 so.
1825 2326 1955 2373 νόμοις.
1987 2327 2119 2364 τούτων
2137 2328 2191 2364 ἐν

299 2373 358 2423 καὶ
372 2375 465 2408 ταῦτ’
485 2372 574 2424 ἄγῃς·
589 2372 671 2408 495.
724 2373 836 2409 *ταῦτ’
852 2373 937 2434 ἔτλη
953 2374 1028 2423 χεὶρ
1045 2373 1219 2423 γυναικεία
1235 2375 1313 2410 κτί-
1349 2374 1479 2410 πινίκια
1496 2377 1549 2408 El.
1571 2373 1652 2409 692.
1680 2386 1726 2409 so.
1750 2373 1888 2422 δρόμων
1905 2375 1965 2410 καὶ
1987 2373 2147 2411 διαύλων.
2221 2375 2224 2381 ’
2240 2414 2242 2416 ,

301 2423 373 2465 σοι,
396 2419 476 2466 ,898-
497 2423 549 2455 oh.
580 2419 674 2466 [secl.
703 2421 840 2468 Herm]
879 2434 943 2457 κου
973 2426 1081 2457 ταῦτα
1112 2421 1226 2470 λόγχη
1239 2423 1277 2457 ἓ.
1302 2449 1309 2457 .
1350 2422 1384 2457 έν
1401 2421 1550 2457 τούτοισι
1573 2421 1654 2457 703.
1677 2434 1724 2456 so.
1753 2420 2012 2469 ἁρματηλάταις
2041 2434 2069 2456 s.
2099 2422 2195 2470 ἁρμό
2242 2469 2244 2471 ¹

301 2461 424 2516 ἔδρᾰσέ
452 2480 512 2514 ,πω
557 2467 658 2503 1058.
718 2467 839 2508 ὁποίας
878 2471 986 2505 ταῦτα
1026 2471 1205 2517 συμφορᾶς
1246 2467 1313 2505 ὕπο
1351 2468 1496 2511 στάταις,
1519 2473 1555 2503 et
1570 2472 1715 2504 fortasse
1731 2473 1797 2503 alia
1814 2471 1990 2512 quaedem.
2021 2489 2065 2509 -,
2093 2469 2180 2508 ἔνθα.
2218 2474 2242 2497 »“-

299 2512 467 2562 πέπονθά
496 2514 598 2550 1077.
666 2513 747 2551 ὅταν
787 2516 941 2566 κατεύχῃ
980 2520 1088 2552 ταῦτα
1127 2518 1184 2551 Αἰ.
1229 2515 1309 2551 392.
1351 2515 1459 2562 οὑμὸς
1471 2514 1756 2564 Κιθαιρῶνοῦτος
1771 2515 1942 2552 031452.
1962 2515 2013 2556 τίς
2030 2516 2131 2557 οὗτος
2147 2516 2178 2554 ἔ·
2210 2528 2240 2546 »¹⁶

299 2564 407 2606 ταῦτα
430 2559 638 2613 θρηνεῖσθαι
661 2561 743 2597 852.
811 2562 864 2611 σοὶ
925 2566 960 2600 ὲν
987 2564 1102 2599 δοκεῖν
1126 2565 1217 2599 ταῦτ’
1244 2563 1314 2599 ἔστι
1352 2576 1397 2598 sc.
1420 2563 1437 2598 6
1454 2569 1576 2611 γαμῶν
1594 2562 1695 2611 ὑμᾶς,
1717 2566 1807 2607 quod
1820 2569 1864 2597 ex
1874 2566 2043 2607 prioribus
2058 2571 2214 2600 sumen·

299 2607 381 2643 942.
423 2608 531 2645 τάῦτα
549 2613 710 2660 μηχανᾶν
725 2607 828 2650 θεούς
848 2576 949 2646 1036.
985 2611 1078 2646 ταῦτ’
1095 2610 1159 2646 οὐκ
1176 2611 1314 2647 ἀκούειν
1349 2611 1388 2646 τὸ
1407 2610 1672 2659 σημαινόμενον.
1724 2610 1824 2649 οὗτος
1856 2610 1894 2646 δὲ
1916 2610 1968 2650 τίς
1981 2611 2085 2660 ,λόγῳ
2108 2624 2146 2647 τε
2167 2610 2242 2648 καῖ-ἲ,-

301 2650 403 2705 1235.
453 2655 503 2696 τίς
525 2659 619 2692 ταῦτ’
643 2654 819 2704 ἀπεῖρὲενς
849 2656 951 2693 1280.
1013 2657 1061 2693 ὅδ’
1089 2657 1133 2705 ἦν
1161 2658 1178 2694 6
1204 2658 1315 2707 πράσ-
1349 2662 1488 2706 κρατεῖ;
1509 2659 1564 2692 OG
1583 2657 1638 2694 68.
1696 2657 1746 2697 τίς
1771 2657 1891 2701 οὖτος;
1923 2657 2031 2693 1252.
2062 2670 2108 2694 se.
2142 2678 2167 2692 ..ν
2198 2661 2244 2692 ι-ξ,

299 2704 367 2738 σιον
383 2707 491 2739 ταῦτα
517 2699 619 2739 1288.
670 2704 710 2739 σὺ
735 2707 843 2740 ταῦτα
869 2703 1082 2755 ὑπερμαχεῖς
1110 2705 1213 2740 1346.
1265 2705 1316 2740 ε’ί-
1351 2705 1545 2753 ρευόμενος.
1591 2707 1791 2748 Quanquam
1813 2707 1868 2739 hie
1890 2707 1980 2739 sieut
2002 2709 2039 2740 in
2064 2708 2235 2743 omnibus.

301 2758 394 2798 ρηκᾰ
408 2744 516 2786 ταῦτα
540 2753 595 2785 ΕΙ.
616 2750 673 2786 73.
725 2750 807 2791 θεὸς
849 2764 867 2787 ν
886 2751 905 2787 ὁ
928 2757 1037 2788 ταῦτα
1061 2752 1222 2799 πράσσων
1245 2751 1315 2787 200
1351 2756 1417 2797 plis
1434 2752 1483 2792 τίς
1500 2755 1745 2787 exhibentibus
1764 2764 1831 2787 non
1847 2754 1963 2786 minus
1986 2758 2078 2788 reete
2101 2765 2159 2789 su·

299 2799 351 2831 eh.
402 2796 429 2844 ἡ·
447 2796 503 2844 βία
519 2797 584 2847 γὰρ
599 2799 692 2834 ταῦτ’
712 2797 823 2846 ἀναγκ
848 2799 896 2840 ζει
913 2813 956 2846 με
974 2797 1056 2847 δ”ρᾶν
1072 2798 1153 2834 256.
1207 2800 1267 2835 σὺν
1286 2800 1314 2835 δ’
1351 2811 1426 2834 esse
1444 2802 1512 2834 vim
1530 2803 1668 2834 dixeris.
1728 2799 1787 2835 καὶ
1817 2799 1887 2846 μὴν
1913 2798 1931 2834 ὁ
1956 2799 2078 2846 μισθός
2110 2803 2125 2816 “’
2150 2813 2169 2836 ο
2218 2805 2243 2829 «⁴

300 2843 477 2892 ἐποτρύνει
492 2849 603 2893 ταῦτα
616 2844 739 2926 [ἶαύτά
753 2848 858 2895 Dind.
874 2858 903 2897 ρ.
917 2846 1058 2898 BIomf]
1074 2847 1222 2895 νυμφίος
1232 2846 1311 2883 300.
1349 2846 1431 2881 221.
1477 2846 1576 2886 οὗτος
1600 2846 1663 2895 γὰρ
1689 2846 1788 2895 ἄρχει
1811 2848 1872 2883 καὶ
1895 2845 1987 2882 θεῶν
2011 2850 2068 2883 Τι’.
2089 2813 2170 2883 443.
2204 2855 2235 2893 <s

297 2891 321 2938 ἠ
338 2894 444 2927 ταῦτα
461 2886 504 2939 δή
551 2900 570 2927 ε
583 2895 630 2928 κα
657 2891 907 2939 ’βεβούλευνται
924 2897 1055 2938 ποιεῖν;
1076 2893 1157 2929 385.
1208 2897 1315 2930 ταῦτα
1350 2893 1368 2930 ὁ
1386 2894 1483 2930 πάντ’
1504 2893 1646 2934 ἄναλκις
1671 2893 1771 2933 οὗτος
1798 2896 1852 2928 El.
1888 2892 1968 2928 301.
2026 2897 2083 2928 ille
2114 2898 2147 2938 ἐς
2179 2911 2207 2924 ι»
2235 2928 2238 2932 ,
2269 2930 2271 2935 .

299 2938 362 2984 μὲν
380 2938 486 2984 μέθες
573 2966 580 2974 .
631 2940 730 2975 ταῦτ’
758 2939 842 2988 ἔδρα
867 2940 949 2975 578.
1001 2946 1075 2981 πῶς
1099 2945 1191 2976 ταῦτ’
1215 2941 1315 2977 έπαι-
1349 2953 1443 2986 quem
1458 2945 1574 2983 nostis,
1594 2945 1753 2976 omnium.
1805 2941 1920 2988 πατὴρ
1937 2940 2037 2981 οὗτος
2054 2941 2112 2982 σός
2129 2939 2212 2979 530.-
2227 2965 2244 2984 r

296 2985 428 3031 νέσαψ]
445 2985 507 3030 ἄν;
527 2984 606 3020 591.
647 2985 671 3033 ἢ
688 2987 748 3022 καὶ
763 2989 856 3023 ταῦτ’
876 2989 966 3035 ἐρεῖς
984 3002 991 3031 ;
1010 2991 1091 3023 ibid.
1128 2988 1172 3024 τὰ
1188 2989 1230 3025 σὰ
1247 2988 1315 3038 ἔργ’
1349 3001 1450 3033 quam
1468 2991 1623 3033 sequitur
1640 2989 1677 3024 ὃν
1695 2987 1837 3036 θρηνεῖς
1854 2989 1924 3030 ἀεί,
1958 2987 2059 3028 οὗτος
2084 2994 2199 3025 tamon
2214 3005 2219 3024 ε
2237 3029 2240 3031 Α

299 3030 519 3082 ἐξαναγκάζει
565 3046 581 3068 ε
596 3030 705 3069 ταῦτά
720 3033 739 3068 δ
763 3037 804 3069 ἄν
823 3033 902 3069 620.
954 3038 1062 3071 ταῦτα
1077 3035 1181 3076 ἵλεως
1196 3036 1313 3072 κλύων
1349 3042 1401 3070 eat
1420 3035 1552 3072 ἐκεῖνον
1568 3037 1626 3072 τὸν
1643 3034 1919 3083 πολυθρύλητον.
1970 3036 2030 3071 καὶ
2055 3040 2122 3072 ποῦ
2140 3038 2204 3071 ’σε
2219 3041 2224 3048 ’

297 3077 379 3114 655.
393 3081 508 3131 πρῶτ’
528 3046 721 3134 έίρορῶντες
760 3080 869 3116 25011.
904 3082 944 3118 τὸ
959 3084 1074 3131 κρῖναι
1089 3082 1309 3118 ταῦτα1030.
1349 3082 1428 3119 928.
1450 3095 1497 3119 so.
1519 3083 1537 3119 6
1554 3083 1701 3131 πλησίον
1719 3084 1851 3130 παρών,
1871 3084 1908 3120 ὃν
1926 3082 2048 3130 λέγεις.
2092 3082 2112 3119 6
2134 3103 2141 3111 ·
2226 3090 2238 3131 g*

295 3129 404 3172 ταῦτα
421 3126 480 3161 σὺν
506 3126 584 3174 δίκῃ
602 3126 834 3175 λέγειν11041.
875 3129 906 3177 εἰ
922 3131 1079 3178 ποιήσεις
1090 3133 1197 3166 ταῦτα
1208 3129 1309 3164 1044.
1346 3144 1405 3171 τος
1423 3129 1565 3170 Πάλλας
1582 3133 1624 3164 fr.
1642 3133 1728 3172 Aeg.
1751 3129 1807 3172 19,
1828 3132 1860 3164 4.
1912 3134 2028 3178 χῶρος
2059 3130 2124 3178 γὰρ
2156 3149 2163 3159 1
2176 3149 2183 3157 ι
2203 3149 2220 3157 .,

296 3171 402 3222 ταῦθ’
419 3172 439 3208 ὅ
464 3173 639 3256 bonuz-i?
664 3169 796 3222 ὃαίμῶν
821 3175 1018 3226 ἐξαφείλετο
1046 3176 1146 3212 1156.
1199 3177 1312 3218 ἔξοιδα
1347 3181 1414 3212 ino.
1435 3176 1515 3221 757,
1541 3177 1571 3213 1.
1600 3197 1642 3204 -
1669 3175 1757 3224 αὕτη
1773 3177 1837 3225 γὰρ
1854 3177 1897 3224 ἦν
1928 3188 1981 3212 σοι
2005 3179 2174 3226 πρόφασῑζ
2225 3177 2230 3183 ”

295 3222 401 3254 ταῦτα
427 3219 528 3265 1251.
588 3230 610 3256 α
648 3221 757 3257 ταῦτά
781 3233 835 3270 σοι
851 3222 1021 3271 ,δείξουσιν
1058 3223 1160 3258 1366.
1203 3224 1312 3261 ταῦθ’
1348 3224 1412 3272 ἐμέ
1428 3227 1490 3259 Ph.
1504 3223 1606 3259 1034.
1636 3223 1723 3271 αὕτη
1740 3237 1778 3271 γε
1796 3224 1913 3270 μέντοι
1928 3226 1955 3258 σ’
1972 3224 1996 3270 ἡ
2021 3224 2112 3274 τΰχη
2132 3223 2195 3259 διό
2217 3258 2220 3260 .

297 3265 380 3312 ὁρᾶν
415 3264 518 3311 1471.
579 3266 815 3309 Ευναινέσαντο
839 3271 946 3305 ταῦτα
971 3274 1012 3306 fr.
1049 3273 1126 3305 Lao.
1164 3270 1245 3314 337,
1273 3270 1307 3306 3.
1346 3271 1426 3306 442.
1492 3272 1542 3310 τίς
1560 3270 1648 3318 ἀὕτη
1672 3271 1809 3319 τέρψις;
1840 3273 1896 3305 OG
1922 3270 1989 3305 775
2015 3277 2081 3306 ree.
2101 3271 2212 3306 Dindx

295 3315 404 3348 ταῦτα
419 3315 533 3365 χρεὼν
551 3313 702 3365 ἐπαινεῖν
727 3317 804 3350 Ter.
823 3314 905 3361 517,
931 3317 986 3352 11.
1035 3317 1067 3364 τί
1089 3319 1181 3354 ταῦτ’
1209 3317 1311 3354 ἐπαι-
1346 3319 1467 3366 σαύτη.
1504 3317 1592 3366 αὕτη
1609 3318 1726 3357 πόλεις
1742 3319 1770 3353 τ’
1789 3317 1925 3353 ὄλλυσιν
1935 3320 2018 3352 Ant.
2039 3317 2121 3353 673.
2145 3324 2240 3368 ειὶρ.ι

295 3362 389 3414 νετςῖ
403 3362 470 3412 ine:
491 3359 572 3404 688,
595 3361 626 3396 1.
669 3364 762 3408 ταῦτ’
781 3362 841 3399 οὖν
860 3362 1116 3412 φυλαξώμεσθα
1133 3364 1220 3409 779,
1252 3364 1306 3400 10.
1344 3366 1418 3414 χία.
1468 3369 1543 3405 τοῖς
1559 3365 1719 3412 τυφλοῖσι
1736 3364 1800 3413 γὰρ
1817 3364 1904 3412 αὕτη
1917 3364 2086 3405 κέλευθος
2103 3364 2151 3412 ἐκ,
2170 3369 2199 3392 ·-1⁷

295 3407 394 3440 Adde
418 3409 623 3454 locutionem
656 3409 741 3457 πρὸς
771 3413 879 3446 ταῦτα
911 3413 969 3445 OR
1000 3410 1082 3445 426.
1135 3413 1191 3446 00
1224 3411 1304 3446 455.
1345 3412 1440 3447 πέλει
1458 3411 1538 3445 990.
1588 3415 1685 3448 talis.-
1715 3414 1862 3446 refertur
1890 3415 1930 3447 ad
1955 3414 2051 3454 prius
2075 3414 2215 3457 diotfins

297 3447 377 3486 956.
413 3456 495 3487 Ant.
535 3453 615 3489 658.
660 3456 715 3490 M.
746 3454 810 3491 165
837 3463 889 3491 an.
927 3457 1007 3492 972.
1047 3458 1148 3493 1066.
1203 3458 1303 3493 1115.
1346 3459 1395 3494 δύ’
1415 3460 1448 3501 ἐξ
1467 3460 1541 3498 ένός
1562 3459 1738 3506 βλέποντε,
1762 3479 1802 3484 —-
1820 3460 1858 3495 τὸ
1875 3464 1978 3509 πῆμα
1994 3463 2095 3495 τοῦτο
2111 3458 2148 3493 τὸ
2165 3469 2195 3492 ν
2217 3463 2233 3515 ἰ’-Ὗ
