2288 3600
345 143 443 193 356

341 259 407 307 ἄρα
430 259 490 294 καὶ
514 258 606 305 ἦσθα
631 258 821 306 φυτάλμιος
846 259 902 292 OC
931 256 997 291 150
1020 259 1071 291 ch.
1116 256 1262 304 κᾶμοιγέ
1286 269 1353 292 που

340 305 433 341 ταῦτ’
459 305 544 341 ἐστίν
562 304 642 339 263.
688 306 802 352 ὥσπερ
820 318 862 352 με
879 299 1117 351 κάνεστήσαθ’,
1140 305 1206 339 ὦδε
1225 306 1355 338 σώσατε

341 352 420 386 276.
468 353 503 391 ὃς
529 353 620 400 κάμὲ
647 349 735 399 δεῦρ’
754 353 905 398 ἔπεμπεν
922 350 1003 385 298.
1049 350 1186 386 δίδασκε
1203 351 1262 386 καὶ
1278 351 1354 386 τόδε

341 399 421 434 480.
466 399 583 447 ἀρκεῖν
601 400 664 448 γὰρ
682 400 777 446 οἶμαι
793 399 892 434 κάντὶ
911 398 1039 446 μυρίων
1059 398 1137 444 μίαν
1156 398 1271 446 ψυχήν
1285 397 1355 431 498

342 451 394 480 vel
425 459 484 489 pro
516 451 670 480 millenis.
721 446 818 493 κάγὼ
851 447 915 494 γάρ
945 445 1169 493 (ἐπειθόμην)
1201 444 1269 478 520
1299 448 1350 478 ch.

342 494 455 540 κάμοῦ
475 495 523 541 μὴ
543 494 708 541 παρόντος
726 493 805 527 666.
836 497 977 528 τοιαῦτα
995 493 1111 539 μέντοι
1123 493 1181 527 καὶ
1196 493 1234 527 σὺ
1249 503 1354 539 προσ-

343 542 456 600 φέρεις
474 541 553 598 781.
599 542 719 621 φράσω
742 541 778 600 δὲ
797 541 857 598 καὶ
872 540 987 599 τοῖσδε
1006 539 1085 573 783.
1131 540 1198 586 ἐρῶ
1215 539 1279 597 γρὶρ
1292 539 1354 598 ’καὶ

343 601 541 682 ἑέῗῧῗωέιῖῗν
549 588 640 670 80110'2
658 585 1356 682 ζέιξὲηζησρέιΐῖἓὲόῗ’ἶῖῖλςυῗᾙθὲἶίαῗὲῗὲ

341 684 395 730 χώ
423 681 551 732 βραγὺς
577 683 658 717 νικδι
686 683 791 729 μέγαν
816 680 895 715 880.
939 684 1079 716 τοιαῦτα
1097 681 1212 727 μέντοι
1230 680 1354 718 καύτὸς

343 729 477 776 εἰσέβην
502 725 595 765 κακά
621 719 700 763 997.
746 729 833 763 οἴκοι
860 728 897 762 δὲ
938 728 1041 774 ἡμεῖς
1059 723 1228 774 εἰσόμεσθ’
1246 727 1267 761 ἃ
1283 728 1352 775 χρὴ

343 780 452 811 ποιεῖν
473 775 573 811 1037.
603 778 649 811 ὦν
666 777 724 811 καὶ
742 776 871 825 χρυσέα
888 789 910 810 κ
935 775 975 823 ῂς
992 776 1047 809 ἐπὶ
1060 775 1197 822 γλώσσᾳ
1211 774 1353 821 βέβακεν

346 822 431 857 1051
452 826 502 857 ch.
533 836 608 857 cum
633 826 834 866 hyperbato,
861 826 901 856 de
927 834 991 865 quo
1009 835 1041 856 v.
1061 825 1140 856 infr.
1185 821 1207 856 ἅ
1222 818 1251 869 γ’
1271 822 1354 856 εἴσει

343 870 468 910 καύτὸς
487 871 526 905 ἐκ
542 870 681 906 ταύταιν
701 869 800 904 1149.
847 876 914 908 σῶς
931 865 1012 910 ἴσθ’,
1042 869 1099 904 ἐάν
1117 882 1179 916 περ
1196 870 1287 915 κάμέ
1303 881 1354 906 τις

344 918 412 957 σώζ
453 917 542 953 θεῶν
565 916 664 952 1210.
694 919 740 956 ὡς
756 918 815 952 καὶ
831 917 928 951 τόνδε
947 917 1051 951 δειναὶ
1067 916 1145 951 ἆται
1157 916 1353 951 κλονέουσιν

346 963 412 998 124
453 967 503 998 oh.
548 966 617 1000 ἔστι
634 964 697 1012 γὰρ
715 965 774 999 καὶ
793 963 881 1012 Ζηνὶ
900 963 1070 1002 σύνθακος
1087 963 1219 1011 θρόνων
1241 962 1355 1001 Αἰδώς

346 1011 446 1046 1267.
498 1013 556 1047 καὶ
589 1014 673 1060 πρὸς
701 1012 772 1056 σοί,
808 1012 934 1058 πάτερ,
965 1010 1222 1058 παρασταθήτω
1251 1009 1350 1044 1268.

344 1059 462 1093 ἔπειτα
476 1059 567 1094 κάπὸ
589 1060 742 1105 μάντεων
759 1058 865 1105 ταύτῃ
883 1057 998 1092 κλύων
1019 1057 1119 1091 1300.
1155 1058 1214 1092 καὶ
1232 1057 1271 1092 σύ
1289 1070 1354 1092 που

344 1108 460 1154 παρὼν
496 1107 633 1147 ἔξοισθα
665 1106 753 1139 1587
779 1117 839 1148 per
864 1108 1081 1148 parenthesin
1108 1108 1236 1138 inserta
1261 1106 1355 1146 idque

341 1156 392 1185 vel
418 1155 475 1186 tibi
499 1159 626 1187 notum.
670 1151 776 1191 πόθος
793 1153 851 1187 καὶ
867 1159 986 1187 κακῶν
1004 1151 1055 1200 ἄρ’
1071 1153 1113 1199 ἦν
1130 1165 1180 1190 τις
1200 1150 1287 1184 1697
1307 1163 1350 1184 m.

343 1200 499 1248 ξύμφημι
516 1201 642 1239 καύτός
663 1199 752 1234 1747
770 1213 813 1233 m,
837 1199 976 1245 [delevit
993 1199 1127 1245 Dind.].
1184 1199 1274 1246 λέγω
1291 1198 1355 1246 γὰρ

342 1246 434 1293 κάμέ
460 1252 540 1281 Ant.
570 1246 614 1281 32
638 1261 668 1281 v.
692 1250 762 1280 Ers.
810 1248 858 1294 μή
882 1259 914 1281 τι
936 1247 994 1281 καὶ
1019 1247 1188 1294 θεήλατον
1213 1245 1354 1292 τούργον

342 1294 418 1329 τόδε
436 1293 516 1329 278.
560 1295 583 1342 ἶ]
604 1295 722 1337 δεινόν,
746 1290 774 1341 ᾧ
795 1294 882 1342 δοκῇ
898 1306 935 1341 γε
952 1294 1009 1328 καὶ
1027 1294 1137 1341 ψευδῆ
1157 1294 1269 1328 δοκεῖν
1287 1292 1354 1326 323

342 1345 392 1374 vel
418 1353 444 1374 s.
473 1343 555 1375 adeo
580 1343 671 1384 falsa
693 1345 834 1383 plszcere.
877 1341 936 1375 καὶ
960 1341 1083 1376 πολιοῦ
1106 1341 1149 1374 πέ
1173 1354 1211 1375 αν
1230 1341 1353 1375 πόντου

341 1393 453 1436 χωρεῖ
470 1388 538 1422 334
556 1391 607 1422 eh.
649 1388 739 1424 οὕτω
758 1389 794 1422 δὲ
812 1388 923 1437 γαύτὴ
943 1383 1124 1435 ἐξῴμωξεν
1167 1387 1222 1421 26.
1264 1386 1354 1422 οὕτω

343 1437 381 1470 δὲ
405 1437 463 1471 καὶ
487 1438 539 1471 σοὶ
563 1433 643 1484 τᾶμ’
669 1431 889 1483 ἀφανδάνοντ’
910 1436 973 1482 ἔφυ
993 1435 1072 1468 501.
1117 1435 1221 1483 ὁρῶσι
1237 1434 1356 1482 χοῦτοι

343 1482 422 1516 509.
463 1483 537 1518 εἰπέ
553 1483 612 1518 καὶ
631 1483 670 1518 σὺ
687 1483 787 1518 τοῦδε
803 1487 863 1517 τοῦ
880 1483 991 1529 τάφου
1010 1483 1131 1542 φήσεις
1151 1486 1350 1529 μετασχεῖν;

343 1529 422 1563 534.
451 1531 621 1578 ἀρώσιμοι
637 1531 699 1578 γὰρ
716 1529 873 1578 χάτέρων
891 1530 973 1564 εἰσὶν
990 1542 1068 1577 γυαι
1085 1528 1164 1563 569.
1195 1529 1356 1576 φεύγουσι

342 1578 407 1624 γάρ
430 1590 482 1612 τοι
498 1578 557 1626 γοί
575 1577 713 1625 θρασεῖς
731 1576 810 1611 580.
856 1581 1012 1624 φανεῖται
1030 1578 1093 1611 κάν
1111 1577 1208 1611 πόλει
1227 1576 1354 1624 δίκαιος

344 1626 391 1660 ὤν
419 1623 497 1658 662.
513 1619 523 1626 ”
550 1625 682 1672 γένοιτο
710 1623 834 1671 μέντᾶν
858 1624 996 1672 χάτέρῳ
1022 1623 1138 1662 καλῶς
1163 1624 1244 1672 ἔχον
1272 1623 1351 1657 687.

343 1673 466 1720 γνώμη
490 1672 554 1720 γὰρ
578 1672 608 1707 ε’(
631 1685 682 1710 τις
706 1671 787 1706 κοίπἸ
806 1672 891 1718 ἐμοῦ
909 1671 1078 1718 νεωτέρου
1097 1671 1255 1717 πρόσεστι
1272 1670 1351 1703 719.

343 1719 381 1753 σὺ
394 1719 451 1754 καὶ
462 1719 588 1767 φρένας
598 1720 778 1768 παρασπᾷς
788 1717 916 1752 791011.
940 1718 978 1752 σὺ
988 1718 1047 1753 καὶ
1055 1717 1132 1753 τόδε
1141 1722 1253 1756 νεῖκος
1265 1718 1355 1766 ἔχεις

341 1764 487 1813 ταράξας
506 1765 573 1800 793
592 1769 642 1800 ch.
678 1766 740 1814 ”δη
758 1762 816 1813 ’γὼ
833 1765 959 1804 καύτὸς
973 1765 1111 1812 θεσμῶν
1127 1764 1192 1805 ἔξω
1207 1765 1356 1822 φέρομαι

342 1812 408 1847 801
427 1825 480 1846 an.
511 1813 592 1848 ἔτλα
605 1780 812 1851 καὶἏανάας
827 1813 982 1860 οὐράνιον
998 1819 1071 1859 φῶς
1089 1811 1232 1851 ἀλλάξαι
1251 1813 1288 1846 οέ
1318 1825 1356 1850 ας

344 1861 379 1895 ἐν
397 1859 622 1919 χαλκοδέτοις
637 1860 758 1895 αὐλαῖς
771 1859 839 1894 945
853 1863 904 1893 eh.
934 1859 1023 1894 ἀλλὰ
1039 1855 1121 1894 κάπ’
1139 1859 1251 1906 ἐκείνᾳ
1262 1858 1286 1894 N
1302 1863 1356 1894 οῖ-

343 1920 396 1954 ραι
409 1919 446 1942 εσ
474 1921 510 1942 ον
522 1906 590 1941 986
602 1910 654 1941 ch.
676 1908 810 1956 ἔγνωκα
819 1907 944 1945 καύτός
959 1906 1059 1940 1095.
1081 1906 1206 1945 καύτὸς
1222 1906 1356 1952 τεθάμ-

346 1954 438 2035 βέἒέ
483 1953 563 1988 246.
609 1956 658 2002 μή
684 1967 716 1990 τι
740 1955 798 1989 καὶ
821 1955 1030 2002 κατάσχετον
1054 1955 1172 2002 κρυφῇ
1193 1953 1358 1988 καλύπτει

342 2048 423 2129 Ξὲξὶ
446 2048 599 2134 4ῗῖῗὲαέ
617 2047 965 2144 ἶὲἷῖἶτέῧοὼὴτὲῗῖἕ,
978 2047 1356 2130 ῗὲῗέἶῗῗιῖγέἵιεὲἒζ

346 2141 504 2191 Χείρωνα
529 2110 737 2190 πξμὯαντα
762 2142 841 2176 715.
886 2108 1044 2181 πῶςρούκ
1071 2141 1145 2176 ὀλεῖ
1161 2142 1220 2176 καὶ
1236 2143 1350 2184 τόνδε;

342 2190 423 2223 718.
467 2189 573 2239 ταύτῃ
601 2202 659 2225 συν
684 2191 777 2238 ὁρμζ
801 2190 894 2236 κάμὲ
920 2188 1099 2224 συνθανεῖν
1121 2187 1200 2222 720.
1245 2188 1351 2231 ἐλπίς,

343 2236 418 2283 ἥτις
434 2238 493 2272 καὶ
510 2235 638 2284 θράσος
653 2250 685 2272 τι
702 2249 767 2284 προ
787 2242 856 2271 ενεῖ
870 2235 938 2270 726
956 2248 1037 2278 quae
1050 2239 1101 2268 vel
1115 2238 1239 2278 aliquid
1253 2240 1356 2269 (mimi

344 2285 458 2319 addat.
494 2284 631 2332 ἀρκέσει
647 2285 706 2319 καὶ
722 2288 828 2319 ταῦτα
846 2282 947 2317 1216.
982 2287 1140 2330 κρεῖσσον
1156 2282 1248 2329 κάμέ
1265 2283 1304 2331 γ’,
1328 2285 1355 2318 ὦ

343 2331 461 2379 πάτερ,
489 2330 607 2367 θανεῖν
635 2330 736 2365 1236.
813 2331 912 2372 δείξω
938 2330 975 2364 δὲ
995 2330 1053 2365 καὶ
1072 2330 1124 2364 σοὶ
1139 2330 1242 2377 τήνδε
1259 2343 1356 2377 περι-

371 2383 436 2424 ανῆ
453 2378 552 2413 νόσον
569 2381 624 2412 Ai.
646 2377 703 2412 66.
747 2380 793 2416 ὡς
815 2379 874 2413 καὶ
890 2382 953 2424 τῆς
969 2381 1028 2412 νῦν
1048 2376 1217 2424 φθιμένης
1234 2378 1355 2416 νυκτὸς

344 2390 486 2472 θόρυβοι
511 2421 693 2472 κατέχουσ’
725 2425 810 2472 ’μᾶς
839 2424 903 2458 141
928 2436 982 2457 an.
1025 2419 1102 2472 τάχ’
1127 2423 1167 2459 ἂν
1192 2420 1251 2458 τιν’
1270 2424 1354 2458 αἰδῶ

341 2470 423 2507 κάπ’
441 2471 519 2519 ἐμοὶ
536 2471 665 2520 βλέψας
682 2436 783 2519 λάβοι
800 2471 888 2514 345,
915 2473 995 2514 quid
1012 2473 1067 2503 hic
1085 2474 1129 2504 sit
1144 2471 1215 2514 καί,
1236 2474 1351 2504 Herm.

342 2521 500 2553 ostendit.
545 2519 589 2567 φύ
614 2532 646 2554 οι
668 2518 729 2554 τᾶν
783 2521 811 2554 ὠ
840 2519 948 2557 κακὸς
975 2519 1034 2553 τὸν
1062 2518 1241 2564 κρείσσονα
1270 2517 1350 2551 456.

348 2566 361 2578 ”
387 2578 433 2601 ειν
459 2561 487 2599 σ’
512 2565 553 2600 ἂν
577 2578 594 2601 ο
611 2579 692 2601 κτον
706 2594 713 2607 ,
742 2532 788 2605 (θίς
804 2565 919 2613 κάγώ,
949 2565 1045 2613 φρενὶ
1061 2563 1195 2612 θέλοιμ’
1212 2565 1253 2600 ἄν
1271 2564 1350 2598 525.

375 2625 430 2647 στε
453 2613 512 2648 καὶ
533 2613 667 2648 κολεῶν
692 2613 813 2661 ἐρυστὰ
837 2610 1066 2659 διεπεραιώθη
1084 2612 1140 2660 ξίφ
1183 2611 1262 2645 729.
1308 2614 1354 2650 ὡς

341 2661 401 2695 καὶ
434 2659 512 2707 παρ’
543 2660 685 2708 ἐχθροῖς
717 2659 809 2700 ἄξιος
837 2659 976 2707 θρήνων
1007 2671 1047 2693 τυ
1075 2663 1126 2706 εῖν
1141 2625 1235 2693 71924.
1280 2659 1355 2693 ἀλλ’

343 2707 474 2742 ἑστάτω
513 2720 571 2753 μοι
603 2708 661 2742 καὶ
695 2707 771 2745 δέος
800 2719 833 2740 τι
863 2706 996 2753 καίριον
1028 2706 1044 2738 1
1072 2705 1129 2740 84.
1189 2701 1256 2741 οὐδ’
1284 2702 1355 2741 ἔσθ’

345 2752 431 2789 ὅπου
457 2753 510 2788 σοὶ
525 2754 623 2788 τόνδε
640 2759 815 2801 κοσμῆσαι
833 2753 937 2788 πλέον
955 2752 1067 2800 ἀρχῆς
1086 2753 1194 2788 ἔκειτο
1213 2752 1350 2799 θεσμός,

341 2799 365 2847 ἢ
381 2800 442 2836 καὶ
458 2800 550 2848 τῷδε
569 2801 606 2835 σέ
626 2800 726 2835 1103.
766 2801 826 2836 καὶ
845 2801 896 2835 σοὶ
913 2801 1105 2847 προσέρπον
1122 2795 1213 2835 τοῦτ’
1230 2800 1297 2847 ἐγὼ
1314 2800 1354 2834 τὸ

346 2848 528 2894 φάρμακον
546 2847 617 2895 ὁρῶ
636 2847 737 2881 1255.
777 2851 897 2882 τοῦτον
915 2848 944 2881 εἰ
962 2846 1099 2892 βαλεῖτέ
1117 2859 1194 2888 που,
1218 2847 1354 2893 βαλεῖτε

366 2893 581 2940 macic-1309.
623 2894 723 2940 βουλ’
735 2907 783 2929 σει
801 2895 884 2929 ποτὲ
900 2895 958 2928 καὶ
977 2893 1087 2932 δειλὸς
1104 2887 1189 2928 εἶναι
1207 2893 1350 2939 μᾶλλον,

341 2906 367 2988 ἦ
392 2954 410 2976 ν
427 2941 505 2987 ἐμοὶ
523 2941 546 2976 θ
568 2942 651 2980 ασύς
671 2907 759 2975 13τ15
776 2945 828 2974 vel
845 2945 984 2982 iynavus
997 2944 1107 2982 potius
1123 2942 1226 2974 videri
1239 2944 1351 2974 males.

342 2987 374 3022 τί
395 2988 460 3036 γάρ
487 2987 514 3022 σ’
532 2953 671 3035 ἔδρασεν
683 3015 691 3031 ,
720 2989 806 3022 ὥστε
829 2989 888 3022 καὶ
906 2987 1037 3034 βλάβην
1056 2986 1165 3034 ἔχειν,
1189 2986 1279 3021 1325
1297 2993 1355 3021 aut

344 3037 424 3068 adeo
442 3042 501 3068 aut
516 3037 567 3068 vel
581 3035 645 3079 (sc.
665 3036 855 3081 minimum]
871 3037 1036 3076 significat
1051 3034 1122 3069 καί.
1166 3033 1273 3080 κάμοὶ
1290 3035 1354 3081 γὰρ

347 3081 386 3116 ’ν
411 3082 429 3116 ἕ
456 3081 572 3120 θιστος
597 3081 697 3115 1336.
774 3083 820 3120 ὡς
848 3077 927 3127 κάμ’
961 3081 1103 3128 ἐπαυχῶ
1127 3080 1273 3128 λάμψειν
1300 3084 1350 3114 El.

341 3094 400 3161 65.
430 3141 448 3163 ο
465 3128 507 3163 δα
523 3128 705 3175 κάμαυτήν
724 3127 803 3162 332.
831 3132 971 3163 τοιαῦτα
989 3123 1017 3162 δ’
1034 3128 1125 3163 ἄλλα
1140 3129 1199 3163 καὶ
1216 3128 1253 3162 σὲ
1272 3127 1355 3174 βού-

344 3174 449 3221 λομαι
473 3179 583 3210 ποιεῖν
607 3174 686 3210 337.
729 3175 827 3222 οἶμαί
849 3188 881 3209 τι
906 3174 1056 3222 κάκείνῳ
1087 3174 1192 3220 μέλον
1222 3174 1354 3222 πέμψαι

342 3220 423 3255 459.
468 3222 536 3269 ἐρῶ
561 3221 624 3269 γὰρ
647 3222 706 3256 καὶ
730 3223 768 3257 τὸ
795 3222 851 3270 σόν
877 3221 956 3256 577.
1001 3221 1024 3268 ἦ
1050 3222 1109 3256 καὶ
1131 3220 1224 3256 ταῦτ’
1241 3221 1350 3268 ἐρεῖςς

343 3266 423 3302 591.
467 3268 563 3316 κάγὼ
588 3264 680 3303 τοῦδ’
703 3267 807 3316 ἵστωρ
832 3268 901 3302 850
926 3281 969 3302 m.
1014 3267 1116 3304 οἶσθα
1140 3269 1199 3303 καὶ
1226 3268 1265 3303 σύ
1287 3281 1353 3303 που

343 3313 423 3348 948.
465 3315 522 3350 σόν
540 3312 613 3350 ποτ’
629 3314 653 3362 ἢ
670 3315 782 3362 κάμὸν
798 3315 895 3363 γένος
913 3314 992 3348 965.
1038 3316 1168 3362 μακρὸς
1183 3315 1222 3349 τὸ
1240 3319 1356 3362 κρῖναι

537 3361 1069 3456 ιιῑὸ;.ιρῇιπι.ιι3ι.αςςὲ
1096 3407 1339 3443 2.

1322 139 1415 191 Καί

523 2001 598 2036 ἐπεὶ
621 2002 680 2037 καὶ
705 2001 862 2049 ξυμφορά
886 2013 938 2036 τοι
966 2002 1015 2059 μὴ
1042 2001 1167 2035 εἰδέναι
1193 2003 1247 2034 Tr.
1272 2000 1352 2034 321.
1374 2038 1375 2043 ¹

2081 154 2111 198 [Ι
2121 150 2250 198 p.'887

1391 256 1550 306 ξύμφημι
1571 258 1669 306 κάγώ
1695 257 1796 292 1257.
1841 259 1927 293 ὥστε
1952 258 2025 304 κάμ
2053 262 2119 307 ανῆ
2144 254 2262 306 μαθεῖ

1392 304 1485 344 ὅπως
1509 306 1547 340 τὸ
1573 306 1727 353 συγγενές
1751 318 1804 340 τοι
1829 302 1911 340 κάπ’
1929 306 2014 352 ἐμοῦ
2027 271 2170 354 θρήνων
2186 306 2227 342 τύ
2266 311 2273 335 »¹

1392 351 1517 400 βραχεῖ
1534 351 1626 400 λόγῳ
1643 353 1702 387 καὶ
1719 351 1832 387 πολλὰ
1847 357 2046 400 προσκεῖται
2063 354 2154 400 σοφά
2171 356 2211 388 fr.
2242 369 2246 374 Δ

1392 399 1497 433 ἔνεστι
1526 399 1590 447 γάρ
1618 412 1669 438 τις
1697 400 1756 434 καὶ
1785 399 1931 447 λόγοισιν
1956 399 2066 447 ἡδονή
2093 403 2229 442 Thyest.

1391 446 1499 480 εἰπεῖν
1517 446 1575 482 καὶ
1591 447 1629 481 τὸ
1648 446 1697 492 μὴ
1715 446 1821 481 καλόν
1841 449 1956 481 Oreus.
1978 446 2059 490 323,
2080 446 2113 481 3.
2157 447 2224 494 ἡδὺ

1391 493 1454 542 χὺν
1471 493 1595 541 χρόνον
1613 492 1780 529 λαθέσθαι
1796 500 1865 528 τῶν
1877 500 1996 529 κακῶν
2006 497 2090 535 Mys.
2104 493 2185 537 358,
2199 494 2229 528 1.
2266 532 2268 534 ,

1391 541 1454 620 γάρ
1477 553 1530 575 τοι
1546 540 1708 586 κάνέμων
1727 540 1870 580 διέξοδοι
1889 541 2033 588 θήλειαν
2051 541 2142 589 ὄρνιν
2160 543 2252 576 Oeno
2262 560 2270 581 ι,

1418 614 1423 620 .
1444 586 1661 622 τίκτουσικαὶ
1671 588 1790 626 νόσους
1800 586 1983 635 δυσθυμίαι
1993 591 2069 629 Tyr.
2084 587 2163 622 584.
2186 587 2246 623 ὅπ
2272 615 2277 623 .

1392 634 1506 669 δίκαια
1528 634 1687 682 τέρψεται
1712 637 1850 668 Phaedr.
1872 635 1953 678 605,
1973 634 2007 669 2,
2053 630 2080 682 ᾧ
2105 635 2165 670 καὶ
2186 634 2275 670 Ζεὺ

1393 682 1487 730 μήσῃ
1505 683 1597 716 κακά
1616 681 1695 723 611,
1709 680 1732 714 2
1748 685 1770 714 i.
1785 694 1815 715 e.
1837 685 1910 724 ipse
1923 685 2065 725 Iupiter.
2096 682 2226 730 ὅρκοισι
2270 690 2274 708 ῑ

1392 728 1510 776 φεύγει
1526 729 1649 776 πικρὰν
1668 728 1775 763 ὠδῖνα
1792 733 1858 763 inc.
1880 729 1960 771 671,
1983 729 2012 762 1.
2064 730 2172 764 ένοιτο
2190 727 2268 764 κᾶν

1390 789 1448 814 τος
1475 776 1509 810 ἐν
1534 780 1651 822 τιμαῖς
1675 775 1762 834 ἀνηρ
1779 775 1860 819 718,
1885 775 1915 809 1.
1959 776 1997 811 εὖ
2021 789 2085 823 γαρ
2110 777 2168 811 καὶ
2193 776 2263 824 διχ

1391 822 1491 870 λόγος
1509 822 1682 870 σύγκολλα
1697 827 1852 870 ταμφοῖν
1870 825 1906 862 ἐς
1924 824 2028 869 μέσον
2044 823 2254 858 τεκταίνεται
2276 831 2277 835 ’

1460 868 1495 902 2.
1524 882 1612 903 cum
1635 872 1769 902 verbo.
1800 871 1848 917 μὴ
1874 872 1933 905 καὶ
1949 870 1996 905 λά
2063 883 2106 917 με
2122 870 2265 918 προσπε-

1391 916 1448 949 46.
1492 916 1612 952 τούσδε
1635 917 1694 951 καὶ
1717 917 1878 963 πράσσειν
1897 923 2008 965 στυγῶ
2052 918 2083 951 7.
2129 921 2191 965 φεῦ
2208 918 2248 952 τὸ

1393 964 1463 1010 βεῖν
1489 963 1718 1011 πρόσφθεγμα
1742 964 1822 999 234.
1867 966 1926 1000 καὶ
1949 964 2043 1000 ταῦτ’
2070 965 2163 999 ἐπειδ
2215 977 2271 999 κιψ

1392 1010 1640 1057 θρασυστομῶν
1659 1011 1737 1045 380.
1774 1014 1821 1046 ὧν
1841 1008 1864 1046 δ’
1885 1011 1925 1047 ἂν
1942 1011 2092 1061 κάμείβῃ
2108 1008 2142 1058 μ’
2155 1010 2271 1057 αυθις,>

1392 1061 1467 1091 libri
1493 1058 1552 1093 καί
1578 1062 1740 1092 omittunt
1763 1059 1941 1107 ἀμέτρωςε
1963 1062 2130 1101 significat
2142 1064 2194 1100 ja.

1392 1101 1481 1151 θοιμ’
1501 1106 1530 1139 εἰ
1547 1107 1605 1140 καὶ
1624 1105 1725 1140 πάλιν
1742 1108 1883 1154 γνώμην
1902 1106 2070 1152 μετοίσεις
2086 1104 2167 1139 961.
2207 1104 2271 1140 οἶν

1392 1152 1557 1199 ευρίσκεις
1576 1152 1614 1186 λέ
1639 1166 1686 1187 ειν
1703 1152 1782 1186 991.
1811 1157 1965 1192 τοιοῦτος
1981 1151 2075 1200 ἦσθα
2088 1154 2243 1202 χῶτε-μυ
2266 1188 2268 1201 1

1393 1199 1554 1238 ἔκλεπτες
1574 1167 1673 1233 1271.
1715 1200 1854 1246 ἑτοῖμος
1871 1200 1990 1242 εἰπεῖν,
2012 1200 2081 1235 εἴτε
2098 1200 2158 1235 καὶ
2175 1198 2244 1234 στεί
2265 1214 2277 1245 η

1392 1249 1447 1280 OR
1466 1245 1521 1279 92.
1551 1246 1625 1282 ἰ’σθι
1642 1248 1706 1294 γὰρ
1724 1247 1835 1282 δοκῶν
1855 1248 1932 1291 ἐμοὶ
1947 1248 2008 1282 καὶ
2021 1247 2252 1294 ξυμφυτεῦσαι
2269 1291 2271 1294 Ι

1393 1293 1480 1334 346,
1511 1306 1574 1336 quo
1592 1297 1661 1328 loco
1679 1298 1729 1327 eis
1747 1297 1941 1328 adversatur
1958 1297 2090 1337 Herm„
2119 1298 2178 1337 qui
2194 1293 2254 1329 καί

1393 1352 1538 1384 sequens
1555 1353 1591 1375 τε
1610 1344 1780 1383 referunt,
1802 1354 1976 1385 nunquam
1993 1341 2102 1376 καί
2115 1353 2151 1376 τε
2170 1342 2269 1374 Lati

1392 1394 1421 1421 et
1486 1400 1545 1430 que
1561 1400 1619 1431 pro
1635 1389 1743 1423 καὶ
1757 1389 1816 1423 καί
1834 1392 1959 1422 dictum
1978 1400 2052 1422 esse
2069 1391 2266 1422 affirmans?

1392 1435 1567 1483 δέδορκας,
1587 1435 1651 1470 κού
1670 1435 1818 1482 βλέπεις,
1839 1432 1881 1470 ἵν’
1899 1435 1930 1471 εἷ
1946 1440 2057 1471 κακοῦ
2074 1434 2142 1469 413
2161 1441 2196 1468 ta
2208 1438 2267 1468 vid

1390 1495 1450 1516 nec
1473 1484 1563 1516 vides
1588 1488 1697 1516 tamen
1721 1486 1776 1516 ubi
1800 1487 1883 1516 mali
1905 1487 1950 1516 sis
1977 1497 2006 1516 v.
2036 1485 2153 1516 Herm.
2199 1482 2229 1516 εἰ
2258 1499 2263 1510 1

1391 1530 1617 1577 κάκτρέποιτο
1636 1529 1716 1564 851.
1746 1534 1844 1565 ποῖον
1863 1530 1971 1578 ἄνδρα
1987 1531 2044 1565 καὶ
2061 1530 2190 1577 λέγεις;
2215 1532 2226 1562 ἰ
2262 1524 2264 1526 ’

1392 1579 1498 1610 dicis?
1516 1579 1657 1618 Corrigit
1675 1580 1770 1610 homo
1788 1589 1873 1620 sese,
1885 1581 1982 1620 quasi
1995 1581 2095 1620 plane
2104 1581 2252 1618 ignarus,
2267 1582 2269 1584 “

1392 1628 1445 1657 sit.
1489 1623 1581 1659 ταῦτ’
1600 1625 1687 1658 ἔστιν
1704 1624 1773 1672 ἤδη
1791 1624 2062 1671 κάποθαυμάσαι
2079 1625 2208 1672 πρέπον
2226 1624 2268 1657 0¹

1391 1671 1420 1705 εἰ
1433 1671 1493 1706 καὶ
1506 1671 1644 1718 δυνήσει
1656 1684 1693 1720 γε
1707 1674 1788 1704 Ant.
1801 1670 1846 1706 90
1863 1673 2039 1705 dum-modo
2054 1675 2187 1713 poteris.
2206 1669 2269 1714 κάξ

1390 1722 1450 1753 τοῦ
1477 1723 1536 1753 σοῦ
1563 1718 1689 1765 μόρου,
1720 1718 1800 1753 554.
1845 1719 1878 1754 οἱ
1903 1718 2078 1766 τηλικοίδε
2103 1718 2162 1753 καὶ
2181 1717 2270 1762 διδιῇ

1393 1766 1435 1812 δή
1454 1764 1533 1799 726.
1580 1766 1686 1813 ἄμφω
1702 1764 1777 1813 ’γὰρ
1796 1765 1882 1800 αὐτὰ
1897 1767 1956 1801 καὶ
1972 1769 2194 1800 κατακτεῖναι
2209 1776 2266 1799 νο

1392 1817 1443 1845 vet
1469 1815 1646 1855 interficere
1670 1816 1746 1846 vis?
1786 1814 1804 1833 *
1833 1814 1856 1859 ᾔ
1882 1813 1990 1847 πλείω
2014 1813 2108 1847 κακὰ
2125 1811 2232 1847 πάθοι

1393 1860 1515 1906 δρῶσιν
1534 1860 1680 1898 ἐκδίκως
1699 1860 1762 1906 ἐμέ
1779 1858 1799 1892 9
1825 1861 1848 1893 8
1866 1860 1961 1905 [secl.
1983 1859 2118 1905 Dind.].
2148 1857 2238 1894 οὕτω
2269 1856 2273 1865 ”

1391 1908 1450 1942 καὶ
1477 1907 1570 1942 δοκῶ
1593 1907 1632 1941 τὸ
1659 1908 1715 1941 σὸν
1738 1907 1843 1954 μέρος
1862 1906 1965 1941 1062.
2009 1906 2099 1953 ποίῳ
2126 1906 2164 1940 δὲ
2189 1904 2261 1940 κά·

1391 1954 1529 2001 τρόπῳ,
1555 1953 1655 1987 1314.
1699 1954 1732 1988 τί
1756 1954 1783 1988 δ’
1800 1954 1840 1988 ἄν
1860 1967 1902 2001 με
1918 1955 1979 1989 καὶ
1995 1953 2142 2000 κρίνοιςς
2164 1955 2220 1986 Tr.
2262 1953 2267 1981 ἐ

1393 2004 1444 2034 vel
1461 2004 1595 2042 coquam·
1609 2007 1716 2042 potest
1733 2003 1922 2043 exquirendi
1935 2004 2060 2034 causa?
2075 2004 2182 2035 ταῦτα
2193 1999 2252 2034 καὶ

1393 2047 1472 2082 600,
1517 2047 1748 2096 ἀνατέτροφας
1774 2048 1824 2083 ὅτι
1849 2049 1908 2083 καὶ
1926 2048 2018 2095 μύση
2039 2046 2130 2081 1008
2146 2059 2191 2080 m.
2240 2063 2253 2074 2

1392 2094 1585 2141 λογίζεσθαι
1610 2095 1719 2142 σχολή
1744 2098 1799 2128 Ai.
1829 2095 1909 2130 816.
1955 2094 1985 2129 εἰ
2009 2095 2069 2129 καὶ
2094 2094 2155 2143 ζῇς
2181 2093 2226 2129 θα
2254 2112 2257 2121 ι

1392 2146 1419 2175 si
1444 2146 1527 2175 vivis
1550 2145 1628 2175 adeo
1655 2154 1729 2175 cum
1754 2146 1895 2175 occisum
1922 2148 1951 2175 te
1967 2143 2069 2175 dicas.
2115 2145 2177 2175 ποῖ
2193 2139 2245 2187 βλ

1394 2190 1530 2237 θροεῖς,
1553 2188 1641 2223 1290
1659 2191 1758 2222 audes
1775 2191 1892 2222 adhuc.
1929 2189 1968 2224 οὐ
1986 2188 2050 2236 γὰρ
2069 2188 2206 2223 θανόντι
2251 2215 2253 2217 -

1393 2236 1539 2282 εμβῆναί
1564 2248 1599 2270 σε
1621 2237 1710 2284 χρή;
1737 2235 1837 2269 1348.
1880 2234 2120 2283 κάπιτηδεύειν
2138 2233 2232 2269 κακά

1391 2284 1413 2330 ἶ]
1432 2287 1539 2318 ταῦτα
1564 2283 1606 2329 δή
1632 2296 1673 2330 με
1697 2284 1756 2318 καὶ
1782 2283 2021 2330 βεβούλευνται
2043 2286 2173 2324 ποιεῖν,
2195 2279 2268 2314 38·

1391 2342 1525 2363 revera.-
1550 2333 1648 2373 plane
1676 2342 1713 2363 eo
1739 2342 1842 2363 sensu
1869 2333 2044 2364 Germanis
2069 2341 2129 2362 suo
2153 2329 2236 2362 auch
2249 2341 2254 2356 s

1393 2383 1453 2410 est.
1501 2377 1558 2411 ἐάν
1585 2390 1647 2424 περ
1673 2378 1732 2412 καὶ
1752 2377 1856 2438 λέγης
1873 2376 1952 2411 593.
1997 2377 2088 2415 εἰκὸς
2105 2376 2169 2423 γὰρ
2188 2375 2259 2422 ἐγχ

1391 2424 1449 2459 καὶ
1467 2424 1626 2472 πράσσειν
1643 2430 1763 2462 κακῶς
1785 2424 1886 2458 1026.
1921 2423 2055 2470 πολλῆς
2072 2422 2188 2461 ἀνοίας
2205 2432 2263 2457 κα

1393 2469 1516 2518 ρᾶσθαι
1540 2472 1624 2506 κενά
1650 2471 1750 2504 1054.
1797 2471 1888 2506 δεινὰ
1912 2472 1971 2506 καὶ
1994 2470 2119 2506 παθεῖν
2145 2481 2180 2503 σε
2207 2468 2242 2502 δε
2266 2503 2269 2506 ⁴

1395 2521 1485 2552 Locr.
1510 2518 1563 2561 11,
1588 2518 1618 2551 1.
1663 2518 1776 2553 πολλὰ
1799 2519 1859 2553 καὶ
1876 2517 1997 2553 λαθεῖν
2014 2517 2121 2552 καλόν
2137 2516 2247 2562 (vulg

1392 2568 1506 2598 Alead.
1532 2564 1607 2599 104.
2127 2563 2159 2608 (1
2175 2575 2209 2606 p.
2230 2563 2264 2599 Ἃ.

1462 2612 1494 2645 3.
1534 2615 1616 2645 Cum
1648 2614 1860 2646 adverbio.
1903 2611 2115 2659 ἐπηυδώμαν
2141 2611 2178 2644 σὲ
2206 2621 2260 2656 κιχ

1391 2658 1458 2692 395
1491 2662 1534 2692 cf.
1571 2663 1624 2692 Αἰ.
1661 2658 1742 2692 855.
1788 2659 1877 2693 ἔστιν
1912 2658 1953 2693 αὖ
1982 2656 2163 2692 κάνταῦθα
2193 2655 2263 2690 4Λ”

1389 2706 1559 2753 κάγγύθεν
1591 2706 1674 2740 θέαν
1704 2705 1823 2752 λαβεῖν
1853 2704 1934 2739 656.
1989 2705 2019 2739 εἰ
2047 2704 2107 2739 καὶ
2134 2703 2234 2739 πάλιν
2278 2699 2281 2706 ¹

1393 2753 1558 2799 μετοίσεις
1576 2751 1641 2786 961
1656 2780 1662 2794 ,
1693 2764 1758 2795 quo
1775 2761 1887 2786 tamen
1907 2755 1977 2785 loco
1993 2751 2052 2786 καί
2070 2754 2192 2785 rectius
2209 2753 2256 2784 fo

1393 2800 1557 2846 μετοίσεις
1582 2803 1748 2832 retuleris.
1810 2799 1916 2846 δῆλος
1942 2799 1979 2833 δὲ
2003 2798 2063 2833 καὶ
2087 2802 2146 2832 νῦν
2174 2797 2262 2831 ἐστι

1390 2853 1458 2886 νῶς
1477 2846 1590 2894 φέρων
1611 2845 1695 2880 1011
1723 2850 1774 2879 vel
1792 2858 1900 2888 nunc,
1930 2857 1995 2878 non
2012 2857 2101 2878 nunc
2117 2846 2238 2885 adhuc,

1392 2906 1426 2926 re
1452 2897 1633 2936 praeterita
1658 2905 1765 2926 sermo
1792 2905 1859 2926 non
1885 2898 1947 2927 est.
1991 2893 2050 2927 καὶ
2074 2891 2180 2926 πάλαι
2204 2902 2250 2925 νε

1392 2940 1532 2988 στείχων
1558 2939 1598 2974 ἂν
1623 2940 1646 2986 ἦ
1669 2940 1769 2973 1218.
1815 2940 1922 2974 τῶνδε
1939 2940 2003 2987 γὰρ
2020 2939 2120 2988 χάριν
2136 2937 2196 2973 καὶ
2213 2937 2230 2971 δ

1391 3000 1451 3034 μεν
1470 2990 1528 3021 OR
1547 2987 1624 3021 148.
1662 2985 1781 3021 ἔλθετε
1797 2988 1855 3021 καὶ
1872 2991 1932 3021 νῦν
1953 2985 2018 3020 166
2035 2988 2086 3019 ch.
2121 2986 2180 3020 καὶ
2195 2987 2231 3019 ν’
2257 3007 2264 3027 ,ι

1390 3035 1446 3072 τός
1464 3034 1533 3080 εἰμι
1549 3035 1601 3080 τῷ
1621 3033 1828 3080 βουλεύματι
1846 3033 1925 3066 557.
1963 3029 2023 3067 εἴτ’
2041 3032 2099 3067 οὖν
2119 3031 2171 3066 ἐπ’
2187 3030 2242 3079 ἀγ

1389 3080 1534 3116 κάνθάδ’
1551 3081 1684 3115 εἰσιδών
1706 3079 1807 3114 1049.
1837 3081 1873 3115 ὃν
1891 3079 2084 3126 κάμάτευες
2101 3092 2126 3113 π
2150 3078 2254 3114 όσθεπν

1394 3127 1484 3161 1052
1509 3140 1583 3160 oum
1610 3130 1801 3169 hyperbato.
1847 3127 1944 3161 εἶπον
1961 3128 2018 3161 καὶ
2037 3126 2124 3173 πρόσ
2149 3137 2196 3167 εν,
2249 3145 2255 3152 .

1390 3178 1448 3209 νῦν
1478 3176 1533 3207 OC
1563 3173 1642 3207 932.
1696 3174 1797 3230 ὅνπερ
1827 3174 1885 3208 καὶ
1914 3173 2020 3208 πάλαι
2046 3172 2255 3221 κατείχομε

1397 3220 1494 3254 1252.
1539 3222 1596 3256 καὶ
1615 3221 1722 3268 πάρος
1744 3220 1832 3253 1139
1852 3223 1902 3253 uh.
1933 3224 1974 3253 cf.
1996 3223 2110 3253 Herm.
2139 3224 2233 3252 item=
2252 3236 2254 3243 ·

1390 3269 1448 3302 καὶ
1482 3267 1589 3302 πάλαι
1619 3268 1784 3314 ἐρρόθουν
1815 3271 1897 3300 Ant.
1927 3265 1994 3300 289
2025 3270 2066 3299 cf.
2096 3269 2220 3299 Heind.
2252 3261 2261 3292 f

1392 3317 1536 3357 Sophist.
1559 3327 1591 3357 p.
1613 3313 1693 3348 279.
1732 3314 1794 3349 οὐκ
1813 3313 1915 3348 οἶσθα
1931 3314 1989 3347 καὶ
2006 3317 2063 3351 νῦν
2082 3312 2149 3346 316
2165 3323 2206 3344 ne
2260 3313 2261 3316 ’

1391 3363 1464 3394 dem
1487 3363 1655 3394 didicisti?
1693 3362 1751 3395 καὶ
1775 3364 1832 3395 νῦν
1913 3359 2041 3407 ὀφείλω
2064 3363 2137 3398 τοῖς
2155 3359 2260 3403 θεοῖςΔ

1389 3408 1489 3455 χάριν
1508 3407 1586 3442 330.
1625 3407 1723 3442 οὐδέν
1742 3407 1770 3440 0‘
1787 3407 1919 3441 ἀπιστῶ
1936 3407 1994 3441 καὶ
2012 3407 2062 3444 δὶς
2080 3406 2224 3452 οἰμῶξαι
