2288 3600
183 116 281 164 488

249 242 276 264 c.
308 233 540 273 Diphthonyus
554 243 628 265 cum
642 233 727 265 bremt
745 235 851 266 vocali
865 235 1049 274 copulatur.
1066 251 1105 256 —
1123 231 1134 275 [ᾗ
1152 234 1192 264 111

181 290 228 312 ου
247 291 269 312 α
286 284 405 319 regnat
423 292 455 319 α,
484 284 523 312 111
540 282 641 320 solet,
665 291 726 313 nec
743 282 918 313 dissensus
936 284 988 313 est
1004 281 1187 312 doctorum.

177 324 332 371 τάγαθοῦ
357 327 416 359 Ρ11.
430 325 509 360 456.
531 339 562 359 ν.
583 328 674 360 Pors.
696 329 736 360 ad
753 329 841 361 Med.
858 325 938 360 963.
966 326 1108 373 τάνδρός
1132 328 1188 360 Ai.

185 371 260 405 119.
283 371 362 406 789.
384 371 464 407 806.
486 375 543 406 on
560 371 640 406 362.
662 372 741 407 534.
772 373 851 408 952.
883 372 982 407 1018.
1013 372 1114 407 1044.
1136 375 1191 407 OC

184 418 284 454 1428.
309 418 409 453 1618.
439 422 494 454 Tr.
516 419 595 453 351.
618 420 697 454 387.
727 420 807 455 785.
831 419 940 462 1256,
968 423 1192 454 diverbiorum

180 469 278 499 haec:
309 469 345 498 in
363 470 554 510 anapaestis
571 467 712 514 τάνδρός
730 470 855 508 legitur
872 470 926 502 Ai.
947 467 1027 502 220.
1050 487 1092 492 —
1111 469 1126 511 11
1144 480 1161 502 ο
1173 480 1192 501 υ

180 526 196 547 ε
215 517 368 556 absorpta
386 517 490 547 vocali
507 517 542 547 in
562 527 600 549 ου
620 518 850 557 coniungitur,
879 521 1013 558 praeter
1030 514 1190 562 θάτέρου,

181 563 222 594 de
239 571 305 603 quo
323 573 354 593 V.
371 563 513 595 Philem.
535 573 568 604 p.
586 560 641 595 46.
665 564 842 600 Τ110,111.Μ.
865 574 896 605 p.
918 561 994 596 121.
1016 565 1132 595 Valck.
1154 564 1195 594 ad

182 610 308 641 Phoen.
335 606 416 642 896.
445 611 581 651 Hippol.
611 607 691 643 349.
722 611 867 643 Meinek.
897 612 938 643 ad
955 611 1129 643 Menandr.
1156 620 1190 651 p.

183 653 263 688 581.
294 657 434 696 Legitur
451 658 512 689 hoc
529 657 590 689 Ph.
608 654 687 689 597.
703 677 743 681 —
761 656 892 702 τούμοῦ
910 659 1009 698 vulgo
1022 658 1194 699 aphaeresi

183 705 298 735 donari
316 705 453 736 solitum
470 704 530 737 Ph.
551 701 632 736 344.
662 705 717 737 OC
735 702 816 737 243.
846 702 926 738 419.
958 702 1059 737 1141.
1090 700 1191 736 1329.

183 750 242 782 ΟΒ
257 747 339 783 264.
360 752 414 783 Α1.
436 749 516 784 534.
536 749 735 789 τούπιόντος
753 753 809 784 On
826 750 905 784 393.
927 752 982 784 OC
1000 749 1080 793 752,
1109 761 1195 792 quae

183 799 295 829 omnia
313 799 538 830 diverbiorum
556 802 646 831 sunt.
674 796 928 837 τούξανιστάναι
946 800 1000 831 OC
1019 797 1064 830 47
1082 803 1117 830 et
1133 800 1194 831 τοῦ

182 849 219 876 et
234 844 272 878 τὸ
291 844 501 884 ἐξανιστάναι
517 846 631 877 haberi
647 848 780 887 poterit.
801 865 847 869 —-
863 850 878 885 ΙΙ
895 847 1000 885 Magis
1018 847 1126 878 adhue
1142 846 1194 877 di-

184 896 278 924 stant
302 893 393 924 inter
417 903 453 924 se
479 904 517 926 οι
534 904 556 925 οι
581 903 679 934 quam
697 904 742 926 ου
762 906 794 934 α,
825 904 890 925 11011
910 895 1022 924 minus
1040 894 1196 925 coeuntia

183 941 220 971 in
246 951 268 972 α
284 941 463 981 praecipuo
480 941 623 981 quodam
647 942 719 972 iure
738 941 869 973 donato.
904 938 1028 987 ἀγαθοί
1046 941 1105 972 Ρ11.
1127 937 1195 972 873

184 987 284 1027 vulgo
310 984 342 1020 οἱ
367 981 490 1031 ’γαθοί,
518 988 634 1019 Laurr.
657 988 742 1019 Flor.
764 984 790 1021 Γ
808 986 933 1033 ἀγαθοί
950 989 987 1019 111
1007 997 1072 1028 quo
1090 987 1195 1019 vesti-

185 1035 278 1074 gium
301 1035 393 1066 veri:
431 1035 472 1065 de
494 1035 703 1066 librariorum
728 1035 780 1066 his
805 1036 972 1067 erroribus
1006 1045 1037 1066 v.
1067 1035 1190 1073 Reisig.

184 1082 207 1112 1.
230 1091 257 1113 0.
278 1091 312 1122 p.
327 1078 384 1113 27.
414 1081 485 1113 Hoc
501 1091 610 1113 unum
627 1086 754 1113 eertum
772 1085 823 1114 est
842 1083 915 1114 eius
934 1091 1060 1113 craseos
1078 1091 1195 1113 exem-

129 1126 133 1129 “
184 1129 293 1168 plum.
327 1129 412 1160 Nam
437 1125 558 1172 ἄνδρες
584 1129 638 1160 Ai.
660 1125 704 1160 99
730 1133 764 1160 et
790 1129 843 1161 El.
867 1125 957 1161 1398
981 1130 1022 1160 ab
1047 1130 1095 1161 eis
1114 1129 1195 1160 scri—

185 1179 302 1216 ptum,
331 1176 389 1215 qui
412 1176 448 1207 in
472 1179 638 1207 certorum
664 1176 837 1207 hominum
862 1177 1089 1218 appellatione
1113 1176 1195 1207 arti-

186 1223 301 1254 culum
318 1224 432 1254 abesse
450 1232 516 1254 non
534 1233 630 1264 posse
648 1224 710 1254 sibi
736 1228 973 1265 persuaserant
986 1249 993 1261 ,
1022 1223 1109 1264 quod
1133 1223 1198 1254 fal-

185 1279 262 1300 sum
279 1279 354 1301 esse
371 1271 406 1301 in
424 1280 457 1301 v,
486 1268 573 1315 ἀνήρ
599 1271 791 1311 docuimus;
822 1272 858 1301 in
876 1271 930 1302 OC
949 1268 1016 1303 653
1035 1270 1196 1302 articulus

1176 109 1234 163 ζ0

1925 124 2014 168 [up.
2027 89 2257 171 210-213.T
2280 90 2283 93 ’

1228 234 1332 265 Recte
1349 235 1463 264 autem
1480 233 1612 272 dicitur,
1634 242 1711 264 cum
1728 232 1848 264 resolvi
1872 231 2040 264 commode
2056 234 2168 274 potest
2183 232 2242 265 ad-

1228 281 1336 312 hibito
1352 280 1548 321 pronomine
1574 280 1716 311 relativo
1727 304 1735 320 ,
1764 277 1856 311 unde
1873 279 1985 311 crebro
2001 287 2077 311 cum
2094 279 2242 319 eleganti

1227 328 1496 368 breviloquentia
1509 327 1642 359 dicitur.
1663 326 1779 358 Minus
1795 327 1974 368 perspicue
1986 326 2029 358 de
2045 325 2107 358 1100
2119 335 2242 367 genere

1229 375 1317 406 dixit
1333 375 1454 406 Matth.
1477 374 1517 405 ad
1534 374 1614 405 Eur.
1637 374 1754 406 Troad.
1775 370 1855 405 401.
1881 369 2024 419 τοῦργον
2047 371 2088 406 οὺ
2106 381 2179 418 μακ
2209 371 2241 406 ’ν

1229 419 1338 466 λέγεις
1364 421 1424 454 Ρ11.
1446 418 1533 454 261.
1554 431 1585 462 q.
1614 419 1652 454 τὸ
1677 418 1774 465 ἔργον
1802 418 1820 453 ὃ
1837 417 1946 466 λέγεις
1970 417 2011 454 οὐ
2029 430 2101 464 μακ
2121 418 2163 454 άν
2203 418 2241 454 έ-

1229 479 1310 514 γεις.
1338 467 1452 502 κείνου
1469 466 1508 501 τὸ
1525 465 1745 512 θησαύρισμα
1762 465 1938 512 σημαίνεις
1951 463 2008 499 37.
2027 465 2079 504 τίς
2133 464 2242 506 πόθος

1231 513 1353 552 αὐτοὺς
1375 513 1471 549 ἵκετο
1495 512 1574 547 601.
1597 511 1677 547 οὑπὶ
1701 513 1758 560 νηὶ
1783 512 1826 559 γὰ
1864 511 1940 551 ἅλις
1957 512 2062 552 πόνος
2078 511 2158 547 891.
2178 513 2242 560 τὴν

1230 560 1398 608 ἁμαρτίαν
1425 559 1571 609 αἰσχρὰν
1589 559 1663 605 ἁμα
1685 561 1752 594 τών
1776 558 1820 593 12
1845 559 1877 594 8.
1897 562 1921 593 1.
1942 569 1974 602 q.
1995 559 2158 606 ἁμαρτών
2173 572 2206 595 τι
2223 560 2242 595 ὃ

1231 608 1312 656 αἰσχ
1335 609 1372 642 ὸν
1390 608 1568 654 ἁμαρτεῖν.
1595 572 1705 641 τῶνΞε
1729 607 1792 654 γὰρ
1810 606 1916 642 πλέον
1941 605 2037 654 φέρω
2058 605 2242 646 τὸσπένθος

1231 657 1289 689 OR
1329 654 1362 689 4.
1391 655 1469 694 ὅσος
1487 650 1566 701 παρ’
1583 653 1665 700 ὑμῖν
1683 654 1701 689 ὁ
1721 653 1850 701 φθόνος
1868 653 2074 700 φυλάσσεται
2091 652 2171 688 382.
2193 653 2244 689 ὅτι

1233 702 1250 737 ὁ
1269 703 1387 748 μάντις
1404 702 1485 741 τοὺς
1501 701 1626 749 λόγους
1652 701 1790 748 ψευδεῖς
1808 700 1901 748 λέγοι
1918 698 1997 735 526.
2018 700 2051 735 εἴ
2075 713 2128 736 τοι
2145 701 2242 748 νομί-

1232 750 1298 790 ζεις
1322 755 1440 788 κακῶς
1466 749 1554 797 δρῶν
1573 748 1638 795 οὐχ
1664 747 1794 795 ὑφέξειν
1812 749 1875 795 τὴν
1900 747 1999 792 δίκην
2016 746 2086 782 552
2103 749 2244 782 debitam

1229 808 1370 839 poenam
1394 799 1485 829 dicit.
1515 796 1554 831 οὐ
1580 796 1644 843 γὰρ
1668 794 1788 843 γένοιτ’
1806 794 1846 830 ἂν
1870 795 1921 835 εἷς
1945 808 1983 843 γε
2005 798 2080 834 τοῖς
2098 794 2244 834 πολλοῖς

1231 843 1305 883 ἴσος
1330 843 1411 878 845.
1441 846 1585 877 Brunck.
1614 854 1679 876 non
1704 845 1880 876 intellecta
1916 845 2064 885 corrupit
2084 854 2134 881 τις
2159 845 2243 876 scri-

1231 894 1351 925 bendo.
1396 894 1465 924 Nec
1489 903 1517 924 c.
1538 893 1609 924 Eri'.
1635 896 1671 923 et
1695 892 1811 923 Herm.
1847 892 1887 923 ad
1911 891 1986 932 vig.
2015 901 2050 932 p.
2079 888 2147 922 727
2170 891 2244 923 illos

1230 942 1350 972 multos
1375 940 1439 971 dici
1458 941 1598 971 arbitror
1610 963 1618 974 ‚
1646 949 1666 970 a
1684 938 1798 980 quibus
1815 938 1939 970 Laium
1962 937 2173 977 interfectum
2190 939 2246 970 Io—

1231 991 1320 1019 casta
1332 990 1538 1027 narraverat,
1561 986 1621 1018 sed
1636 994 1813 1017 numerum
1825 986 1976 1025 plurium
1992 986 2162 1025 universe,
2183 986 2243 1027 qui

1231 1035 1310 1075 quia
1334 1035 1411 1075 plus
1438 1043 1506 1065 uno
1532 1033 1765 1073 complectitur
1790 1033 1851 1063 uni
1883 1033 2016 1064 cuidam
2040 1033 2241 1071 contrarius,

1232 1082 1394 1112 definitus
1412 1091 1486 1113 esse
1504 1081 1668 1119 cogitatur
1685 1079 1753 1117 (die
1778 1079 1946 1118 Vielzahl).
1977 1077 2057 1113 ὅταν
2084 1072 2109 1112 δ’
2137 1077 2155 1112 ὁ
2178 1077 2244 1113 κύ-

1233 1139 1303 1173 ριος
1329 1127 1425 1174 παρῇ
1446 1138 1509 1168 τις,
1537 1125 1634 1171 ὑμῶν
1661 1124 1750 1163 ὅστις
1776 1124 1865 1159 ἐστὶν
1882 1123 2022 1172 ἡγεμών
2048 1126 2103 1159 OC
2120 1123 2191 1158 288
2222 1126 2242 1160 ὸ

1232 1177 1379 1208 Brunck.
1402 1185 1467 1206 sec.
1484 1175 1585 1206 Tricl.
1602 1174 1741 1206 delevit.
1764 1172 1781 1206 ὁ
1799 1171 1916 1220 κύριός
1931 1184 1982 1210 τις
1998 1176 2052 1205 est
2068 1175 2095 1204 is
2112 1174 2243 1214 aliquia,

1229 1232 1327 1263 penes
1353 1232 1446 1264 quem
1467 1225 1608 1262 potestas
1633 1224 1702 1252 est:
1730 1231 1760 1252 v.
1782 1221 1896 1252 Herm.
1925 1214 2004 1253 ὥστ’
2030 1217 2099 1253 ἐστί
2152 1230 2184 1253 οι
2205 1220 2246 1254 τὸ

1232 1268 1351 1302 λοιπὸν
1385 1267 1483 1302 οὐδὲν
1516 1266 1603 1302 ἄλλο
1636 1265 1728 1312 πλὴν
1754 1265 1863 1300 εἰπεῖν
1888 1265 1918 1299 ὁὶἡ
1937 1260 2058 1321 χρῄζω
2084 1231 2164 1299 5713.
2193 1261 2247 1312 ἆρ’

186 1318 228 1348 ab
244 1317 360 1349 Herm.
381 1317 534 1357 additus,
556 1319 621 1349 etsi
639 1319 822 1349 necessitas
842 1318 935 1349 nulla
951 1321 1129 1357 comparet.
1154 1334 1194 1339 —
1232 1314 1353 1351 ἄθλιον
1370 1313 1541 1352 τοῦνειδος
1558 1313 1732 1355 ὠνείδισας
1763 1311 1842 1347 753.
1869 1313 1920 1351 τίς
1945 1314 2016 1349 ποθ
2047 1312 2071 1358 ἡ
2099 1311 2185 1358 βοή;
2214 1313 2246 1347 τί

187 1361 199 1406 ΙΙ
213 1374 244 1396 οι
278 1374 294 1396 ε
318 1365 430 1405 ipsum
449 1373 580 1405 quoque
610 1375 684 1396 cum
702 1365 875 1406 aphaeresi
900 1366 999 1396 scribi
1023 1365 1101 1396 olim
1120 1364 1198 1395 soli-

187 1415 263 1442 tum
295 1411 471 1442 elisionem
504 1412 634 1443 mediae
657 1413 781 1443 vocalis
815 1422 950 1453 passum
982 1414 1017 1443 111
1044 1422 1091 1444 ου
1117 1412 1192 1443 coit.

186 1458 275 1489 Male
292 1459 382 1489 enim
401 1458 492 1490 Pors.
521 1459 562 1490 ad
579 1459 661 1490 Hec.
682 1455 761 1490 338.
783 1459 907 1491 Phoen.
930 1456 994 1490 641
1023 1468 1088 1490 non
1106 1458 1196 1489 niul-

1232 1361 1393 1410 τοὺργον;
1422 1360 1502 1395 886.
1530 1365 1589 1395 νῦν
1616 1360 1643 1395 δ’
1669 1360 1782 1407 ὥσπερ
1806 1359 1907 1398 αὐτὸς
1922 1359 2003 1399 τοὺς
2020 1359 2149 1404 νόμους
2174 1359 2244 1394 εἰσ-

1232 1408 1313 1456 ῆλθ’
1359 1409 1470 1456 ἔχων,
1514 1408 1680 1443 τούτοισιν
1721 1406 1980 1454 ἁρμοσθήσεται
1996 1405 2064 1441 908
2098 1408 2243 1440 Brunck.

1232 1468 1309 1490 cum
1335 1459 1410 1489 aliis
1428 1458 1542 1489 multis
1560 1454 1686 1500 οὕσπερ
1709 1466 1767 1496 pro
1792 1455 1918 1501 ὥσπερ.
1947 1465 2024 1487 suas
2051 1456 2136 1495 leyes
2153 1459 2246 1487 attu-

190 1509 266 1536 tum
283 1506 408 1537 referre
433 1509 510 1537 utro
528 1507 690 1537 scribatur
715 1507 810 1537 modo
826 1508 1020 1546 affirmabat,
1052 1510 1086 1537 et
1101 1506 1197 1536 libris
1231 1507 1311 1537 lisse
1330 1505 1508 1537 Creontem
1532 1505 1624 1536 dicit.
1654 1502 1744 1549 ἔγεις
1769 1501 1832 1559 γάρ
1856 1501 1933 1549 οὐχὶ
1960 1500 2040 1547 βαιὰ
2063 1499 2247 1547 τάνθυμή-

189 1553 291 1583 etiam
307 1552 485 1584 adiuvatur
509 1555 611 1584 erasis
635 1554 709 1592 illa,
739 1554 945 1584 Brunckium
965 1557 1061 1585 nacta
1078 1553 1196 1584 adver-

190 1601 316 1631 sarium
332 1600 372 1631 ad
389 1599 448 1631 OR
456 1596 524 1631 939
543 1603 576 1631 01
593 1601 650 1631 Α1.
665 1601 747 1632 Ran.
762 1598 842 1641 461,
863 1602 1055 1632 defensores
1069 1601 1193 1639 Reisig.

189 1647 212 1678 1.
233 1655 261 1678 0.
281 1656 315 1687 p.
336 1643 382 1677 24
405 1650 440 1678 et
456 1647 658 1679 Elmsleium
681 1648 716 1678 in
734 1658 821 1679 mus.
842 1657 886 1679 cr.
909 1647 1006 1679 Cant.
1028 1646 1060 1679 5.
1082 1658 1115 1688 p.
1137 1643 1193 1678 26.

188 1694 304 1726 Unum
335 1703 388 1734 ap.
420 1693 521 1735 Soph.
549 1698 602 1726 est
626 1692 828 1740 οὑπιχώριοι
853 1695 911 1726 OR
934 1691 1002 1726 939
1036 1695 1198 1726 librorum

191 1742 360 1781 omnium,
391 1744 425 1772 et
444 1737 533 1772 1046
550 1742 608 1773 ubi
633 1734 730 1774 codd?
746 1743 906 1773 Brunckii
925 1742 956 1773 D
975 1742 1001 1772 Τ
1021 1740 1052 1774 οἱ
1074 1738 1198 1787 ’πιγώ-

190 1798 254 1834 ριοι
270 1788 428 1820 feruntur
444 1789 577 1829 habere,
599 1790 683 1820 item
708 1787 916 1835 οὑπιγώριος
934 1789 1046 1821 Colch.
1067 1790 1108 1820 fr.
1130 1781 1198 1819 314

189 1845 209 1866 a
227 1831 258 1867 1.
279 1853 324 1858 —
341 1835 355 1877 u
373 1835 467 1874 Quod
492 1836 545 1866 his
570 1837 725 1868 omnibus
748 1830 949 1868 contrarium
966 1840 1035 1875 est,
1061 1837 1197 1867 brevem

188 1883 335 1914 vocalem
362 1892 438 1914 cum
463 1882 670 1924 diphthongo
695 1884 853 1922 coniungi
878 1884 913 1913 in
930 1893 1036 1914 unum
1071 1880 1198 1918 αὑτός

189 1929 296 1970 cadit,
325 1930 524 1971 egimusque
547 1931 588 1961 de
605 1940 644 1961 ea
668 1940 702 1962 re
720 1931 754 1961 in
773 1931 967 1971 pronomine
986 1927 1097 1966 αὐτός.
1134 1929 1197 1961 Sed

189 1974 321 2009 αὑταί
347 1986 405 2018 pro
429 1975 464 2009 αἱ
489 1974 590 2010 αὐταί
614 1978 679 2008 dici
706 1987 771 2008 non
789 1978 939 2018 potuisse
957 1979 1106 2015 affirmo,
1136 1977 1199 2007 etsi

188 2024 323 2064 scripsit
356 2024 470 2056 Herm.
511 2024 594 2056 Ant.
623 2021 708 2058 920.
751 2025 807 2055 ubi
841 2021 940 2056 αὗται
980 2024 1196 2065 probabilius,

188 2080 379 2111 quanquam
405 2072 508 2103 etiam
529 2068 628 2104 αὐταί
651 2071 770 2111 habet,
799 2081 863 2112 quo
890 2072 1103 2103 defendatur.
1132 2071 1200 2102 Nec

189 2114 230 2150 ἂν
248 2127 289 2149 ex
314 2114 350 2150 αἳ
367 2115 408 2150 ἄν
425 2118 484 2150 OR
503 2115 589 2150 1231
609 2119 740 2159 probari
758 2122 881 2159 potest.
901 2115 954 2161 [αἳ
971 2118 1074 2149 Dind.
1095 2128 1122 2150 c.
1142 2118 1201 2148 LA

188 2174 262 2205 pr.:
292 2162 328 2198 αἳ
343 2158 370 2197 ’ν
388 2165 448 2196 LA
466 2175 509 2197 m.
531 2174 595 2198 rec.
618 2169 654 2197 et
679 2166 715 2196 in
733 2175 833 2205 marg.
855 2163 891 2198 αἳ
909 2162 981 2208 ἂν]

263 2212 295 2244 d.
324 2211 554 2252 Diphthonqus
579 2222 654 2243 cum
677 2213 777 2252 lonya
800 2213 905 2243 vocali
921 2213 975 2243 vel
993 2212 1201 2252 diphthongo

191 2259 304 2299 altero,
325 2259 352 2289 si
376 2255 544 2303 ηὑλάβεια
567 2260 742 2300 exceperis
767 2259 821 2291 OC
842 2256 919 2299 116,
946 2259 1033 2299 quod
1057 2259 1201 2290 libenter

192 2306 371 2337 scriberem
388 2303 561 2350 εὐλάβεια,
581 2307 656 2337 libri
675 2307 702 2337 si
716 2306 919 2345 addicerent,
950 2307 986 2336 in
1003 2307 1063 2338 τοῦ
1082 2303 1197 2344 αὐτοῦ,

191 2350 242 2398 τῷ
259 2349 356 2397 αὐτῷ
373 2354 440 2384 solo
458 2353 684 2392 coniungitur,
705 2353 746 2384 de
764 2354 887 2394 quibus
904 2356 1015 2384 actum
1031 2353 1067 2383 in
1085 2349 1197 2388 αὐτός.

199 2417 237 2423 --
251 2399 389 2431 Formae
402 2401 508 2439 igitur
524 2401 657 2431 articuli
671 2401 705 2430 in
718 2401 853 2431 brevem
867 2400 1015 2431 vocalem
1033 2403 1201 2431 exeuntes

194 2447 296 2478 etiam
313 2447 350 2477 in
366 2447 496 2478 melicis
513 2447 603 2478 haud
619 2457 691 2478 raro
708 2447 816 2478 crasin
830 2448 1020 2488 patiuntur,
1040 2447 1136 2485 longa
1149 2446 1201 2477 vel

193 2492 399 2535 diphthongo
421 2494 539 2525 finitae
557 2503 742 2534 nunquam.

265 2540 302 2572 B.
329 2540 434 2571 Uene
457 2542 644 2572 articuli
663 2542 958 2581 praepositivz'
983 2541 1201 2580 3971130ιί-

195 2597 280 2619 cus.
300 2605 347 2610 ——
370 2587 535 2619 Universa
551 2588 643 2619 rebus
668 2589 762 2619 certis
777 2597 816 2619 ex
839 2591 923 2618 cerlo
941 2587 1054 2618 ordine
1071 2586 1202 2617 desum-

190 2635 259 2673 ptis
276 2635 461 2666 accuratius
478 2634 682 2676 definiendis,
702 2636 767 2675 vel,
790 2635 817 2665 si
834 2643 1047 2676 praegressae
1060 2634 1199 2671 suerint,

194 2680 386 2712 revocandis
409 2684 439 2712 et
463 2681 668 2712 inculcanda
684 2682 863 2713 articulum
888 2682 1113 2713 constitutum
1130 2689 1203 2711 esse

196 2730 313 2759 notum
330 2730 392 2759 est.
406 2745 510 2759 —.—
531 2725 561 2760 1.
593 2729 784 2760 Nominibus
800 2729 1006 2769 applicatur:
1036 2738 1065 2759 a.
1087 2727 1101 2768 ΙΙ
1121 2726 1203 2758 Pro-

192 2775 276 2813 priis
292 2784 344 2815 ap.
366 2778 469 2814 tragg.
486 2776 585 2816 paulo
602 2776 729 2815 rarius;
752 2776 816 2806 etsi
835 2785 878 2806 ne
895 2775 1048 2814 colligere
1066 2775 1204 2814 quidem

197 2821 309 2851 omnia
326 2822 481 2863 exempla
497 2831 581 2863 opus
599 2826 662 2854 est.
684 2819 708 2867 ἡ
728 2818 806 2855 Σπά
887 2822 948 2853 Ρ11.
965 2818 1044 2852 325.
1066 2818 1089 2864 ἡ
1110 2817 1203 2854 Σκῦ-

199 2877 255 2912 ρος
273 2864 351 2899 326.
379 2866 442 2912 τὴν
462 2865 595 2914 Σκῦρον
613 2866 691 2901 381.
721 2866 824 2906 αὐτὸς
840 2866 1023 2905 ουὸυσσεύς
1041 2865 1120 2900 572.
1168 2866 1204 2899 “ν

198 2911 253 2959 Λῆ
282 2924 340 2946 νον
360 2912 460 2947 1060.
482 2913 500 2947 ὁ
518 2915 580 2960 μὲν
598 2913 657 2948 οὖν
675 2912 765 2952 Ζεὺς
782 2913 800 2948 ὅ
817 2913 845 2947 τ’
860 2911 1033 2949 Ἀπόλλων
1050 2915 1108 2947 OR
1121 2878 1201 2946 498.

199 2959 217 2993 ὁ
277 2958 352 2997 άιος
375 2958 453 2993 729.
482 2959 505 3006 ἡ
532 2959 703 3007 Κόρινθος
728 2958 807 2994 997.
841 2963 916 2998 ταῖς
941 2958 997 3039 Θὲ
1021 2972 1072 2998 αις
1101 2958 1200 2992 1380.

198 3005 259 3045 τὰς
275 3003 426 3051 Ἀθήνας
443 3009 498 3041 OC
515 3006 572 3041 24.
593 3006 673 3040 260.
703 3007 720 3042 ὁ
739 3005 868 3053 Φοῖβος
887 3009 939 3039 El.
1002 3033 1009 3040 .
1037 3007 1085 3053 τῷ
1099 3004 1204 3052 Λύκῳ

201 3055 241 3085 fr.
261 3055 342 3094 Aeg.
359 3051 412 3096 19,
427 3052 448 3086 3
465 3053 530 3100 [τῷ
545 3057 692 3087 incertae
704 3060 758 3087 est
774 3056 852 3087 fidei
872 3081 879 3086 .
901 3053 918 3087 ὁ
934 3051 1082 3100 Σίσυφος
1101 3055 1201 3093 synd.

203 3098 279 3138 155,
296 3099 326 3132 1.
345 3100 402 3134 τὸν
420 3098 583 3146 Εὐρώταν
602 3103 678 3134 Lac.
692 3099 770 3142 339,
790 3100 822 3134 1.
892 3097 1027 3147 Κύπρις
1043 3102 1109 3133 1110.
1123 3098 1202 3141 678,

204 3145 235 3178 1.
265 3147 332 3179 Suo
348 3148 422 3180 iure
444 3149 481 3179 in
498 3150 551 3180 his
569 3150 731 3181 articulus
748 3153 896 3188 constat,
915 3149 973 3180 sed
991 3149 1091 3189 paulo
1107 3148 1208 3179 aliter

200 3194 422 3233 intelligenda
433 3197 602 3227 sententia
612 3197 721 3227 omitti
735 3199 826 3227 recte
837 3199 961 3237 posset,
979 3198 1110 3236 praeter
1122 3195 1206 3226 iuris

138 3256 140 3258 v
200 3240 336 3272 iurandi
350 3242 527 3273 formulam
541 3241 584 3287 νὴ
610 3243 660 3276 τὼ
684 3239 866 3288 Λαπέρσα,
893 3240 936 3285 νὴ
962 3240 1019 3275 τὸν
1043 3237 1207 3286 Εὐρώταν

202 3283 312 3331 τρίτον
330 3288 470 3319 Lacaen.
498 3289 540 3320 fr.
559 3285 638 3329 339,
662 3287 693 3321 1.

272 3334 305 3366 b.
331 3333 346 3375 ΙΙ
371 3334 585 3375 Appellativis
608 3337 746 3367 iunctus
771 3339 912 3367 eatenus
936 3345 956 3367 a
979 3335 1074 3366 nobis
1090 3337 1207 3366 enota-

203 3380 304 3421 bitur,
341 3390 407 3422 qua
438 3382 609 3425 aliquanto
639 3383 933 3415 memorabiliorem
962 3382 1063 3414 habet
1091 3390 1205 3414 usum.

1235 1564 1325 1596 ματα
1345 1549 1445 1584 1199.
1473 1549 1504 1583 τί
1522 1545 1549 1583 δ’
1575 1548 1614 1583 ἂν
1639 1543 1754 1586 θέλοις
1780 1561 1817 1582 το
1842 1548 1958 1583 πιστὸν
1983 1548 2132 1596 ἐμφῦναι
2149 1547 2246 1595 φρενί

1235 1597 1325 1632 1488
1342 1601 1363 1630 i.
1385 1609 1415 1631 e.
1434 1596 1464 1630 τί
1480 1597 1519 1631 τὸ
1536 1597 1651 1630 πιστὸν
1671 1596 1782 1631 ἐκεῖνο
1794 1623 1801 1637 ,
1836 1595 1854 1630 ὃ
1872 1594 1984 1633 θέλεις
2002 1595 2161 1641 ἐμφῦναι.
2189 1595 2248 1629 καὶ

1235 1646 1304 1691 μὴν
1331 1644 1348 1679 ὁ
1368 1642 1495 1724 {rioilo}
1520 1640 1546 1691 γ’
1574 1643 1673 1682 οὗτος
1702 1645 1781 1675 Ant.
1802 1641 1883 1676 221.
1913 1641 2050 1689 ἄσημος
2077 1641 2246 1689 οὑργάτης

1233 1705 1282 1730 τις
1307 1692 1350 1738 ἦν
1393 1690 1449 1724 52.
1479 1690 1616 1746 εἷςκγάρ
1640 1702 1690 1728 τις
1722 1689 1765 1735 ἦν
1791 1688 1933 1727 ἕκαστος
1967 1688 2247 1737 οὑξειργασμένος

1234 1738 1313 1772 262.
1343 1737 1457 1772 πολλὰ
1472 1738 1514 1772 τὰ
1531 1737 1625 1772 οεινά
1643 1736 1710 1770 333
1728 1739 1778 1769 ch.
1799 1732 1855 1782 ἥδ’
1881 1731 1948 1770 ἐστ’
1971 1736 2087 1782 ἐκείνη
2103 1734 2246 1783 τοῦργον

1235 1785 1483 1833 ἡξειργασμένη
1502 1783 1579 1818 384.
1602 1787 1641 1817 In
1661 1787 1719 1817 LA
1734 1789 1769 1816 et
1782 1785 1954 1816 nonnullis
1970 1785 2132 1817 articulus
2145 1786 2246 1816 omit-

1235 1836 1339 1874 titur,
1367 1836 1402 1865 in
1428 1835 1503 1865 aliis
1521 1831 1620 1866 ἐκείν’
1636 1831 1659 1876 ἡ
1686 1842 1751 1864 11011
1770 1833 1909 1863 ferenda
1924 1832 2066 1863 elisione
2083 1832 2247 1872 scriptum

1236 1886 1307 1913 est:
1337 1882 1531 1912 emendavit
1556 1882 1700 1912 Brunck.
1736 1877 1867 1912 τούτων
1893 1878 1961 1924 ἐγὼ
1994 1876 2059 1911 οὐκ
2085 1875 2258 1922 ἔμελλον,-

1238 1926 1272 1960 ἐν
1299 1926 1410 1962 θεοῖσι
1434 1927 1496 1973 τὴν
1530 1925 1628 1972 δίκην
1653 1925 1772 1959 δώσειν
1795 1923 1864 1957 459
1888 1927 1910 1957 i.
1932 1935 1962 1957 e.
1992 1935 2090 1966 quam
2112 1925 2249 1957 daturus

1236 1985 1336 2012 eram,
1365 1979 1447 2006 certe
1472 1975 1561 2014 apud
1581 1974 1655 2005 deos
1679 1975 1773 2005 nolui
1797 1973 1888 2005 dare.
1916 1970 1945 2005 εἰ
1971 1971 2010 2005 δὲ
2033 1974 2095 2006 τοῦ
2119 1970 2246 2027 χρόνου

1237 2020 1382 2067 πρόσθεν
1401 2019 1573 2065 θανοῦμαι
1590 2018 1653 2052 461
1676 2024 1780 2052 1110110
1798 2019 1906 2050 debita
1921 2022 1952 2050 et
1966 2020 2123 2051 naturati.
2145 2028 2163 2051 0
2190 2016 2248 2052 λοῖ

1235 2068 1273 2102 τὸ
1299 2067 1438 2114 γέννημ’
1460 2068 1554 2124 ὠμὸν
1582 2066 1616 2106 ἐξ
1641 2067 1739 2111 ὠμοῦ
1763 2065 1891 2111 πατρὸς
1907 2069 1969 2111 τῆς
1987 2064 2109 2103 παιδός
2125 2063 2171 2097 47
2211 2075 2243 2097 v.

1237 2117 1351 2148 Herm.
1390 2114 1438 2159 μὴ
1464 2126 1524 2151 τας
1551 2114 1674 2160 φρένας
1706 2111 1734 2159 γ’
1759 2107 1815 2158 ὑφ’
1846 2111 1975 2157 ἡδονῆς
2001 2111 2154 2159 ἐκβάλῃς
2180 2109 2249 2144 648

1237 2167 1329 2194 tuam
1351 2167 1491 2194 mentem
1515 2160 1633 2205 [Dind.
1662 2162 1767 2192 eiecto
1790 2158 1850 2196 τὰς
1882 2165 1960 2201 post
1991 2157 2088 2204 ἡδον.
2121 2159 2250 2192 addidit

1237 2208 1384 2253 Eup-213}
1410 2208 1467 2242 ἵνα
1484 2209 1540 2242 τὸν
1567 2207 1675 2252 θυμὸν
1701 2206 1801 2244 οὗτος
1826 2206 1861 2244 ἐς
1884 2206 2072 2252 νεωτέρους
2097 2204 2172 2252 ἀφῇ
2187 2204 2245 2239 καὶ

1237 2256 1307 2302 γνῷ
1329 2255 1463 2302 τρέφειν
1497 2255 1559 2300 τὴν
1589 2254 1744 2300 γλῶσσαν
1774 2252 1936 2300 ἠσυχωτέ
1959 2265 1999 2286 αν
2027 2250 2116 2286 1088
2133 2263 2184 2294 sq.
2218 2251 2248 2286 ὦ

1240 2303 1351 2348 μάντι,
1377 2301 1501 2340 τοῦπος
1527 2303 1573 2339 ώς
1589 2296 1642 2347 ἄρ’
1666 2299 1769 2347 ὀρθὸν
1787 2299 1914 2345 ἤνυσας
1957 2298 2034 2332 178.
2063 2294 2139 2332 ἀλλ’
2157 2298 2246 2336 ὅστις

1237 2348 1280 2394 ῆν
1299 2349 1316 2384 ὁ
1336 2348 1459 2395 μῦθος,
1485 2347 1584 2386 αὖθις
1608 2347 1723 2381 εἴπατε
1743 2345 1833 2379 1190
1851 2351 1904 2379 est
1927 2345 2060 2384 ἐκεῖνος
2084 2345 2102 2380 ὁ
2121 2344 2244 2391 μῦθος,

1239 2408 1334 2438 quem
1350 2397 1532 2429 audiebam.
1560 2395 1583 2441 ἦ
1609 2395 1666 2429 τὸν
1684 2393 1836 2428 ἄσκοπον
1853 2392 1977 2439 χρόνον
1996 2391 2106 2438 βεβὼς
2128 2391 2172 2439 ἦν
2189 2393 2243 2426 Tr.

1238 2442 1307 2476 246
1324 2445 1347 2475 i.
1369 2455 1397 2476 0.
1418 2443 1476 2477 τὸν
1502 2441 1655 2477 ἄσκοπον
1673 2441 1817 2475 ἐκεῖνον.
1844 2441 1895 2478 τίς
1912 2435 1987 2474 ποτ’
2004 2439 2092 2474 ἐστὶν
2118 2439 2137 2474 ὁ
2155 2438 2248 2479 ξένος

1239 2489 1307 2523 430
1324 2493 1393 2532 quis
1411 2492 1476 2522 ille.
1505 2488 1544 2523 οὐ
1568 2489 1631 2535 γὰρ
1649 2488 1782 2535 γυναικὶ
1797 2486 1878 2526 τοὺς
1901 2486 2025 2533 λόγους
2048 2486 2139 2533 ἐρεῖς
2155 2483 2250 2543 κακή

1239 2536 1307 2571 438
1332 2537 1490 2578 quidquid
1514 2537 1646 2568 dixeris.
1680 2534 1807 2580 ταύτης
1841 2534 1858 2568 ὁ
1887 2533 1995 2572 δεινὸς
2025 2533 2146 2581 ἵμερος
2169 2533 2239 2569 ποθ

1238 2579 1395 2631 Ἡρακλῆ
1414 2582 1535 2629 διῆλθε
1553 2581 1632 2615 476.
1661 2583 1709 2615 ὧν
1728 2581 1795 2627 ἐγὼ
1815 2579 2023 2628 μεθύστερον
2047 2581 2110 2627 τὴν
2130 2579 2248 2626 μάθη-

1240 2642 1290 2664 σιν
1323 2629 1472 2676 ἄρνυμαι
1504 2628 1583 2663 711.
1618 2628 1702 2663 κάπὶ
1733 2628 1846 2662 τοῖσδε
1877 2627 1941 2673 τὴν
1973 2627 2074 2675 χάριν
2105 2630 2248 2674 ταχεῖαν

1239 2676 1387 2723 πρόσθες
1415 2675 1505 2709 1252
1530 2677 1614 2718 quod
1638 2678 1826 2716 promisisti,
1846 2678 1959 2707 statim
1980 2676 2107 2716 perfice.
2137 2674 2247 2711 οὐδεὶς

1241 2723 1313 2771 ἐρεῖ
1337 2725 1383 2762 ὡς
1408 2722 1603 2769 ὑπόβλητον
1628 2721 1730 2768 λόγον
1756 2721 1887 2762 ἔλεξας,
1916 2720 2006 2755 ἀλλὰ
2027 2725 2090 2766 τῆς
2123 2723 2248 2755 σαυτοῦ

1240 2770 1362 2817 φρενός
1388 2773 1443 2803 Ai.
1463 2769 1542 2803 482.
1570 2769 1614 2803 τὰ
1639 2767 1731 2814 σέμν’
1755 2767 1822 2814 ἔπη
1847 2767 1964 2808 κόλαξ
1989 2766 2139 2805 ἐκείνους
2159 2765 2246 2801 1107

1240 2821 1303 2851 ista
1326 2820 1463 2858 superba
1489 2820 1646 2850 oratione.
1683 2814 1722 2849 οὐ
1745 2814 1809 2862 γὰρ
1836 2814 2003 2859 βάναυσον
2033 2814 2096 2861 τὴν
2119 2814 2200 2862 τέχν

1240 2864 1440 2910 ἐκτησάμην
1460 2862 1546 2896 1121
1566 2874 1682 2895 meam.
1705 2863 1791 2896 ὥστε
1806 2863 1869 2908 τὴν
1889 2861 1987 2907 δίκην
2013 2864 2131 2895 πατεῖν
2159 2860 2202 2895 13
2226 2860 2248 2894 5

1241 2910 1338 2956 δίκην
1348 2916 1399 2943 est
1417 2914 1488 2943 ius:
1507 2910 1569 2955 τὴν
1587 2909 1685 2955 δίκην
1702 2910 1787 2951 quod
1804 2910 1952 2942 omnibus
1970 2911 2091 2941 histum
2106 2910 2245 2941 videtur.

1239 2959 1318 3004 νικᾷ
1341 2957 1404 3004 γὰρ
1422 2957 1527 3003 ἀρετή
1548 2957 1589 3001 με
1606 2960 1667 3002 τῆς
1687 2953 1815 3002 ἔχθρας
1832 2954 1918 2989 πολύ
1939 2953 2028 2987 1357
2052 2956 2164 2988 Aiacis
2181 2956 2249 2987 vir-

1241 3010 1310 3046 tus,
1331 3007 1372 3038 de
1385 3016 1450 3047 quo
1464 3005 1687 3037 controversia
1701 3007 1781 3034 erat.
1804 3002 1822 3036 ὁ
1837 3001 1895 3036 σὺν
1912 3000 2042 3047 γυναιξὶ
2057 3001 2118 3040 τὰς
2135 3001 2248 3048 μάχας

1242 3051 1446 3098 ποιούμενος
1478 3052 1533 3083 El.
1555 3048 1624 3082 302
1647 3060 1723 3082 suas
1743 3060 1893 3090 puynas,
1922 3051 1944 3081 i.
1974 3059 2004 3080 e.
2033 3058 2248 3090 quascunque

1242 3100 1334 3132 facit.
1363 3097 1382 3132 ὃ
1406 3096 1533 3143 ταύτην
1558 3101 1626 3130 τῶν
1653 3100 1793 3142 μακρῶν
1863 3095 1939 3141 ήσει
1993 3094 2060 3128 όων
2084 3093 2165 3128 375.
2191 3093 2250 3128 ἀν-

1242 3142 1410 3190 θρώποισι
1425 3143 1600 3190 τάπιτίμια
1614 3146 1677 3188 τῆς
1695 3141 1834 3188 ὃυσσεβε
1849 3155 1889 3180 ας
1905 3107 2164 3187 οἷαὺωροῦνται
2177 3139 2251 3176 θεοί

1245 3190 1336 3226 1382
1360 3190 1416 3226 οἶα
1441 3189 1593 3236 ἐπιτίμια
1610 3195 1662 3222 est
1678 3192 1806 3230 quatem
1821 3189 2018 3221 mercedem:
2038 3190 2149 3221 addito
2166 3189 2248 3220 arti-

1243 3241 1317 3272 culo
1335 3240 1459 3271 dicitur
1474 3240 1580 3279 qualis
1595 3246 1715 3269 merces
1741 3238 1799 3268 illa
1812 3261 1819 3272 ,
1847 3247 1946 3278 quam
1969 3237 2077 3276 impiis
2101 3236 2136 3267 di
2152 3235 2243 3267 dant.

1244 3285 1283 3320 οὐ
1317 3296 1385 3320 πατ
1406 3279 1479 3332 ῴαν
1511 3283 1574 3328 τὴν
1606 3282 1732 3329 τέχνην
1766 3281 1964 3327 ἐκόμπασας
1999 3280 2088 3315 1500
2112 3283 2135 3314 i.
2165 3292 2194 3314 e.
2224 3279 2248 3324 ἡ

1243 3331 1350 3379 τέχνη
1398 3343 1416 3366 ν
1440 3330 1657 3376 ἐκόμπασας,
1687 3329 1751 3363 οὐκ
1774 3327 1843 3362 ἔστι
1868 3323 2021 3375 πατρῴα.
2054 3327 2162 3361 καλὸν
2187 3326 2249 3372 μὲν

1245 3379 1304 3415 οὖν
1337 3377 1402 3413 οὐκ
1433 3376 1503 3412 ἔστι
1533 3375 1577 3411 τὰ
1608 3375 1720 3422 ψευδῆ
1754 3374 1863 3422 λέγειν
1896 3377 1937 3408 fr.
1970 3375 2086 3409 Oreus.
2115 3372 2201 3415 323,
2232 3371 2246 3406 1
2286 3410 2288 3414 .
