2288 3600
239 145 336 192 552

297 254 467 298 ”Οσιος.
497 261 585 299 Quid
611 262 652 292 de
676 262 922 300 significatione
939 262 1092 294 vocabuli
1118 261 1248 301 praeci-

236 309 334 349 piant
351 309 506 340 Ammon.
528 319 561 349 p.
587 305 663 340 104.
694 309 852 340 Timaeus
870 319 903 350 p.
927 305 1003 340 196.
1034 308 1249 350 Harpocratio

235 365 270 396 p.
290 352 370 386 220.
392 352 476 398 (135
494 356 574 395 D.),
613 358 648 387 et
666 356 910 398 lexicographi,
939 357 1100 397 pleraque
1119 355 1160 387 ad
1179 364 1249 386 rem

237 412 303 434 non
323 403 464 433 faciunt.
502 401 516 443 ΙΙ
538 401 634 440 Quod
651 403 720 442 leye
738 403 874 434 deorum
889 406 920 434 et
936 407 1096 443 naturae,
1115 405 1250 443 propter

237 451 289 481 ius
307 453 336 480 et
361 449 417 488 fas
442 452 472 480 et
490 451 630 489 teyitae'me
647 451 811 481 sancitum
836 454 893 482 est.
924 447 962 483 ού
981 448 1044 495 γάρ
1063 460 1116 483 σοι
1133 447 1244 494 θέμις,

238 490 316 529 οὐδ’
342 493 432 528 ὅσιον
459 494 588 542 ἐχθρᾶς
613 494 681 529 ἀπὸ
706 495 865 541 γυναικὸς
894 495 1022 530 ἱστάναι
1039 494 1247 541 κτερίσματα

236 544 289 575 El.
311 540 391 575 433.
427 540 579 588 λουτρῶν
606 541 706 576 ὁσίων
732 544 786 575 Ai.
817 541 907 576 1405
933 554 987 576 an.
1034 545 1075 576 de
1100 545 1165 575 rite
1191 545 1249 575 ab-

235 591 361 622 luendo
390 594 519 622 mortuo
549 591 590 621 ad
618 592 840 632 sepulturam.
883 588 958 624 ὅσια
983 589 1248 637 πανουργήσασα

237 638 318 669 Ant.
348 634 404 668 74.
440 647 516 669 cum
541 647 714 677 oxymoro:
745 639 968 670 constituerat
994 639 1084 670 enim
1111 640 1162 670 sas
1188 639 1246 669 ob-

236 685 399 716 servando
416 685 586 724 Antigona
613 686 736 716 violare
763 686 911 717 edietum
930 697 948 717 3
968 685 1110 718 Creonte
1128 694 1247 726 propo-

236 733 350 763 situm.
372 731 465 763 Haec
482 733 585 771 igitur
600 733 662 763 tria
675 733 717 763 ad
734 742 805 763 rem
819 733 1038 774 sepulcralem
1057 733 1244 773 pertinent,

237 780 279 810 de
296 788 361 819 quo
379 789 444 810 usu
462 790 492 810 v.
516 779 653 811 Sluiter.
681 780 772 811 lectt.
796 780 924 811 Andoc.
945 791 978 822 p.
1000 777 1080 812 272.
1118 781 1242 811 Iacobs.

235 827 331 858 lectt.
370 826 523 858 Stobens.
560 837 594 867 p.
615 823 671 858 35.
715 827 843 867 Aliter,
881 828 941 859 sed
971 830 1008 859 ut
1033 827 1075 858 ad
1101 828 1247 868 primum

233 874 333 905 illum
350 873 563 913 significandi
581 873 716 905 modum
734 878 865 915 spectet
888 875 1015 906 dictum
1033 869 1137 911 Δίκας
1156 872 1247 906 ὅσιον

237 917 347 964 [θεῖον
365 921 451 952 coni.
474 918 608 964 Cobet]
634 919 721 966 φάος
751 922 806 952 Ai.
828 922 920 953 Locr.
950 923 991 954 fr.
1016 919 1056 952 11
1071 947 1078 961 ,
1095 918 1136 961 2,
1158 921 1246 962 quod

235 977 301 999 non
331 967 557 998 venerandum
586 968 647 999 sed
677 970 728 999 ius
753 972 783 999 et
800 970 1054 1000 sanctimoniam
1069 968 1246 1000 observan-

235 1015 314 1046 dam
331 1015 515 1046 custodiens
538 1016 753 1056 interpretor.
799 1014 812 1057 ΙΙ
841 1015 933 1054 Quae
957 1018 1025 1048 iure
1050 1019 1079 1047 et
1105 1017 1172 1054 leye
1189 1015 1245 1056 fa·-

234 1071 305 1093 cere
321 1063 412 1093 licita
429 1065 516 1094 sunt.
559 1058 634 1095 ὅσιά
651 1073 687 1095 τε
705 1064 852 1107 φωνεῖς,
886 1061 955 1096 ἔστι
978 1060 1025 1104 τ’,
1059 1063 1087 1096 ὦ
1111 1060 1242 1102 τέκνον,

235 1106 335 1153 θέμις
353 1109 416 1140 Ρ11.
444 1105 523 1141 662.
568 1109 582 1151 ΙΙ
609 1103 657 1142 δι’
682 1107 782 1142 ὁσίων
807 1114 933 1155 χειρῶν
960 1108 1064 1155 θιγών
1082 1110 1136 1141 OC
1163 1106 1242 1141 470.

235 1166 355 1188 manus
377 1166 481 1196 puras
504 1157 679 1197 adhiberis,
711 1157 747 1188 id
772 1161 825 1189 est
850 1158 953 1197 lotas,
985 1162 1024 1189 ut
1048 1158 1084 1189 in
1103 1167 1138 1189 re
1156 1166 1247 1188 sacra

235 1204 391 1235 facienda
409 1214 468 1245 par
493 1208 558 1236 est.
972 1203 1022 1248 (11
1039 1214 1072 1245 p.
1093 1201 1174 1244 376,
1196 1201 1241 1244 5.)

305 1255 474 1306 Ὀσμάο
488 1273 564 1306 μαι
597 1262 730 1302 olfacio.
769 1263 901 1294 Tralate
928 1263 1054 1295 dieitur
1077 1259 1247 1300 Λάκωνος

236 1306 410 1354 ὀσμᾶσθαι
427 1307 531 1355 λόγου
549 1310 628 1341 Hel.
649 1310 690 1341 fr.
714 1307 792 1350 186,
812 1307 853 1351 2,
883 1310 925 1341 de
944 1320 982 1342 eo
1000 1311 1060 1351 qui
1077 1311 1247 1342 Lacedae-

236 1357 388 1388 monium
413 1366 566 1388 sermone
591 1366 768 1397 agnoscere
795 1358 859 1389 sibi
876 1358 1074 1389 videbatur:
1113 1355 1249 1400 [vitiose

235 1404 284 1435 ibi
301 1405 456 1445 plerique
474 1404 567 1435 codd.
589 1405 740 1435 Erotiani
758 1402 932 1450 ὁρμᾶσθαι
949 1405 1035 1446 quod
1056 1415 1087 1437 v.
1110 1405 1151 1447 s.]

306 1455 448 1505 Ὀσμή
475 1462 564 1494 odor.
603 1463 654 1494 De
680 1462 805 1502 foetore
827 1463 968 1504 quidem
986 1464 1053 1495 solo
1073 1463 1198 1494 dieitur
1216 1468 1249 1494 et

234 1509 354 1540 ulceris
371 1509 528 1549 quidem:
560 1509 608 1553 μὴ
635 1507 849 1555 βαρυνθῶσιν
874 1508 969 1556 κακῇ
993 1508 1087 1557 ὀσμῇ
1105 1508 1170 1555 πρὸ
1188 1511 1249 1542 τοῦ

237 1553 373 1593 δέοντος
391 1556 452 1588 Ρ11.
473 1553 554 1588 891.
595 1557 696 1597 [Hine
717 1557 877 1589 videntur
901 1558 1043 1589 fluxisse
1057 1568 1143 1598 quae
1169 1561 1251 1588 sunt

235 1613 288 1644 ap.
318 1604 478 1634 Priscian.
503 1601 556 1635 18.
589 1601 648 1647 (2,
669 1601 738 1635 284
762 1603 862 1648 th.)
892 1609 931 1636 ut
960 1615 1003 1636 ex
1034 1605 1173 1636 Philoet.
1209 1605 1250 1635 ad

238 1650 370 1682 Troiam
396 1649 508 1695 ὀσμῆς
542 1662 607 1695 μου
635 1648 728 1688 ὅπως
757 1650 804 1696 μὴ
833 1649 1094 1697 βαρυνθ-ήσεσθέ
1119 1662 1184 1696 μου
1205 1653 1245 1682 fr.

236 1697 378 1728 Philoct.
395 1694 496 1741 627]
522 1698 572 1729 De
590 1699 770 1730 cadavere:
793 1697 903 1744 ὀσμὴν
922 1693 979 1731 ἀπ’
996 1697 1099 1732 αὐτοῦ
1119 1709 1250 1743 πεφευ-

235 1741 332 1790 γότες
345 1745 427 1776 Ant.
445 1742 526 1777 412.
547 1744 697 1782 *οἰωνὸς
712 1744 826 1790 φέρων
840 1743 973 1779 ἀνόσιον
988 1744 1099 1791 ὀσμὴν
1114 1743 1250 1779 ἑστιοῦ-

235 1792 301 1838 χον
318 1789 353 1828 ἐς
370 1789 470 1825 πόλιν
486 1789 587 1825 1083.
621 1792 712 1834 [seel.
734 1791 880 1837 Wund.]
914 1794 965 1825 De
982 1795 1132 1825 matula:
1163 1791 1250 1826 ἐδει-

236 1835 418 1884 ματούμην
444 1833 476 1872 δ’
505 1837 544 1872 οὐ
572 1837 675 1885 φίλης
694 1837 804 1886 ὀσμῆς
829 1837 896 1874 ὅπο
923 1841 1026 1879 Synd.
1049 1842 1089 1873 fr.
1113 1837 1192 1879 147,
1212 1836 1245 1871 4.

237 1903 279 1909 —
301 1885 495 1928 Scripturae
527 1887 679 1928 Ionicae,
718 1887 760 1919 de
792 1897 859 1928 qua
891 1888 1061 1919 videndus
1095 1889 1177 1919 Lob.
1208 1887 1251 1918 ad

235 1932 360 1973 Phryn.
381 1944 415 1975 p.
436 1930 493 1966 89.
509 1959 516 1973 ‚
546 1944 599 1976 ap.
621 1934 722 1976 Soph.
743 1936 925 1975 vestigium
943 1944 1009 1967 non
1028 1939 1093 1966 est.

297 1995 448 2041 ”Οσος.
485 2002 622 2036 Clarum
652 2007 722 2045 est,
761 2001 895 2042 ὅσσος
929 2015 996 2036 non
1026 2005 1178 2046 potuisse
1209 2006 1248 2036 ab

236 2051 350 2083 Attico
373 2054 473 2092 poeta
498 2051 584 2092 (1101,
615 2051 684 2083 nisi
708 2062 785 2083 eum
808 2062 928 2084 versus
954 2056 1106 2093 cogeret,
1136 2062 1197 2084 nec
1216 2052 1249 2083 id

237 2098 377 2139 quidem
401 2099 438 2130 in
463 2098 646 2139 diverbiis,
674 2101 714 2130 ut
738 2100 883 2143 μοῦνος,
912 2097 1021 2138 ξεῖνος
1046 2101 1147 2140 plane
1171 2100 1251 2130 hine

237 2145 445 2186 segreganda
470 2145 664 2178 videantur.
704 2146 758 2179 Sic
784 2149 876 2178 recte
902 2150 1060 2178 statuunt
1085 2147 1193 2178 Koen.
1215 2149 1250 2177 et

238 2192 370 2225 Schaef.
391 2193 432 2224 ad
449 2192 550 2233 Greg.
571 2192 644 2224 Cor.
665 2203 699 2234 p.
720 2190 802 2225 200.
839 2194 983 2225 Lobeck.
1005 2194 1045 2226 ad
1063 2194 1117 2225 Ai.
1139 2194 1191 2225 ed.
1216 2190 1246 2224 1.

239 2249 273 2280 p.
293 2235 375 2271 246.
405 2240 447 2271 cf.
475 2250 510 2281 p.
531 2236 622 2280 3273
652 2241 742 2272 iusto
768 2241 978 2272 fastidiosius
1004 2241 1142 2273 Porsoni
1159 2241 1249 2272 iudi-

238 2287 327 2318 cium
356 2286 432 2318 adv.
464 2297 498 2328 p.
526 2283 596 2319 204
620 2290 656 2319 et
679 2283 761 2319 237.
799 2287 852 2330 [ef.
888 2287 1003 2320 Cobet.
1036 2288 1198 2319 Mnemos.
1229 2284 1250 2319 6

237 2330 382 2378 (1857.)
405 2344 440 2376 p.
470 2330 649 2376 12—16.]
679 2331 738 2367 οἷα
771 2336 826 2366 vel
850 2331 938 2368 ἅσσα
961 2336 1158 2375 corrigentis
1182 2344 1249 2366 uno

238 2389 304 2422 quo
321 2381 357 2412 id
374 2391 426 2423 ap.
450 2381 551 2422 Soph.
581 2382 651 2413 loco
665 2382 790 2422 legitur
806 2382 867 2413 Ph.
890 2379 969 2414 509.
1007 2383 1057 2414 Ibi
1077 2379 1140 2414 ὅσα
1157 2383 1247 2414 Riec.

238 2430 274 2459 et
290 2427 384 2459 Harl.
400 2453 408 2468 ,
429 2431 468 2460 ut
484 2428 636 2470 videtum
666 2429 727 2461 sed
751 2430 855 2461 ceteri
879 2430 974 2470 libri,
1005 2431 1105 2461 etiam
1130 2429 1189 2460 LA
1214 2430 1250 2460 in

239 2472 324 2508 ὅσσα
341 2476 575 2507 consentiunt:
605 2477 690 2508 item
715 2476 773 2507 LA
791 2471 866 2509 ὅσσ’
886 2476 968 2508 Ant.
991 2473 1071 2508 684.
1107 2476 1177 2508 Neo
1194 2486 1246 2517 ap.

239 2522 394 2564 Euripid.
422 2526 458 2555 et
481 2522 640 2562 Aeschyl.
665 2520 775 2565 (Pers.
796 2520 898 2567 828.)
922 2524 1137 2564 frequentius
1163 2524 1250 2563 legi-

239 2572 314 2608 tur,
334 2573 373 2601 ut
390 2572 503 2602 tamen
514 2595 522 2610 ‚
545 2579 622 2602 cum
638 2568 758 2607 τόσσος
775 2573 810 2603 et
827 2568 953 2615 μέσσος
969 2572 1006 2602 in
1023 2571 1142 2602 eadem
1154 2580 1252 2602 causa

239 2614 328 2656 sint,
356 2617 491 2648 infinita
520 2617 709 2657 corrigendi
732 2618 918 2650 necessitas
942 2620 1043 2650 esset.
1088 2618 1253 2649 Abstine-

238 2664 329 2695 bunt
342 2664 468 2703 igitur,
497 2665 558 2706 qui
583 2665 691 2696 sobrie
716 2664 877 2697 iudicant.
901 2682 1008 2697 —.-—
1039 2666 1068 2697 I.
1088 2663 1103 2706 11
1120 2665 1251 2696 Relati-

238 2719 320 2742 vum
338 2714 391 2743 est
416 2711 512 2743 nulla
536 2711 840 2752 adsignificatione‚
871 2715 1018 2753 quantus
1042 2712 1248 2752 significans,

239 2757 362 2799 plurali
387 2767 527 2790 numero
545 2758 646 2795 etiam
665 2761 822 2800 quotquot
845 2768 872 2790 s.
893 2760 1091 2800 quicunque.
1128 2757 1142 2800 ΙΙ
1173 2758 1252 2790 Cor-

238 2805 379 2836 relaliva
396 2806 637 2846 respiciuntur.
674 2803 800 2852 χρόνον
824 2807 1004 2846 τοσοῦτον,
1033 2804 1082 2843 εἰς
1107 2803 1187 2839 ὅσον
1210 2802 1253 2838 τά

238 2845 271 2884 τ’
293 2848 333 2885 ἐκ
349 2851 434 2889 νεὼς
452 2850 608 2885 στείλωσι
623 2853 685 2884 Ρ11.
710 2849 812 2884 1076.
846 2854 1008 2887 τοσοῦτον
1031 2850 1110 2886 ὅσον
1137 2850 1251 2886 δοκεῖν

240 2898 299 2930 OR
318 2895 404 2930 1191
425 2899 478 2930 ch.
516 2897 550 2937 ἐς
566 2901 730 2933 τοσοῦτον
749 2897 861 2936 αἰκίας
879 2902 994 2933 πεσεῖν
1013 2896 1092 2933 ὅσον
1110 2900 1253 2933 πέπτω-

239 2956 299 2978 κεν
324 2942 394 2991 ἤδη
419 2945 475 2978 00
500 2943 580 2979 748.
623 2944 770 2980 κλαῦσαι
795 2942 932 2980 τοσόνδ’
961 2944 1041 2981 ὅσον
1060 2957 1118 2991 μοι
1143 2943 1254 2990 θυμὸς

239 2989 370 3037 ἡδονὴν
398 2990 493 3039 φέρει
509 2994 563 3026 Ε1.
583 2990 664 3027 286.
701 2990 780 3026 ὅσον
796 2988 869 3027 τότ’
892 2991 1020 3040 ἐχθρὸς
1037 2991 1094 3039 ἠν,
1114 2988 1250 3027 τοσόνδ’

240 3037 326 3072 εἶναι
343 3036 440 3086 φίλος
457 3041 512 3072 Ai.
535 3037 645 3082 1378,
667 3041 757 3082 quod
773 3050 883 3073 unum
899 3041 1134 3073 adverbiaseit.
1170 3040 1253 3071 Plu-

239 3087 319 3118 ralis
335 3088 572 3119 correlativum
580 3088 766 3130 respiciens
784 3097 852 3120 non
861 3089 1042 3129 reperitur.
1057 3104 1099 3112 -
1132 3090 1148 3127 ΙΙ
1165 3087 1254 3119 Hinc

241 3136 276 3165 et
297 3134 548 3173 pronominibus
572 3134 838 3167 demonstrativis
863 3135 1129 3168 accommodatur
1153 3131 1252 3171 οὗτος

242 3183 277 3212 et
293 3177 369 3212 ὕδει
399 3181 502 3223 idque
520 3191 637 3214 rursus
654 3183 779 3223 plurali
796 3191 936 3214 numero
954 3183 1033 3215 solo.
1063 3180 1098 3215 ἐν
1115 3183 1255 3214 κακοῖσι

240 3222 355 3260 ‘totali‘
385 3225 469 3265 οἵοις
493 3226 573 3284 ὁρῇς
600 3226 707 3262 ὅσοισί
731 3223 761 3261 τ’
800 3226 987 3274 ἐξήκουσας
1013 3226 1188 3263 ἐνναίοντά
1212 3238 1254 3272 με

241 3273 302 3305 Ρ11.
331 3271 410 3306 472.
447 3270 499 3307 ὅσ’
530 3286 570 3309 αν
593 3273 693 3314 οὗτος
715 3273 802 3321 λέγη
831 3286 902 3317 σοι,
925 3274 1034 3309 ταῦτά
1058 3286 1151 3321 σοιχ
1179 3276 1256 3318 μεῖς

243 3319 355 3366 φαμέν
380 3319 482 3355 1072.
518 3319 592 3356 ὅσοι
615 3318 648 3355 δ’
676 3307 878 3356 ἑκουσίοισιν
905 3321 1072 3368 ἔγκεινται
1097 3320 1163 3367 βλά
1188 3333 1251 3362 αις,

306 3365 440 3405 τούτοις
467 3365 568 3402 1318.
606 3367 695 3404 ὅσων
720 3367 942 3415 εἰσεκήρυξαν
968 3367 1100 3416 βραβῆς
1118 3367 1256 3415 δρόμων
1290 3368 1391 3401 τοῦτο
1407 3378 1425 3400 ν

1090 141 1249 199 Ὄσιος
1273 172 1341 181 —-
1358 135 1500 199 ‘'000ss

2132 0 2288 61 ,Ὕὲ

1961 155 2010 202 [11
2026 167 2061 200 p.
2075 116 2288 202 375-378}

1286 258 1486 307 μετειχέτην
1503 261 1562 294 OR
1579 259 1681 296 1464.
1705 261 1759 306 [τὰ
1777 258 1808 296 δ’
1829 260 1893 297 ὅσα
1908 261 2060 308 κλύομεν
2077 263 2120 296 fr.
2136 239 2288 306 ΤΙιιειιιγεῇ1

1284 304 1366 348 228,
1398 305 1427 340 1.
1456 318 1543 350 quae
1568 311 1806 349 grammaticus
1837 311 2080 342 Ambrosianus
2111 319 2164 351 up.
2200 308 2288 347 Roth

1285 355 1372 388 anal.
1409 365 1547 395 gramm.
1580 367 1613 398 p.
1634 354 1667 389 8.
1704 361 1858 399 corrupta
1891 358 2026 390 videtur
2055 358 2181 389 referre
2212 354 2288 391 τάδε

1285 412 1321 434 σε
1338 399 1531 446 κλαίομαι.]
1555 421 1595 427 —-
1631 403 1645 445 ΙΙ
1679 404 1837 436 Crebrius
1862 405 2095 436 cor-relativum
2117 404 2288 446 omittitur.

1285 447 1363 482 ὅσον
1387 460 1424 494 γε
1440 443 1581 496 χρῄζεις
1605 450 1663 482 OR
1681 448 1760 483 365.
1799 449 1878 484 ὅσον
1903 462 1940 497 γε
1958 449 2021 484 κάν
2049 448 2128 495 ἐμοὶ
2153 447 2288 507 μνήμῃ

1285 494 1333 529 ἔνι
1353 493 1454 528 1239.
1490 494 1582 542 πλὴν
1610 495 1689 532 ὅσον
1706 497 1744 532 τὸ
1763 497 1819 532 σὸν
1837 496 1942 543 μέρος
1962 495 2063 530 1509.
2099 495 2178 531 ὅσον
2195 506 2288 542 φύσις

1285 540 1419 576 δίδωσιν
1439 541 1558 577 αὐταῖν
1577 545 1630 577 OC
1649 542 1729 577 445.
1758 542 1836 578 ὅσον
1855 544 1894 579 σὺ
1913 538 2142 592 προσχρήζεις
2158 541 2227 577 520
2239 545 2288 595 ohq

1283 588 1362 623 ὅσον
1392 585 1423 635 γ’
1456 588 1496 623 ἂν
1527 589 1626 628 αὐτὸς
1657 591 1705 637 μὴ
1735 590 1935 637 ποτιψαύων
1959 594 2079 638 χεροῖν
2110 592 2166 624 Tr.
2189 587 2288 625 1214*

1284 635 1392 683 μηδὲν
1420 635 1587 671 ἐλλείπειν
1613 636 1692 672 ὅσον
1716 638 1786 685 χρὴ
1812 641 1929 673 πονεῖν
1954 641 2008 671 Ai.
2041 635 2142 670 1379.
2166 636 2217 683 [in
2236 639 2263 670 L

1283 695 1324 717 ωι
1350 695 1367 716 3
1386 695 1429 716 m.
1451 687 1690 726 antiquissima
1714 687 1983 728 superscriptum
2007 690 2078 726 est,
2107 686 2198 718 unde
2215 686 2288 720 Pon

1283 741 1354 763 son.
1384 728 1471 764 ὅσων
1490 733 1578 773 quod
1596 735 1724 774 recepit
1742 733 1860 775 Dind.]
1890 730 1968 766 ὅσον
1987 731 2114 780 ἰσχύεις
2134 729 2223 765 1409
2237 723 2288 767 (1ιή

1284 775 1419 815 πλ”θος
1436 776 1500 825 οὐχ
1520 777 1599 812 ὅσον
1626 778 1740 818 δοκεῖς
1758 781 1854 812 Laoc.
1883 782 1924 812 fr.
1947 777 2036 820 342,
2056 778 2088 812 5.
2125 779 2140 821 ΙΙ
2170 781 2219 820 pl.
2240 774 2288 813 60³

1284 790 1450 872 ἂνῖθέλῃς
1466 820 1560 859 κακά
1578 827 1637 858 Ρ11.
1660 824 1715 859 64.
1743 826 1786 860 τά
1801 823 1827 859 τ’
1847 822 1927 860 ἄλλ’
1956 822 2009 861 ὅσ’
2029 825 2073 869 ἠν
2091 824 2171 859 362.
2207 823 2288 860 πολε

1283 870 1353 904 λῶν
1372 871 1486 906 πόνων
1505 869 1589 907 ἄθλ’
1611 870 1694 907 ὅσσα
1721 872 1842 920 μηδεὶς
1865 878 1934 907 τῶν
1958 872 2052 919 ἐμῶν
2067 872 2168 919 τύχοι
2183 871 2288 920 φίλα

1283 916 1350 951 509
1369 921 1420 951 ch.
1447 920 1517 961 [ubi
1534 921 1637 953 Dind.
1661 931 1688 955 c.
1707 922 1850 953 Porsono
1868 919 1924 955 οἷα
1936 922 2029 954 dedit
2045 926 2084 953 ut
2101 922 2155 954 Ai.
2176 917 2288 970 13791]

1282 964 1396 999 λύσων
1415 962 1467 999 30’
1489 966 1678 1014 ἐξήμαρτον
1697 966 1731 1001 ἐν
1756 967 1809 1013 τῷ
1826 967 1903 1014 πρὶν
1919 966 2035 1015 χρόνῳ
2056 965 2156 1000 1224.
2187 965 2288 1015 πάνθξ

1285 1008 1337 1046 ὅσ’
1358 1011 1397 1046 ἂν
1417 1011 1519 1059 δηλοῖ
1536 1013 1616 1052 θεός
1633 1016 1691 1047 0Ιί
1708 1014 1765 1047 77.
1801 1012 1893 1052 ὅσοις
1908 1011 1987 1048 τάδ’
2007 1010 2078 1049 ἔστ’
2107 1012 2288 1062 ἀρέσκοντί

1283 1058 1363 1092 273.
1395 1057 1446 1094 ὅσ’
1469 1059 1508 1094 ἄν
1529 1057 1552 1094 σ’
1575 1060 1590 1094 ἐ
1614 1066 1692 1095 ωτῶ
1710 1059 1810 1094 1122.
1838 1059 1913 1096 ὅσοι
1930 1061 2193 1107 μισθαρνοῦντες
2210 1059 2288 1106 ἥνυὴ

1283 1118 1342 1140 σαν
1359 1106 1440 1141 τάδε
1457 1109 1540 1140 Ant.
1561 1072 1639 1141 382.
1669 1107 1734 1142 ὅσα
1749 1107 1897 1155 δένδρων
1916 1106 2047 1143 ὑπείκει
2064 1106 2143 1141 712.
2179 1107 2288 1145 *ὅσα

1284 1150 1501 1201 σπαράγματ’
1521 1153 1544 1200 ἢ
1563 1154 1662 1193 κύνες
1679 1154 1892 1202 καθήγνισαν
1913 1154 2015 1189 1081.
2040 1157 2131 1199 [secl.
2152 1154 2288 1236 Wund}

1283 1201 1461 1247 ἐντήκεται
1478 1200 1682 1246 πλευμόνων
1708 1201 1798 1241 ὅσοις
1817 1201 1866 1237 ἔνι
1882 1201 1979 1250 ψυχή
2005 1206 2048 1236 fr.
2069 1204 2136 1237 inc.
2157 1201 2238 1245 678,
2276 1208 2288 1240 ἶ

1285 1267 1328 1272 —-
1361 1250 1375 1291 Η
1393 1251 1479 1281 Item
1496 1250 1792 1283 demonstrativum
1809 1251 2008 1283 subauditur
2024 1252 2169 1292 pluralis
2186 1250 2288 1289 mnxii

1284 1306 1336 1328 me
1356 1297 1506 1328 numeri:
1538 1298 1627 1338 quod
1644 1298 1780 1339 quando
1798 1299 1856 1339 fit,
1886 1295 1960 1333 ὅσοι
1985 1300 2175 1339 quicunque
2191 1297 2288 1339 signu

1285 1345 1373 1376 fleat.
1402 1354 1434 1374 v.
1455 1344 1574 1378 Markl.
1603 1348 1638 1376 et
1654 1345 1747 1376 Pors.
1775 1345 1816 1376 ad
1842 1345 1925 1377 Eur.
1954 1344 2075 1387 Suppl.
2104 1341 2186 1377 594.
2213 1346 2260 1378 π’

1285 1389 1363 1423 ὅσον
1396 1386 1527 1424 κάτοιδ’
1563 1389 1630 1437 ἐγώ
1664 1392 1719 1424 ΕΙ.
1744 1389 1824 1424 378.
1869 1394 1955 1432 πᾶν,
1986 1389 2064 1426 ὅσον
2089 1389 2254 1436 κατειδόμ

1284 1435 1365 1469 892.
1394 1439 1480 1478 πᾶν,
1502 1436 1581 1471 ὅσον
1598 1441 1690 1476 νοεῖς
1709 1439 1764 1471 Tr.
1786 1435 1866 1472 349.
1903 1434 1982 1473 οὔθ’
2010 1437 2094 1484 ὅσην
2111 1437 2180 1484 ἐγὼ
2196 1435 2288 1484 γαῖά

1284 1482 1461 1529 καθαίρων
1489 1483 1615 1531 ἱκόμην
1644 1483 1744 1518 1060.
1784 1484 1914 1519 τέκνων
1940 1484 2028 1519 ὅσων
2053 1484 2131 1532 ἐμοὶ
2158 1484 2260 1519 δύσνο

1285 1530 1629 1623 5325120'3533523332.
1635 1530 1745 1612 ἓ
1763 1529 2003 1619 irrui?
2020 1531 2114 1613 ἐξὲξ*
2125 1492 2288 1618 101,ᾎὲ

1285 1621 1389 1659 πάνθ’
1427 1624 1483 1659 ὅσ’
1513 1624 1636 1672 ἀρτίως
1667 1625 1775 1673 ἔδρων
1808 1624 1888 1659 664.
1934 1625 2115 1673 θεσφάτων
2145 1622 2199 1660 ὅσ’
2232 1638 2251 1661 ο

1285 1672 1353 1719 ἐγώ
1373 1670 1474 1705 1150.
1502 1672 1606 1718 ἡμεῖς
1623 1669 1654 1706 δ’
1676 1672 1750 1708 ὅσοι
1766 1673 1939 1719 πάρεσμεν
1959 1672 2059 1707 1155.
2089 1672 2163 1708 ὅσοι
2175 1671 2204 1708 Τ

1286 1718 1505 1766 ἀφικόμεσθα
1538 1721 1594 1752 Ai.
1634 1718 1734 1754 1340.
1779 1722 1938 1762 Intelligo
1972 1719 2064 1762 οἶδε,
2101 1723 2164 1754 sed
2192 1731 2254 1763 pos

1285 1768 1389 1799 etiam
1417 1767 1532 1812 ἡμεῖς.
1574 1764 1665 1813 μυρί’
1687 1762 1753 1801 ἀπ’
1782 1767 1934 1815 αἰσγρῶν
1962 1766 2027 1812 (sc.
2057 1766 2213 1812 ἐκείνων)
2238 1766 2260 1802 ὅ

1287 1810 1340 1860 ἐφΊ
1374 1813 1462 1858 ἡμῖν
1491 1810 1572 1847 κάκ’
1607 1813 1762 1860 ἐμήσατο
1789 1810 1963 1848 Ph.‘1139
1981 1826 2026 1848 m.
2059 1816 2133 1858 [sed
2149 1825 2248 1857 praes

1287 1862 1347 1893 LA
1365 1863 1528 1902 scriptum
1546 1860 1582 1899 ὃς
1600 1857 1672 1908 ἐφ’,
1701 1866 1837 1904 recepta
1854 1863 1913 1894 ina
1929 1865 1970 1894 ab
1986 1863 2104 1895 Herm.
2125 1869 2160 1895 et
2176 1863 2245 1894 Din
2267 1871 2277 1901 j

1286 1907 1434 1954 μηδενὸς
1465 1907 1641 1955 κρατύνων
1669 1906 1732 1943 ὅσα
1756 1908 1886 1955 πέμπει
1916 1907 2081 1954 βιόδωρος
2107 1907 2166 1943 αἶα
2194 1907 2234 1942 11

1288 1955 1567 1989 Subaudiendum
1584 1957 1677 1988 enim
1692 1954 1823 1991 τούτων
1837 1957 1880 1989 ad
1897 1955 2046 2002 μηδενός
2064 1958 2207 1989 relatum

1285 2004 1406 2044 titive,
1435 2005 1536 2045 plane
1553 2007 1592 2035 ut
1607 2007 1727 2037 κακῶν
1745 1998 1797 2036 ὅσ’
1827 2002 1896 2037 ἐστὶ
1912 2001 2049 2038 πάντων
2068 1999 2208 2049 ὀνόματ’

1286 2048 1340 2083 δέν
1361 2046 1429 2083 ἐστ’
1452 2048 1540 2083 ἀπόν
1557 2050 1615 2082 ΟΒ.
1635 2047 1737 2083 1285.
1765 2049 1902 2084 πάντων
1928 2047 1980 2083 ὅσ’
2010 2050 2078 2098 ἐγὼ
2095 2049 2202 2097 προσέ

1285 2095 1354 2142 ἤδη
1375 2094 1465 2129 1298
1481 2107 1536 2130 311.
1589 2095 1712 2135 πάντες
1738 2096 1812 2131 ὅσοι
1834 2094 1909 2132 τόδ’
1939 2095 2084 2132 ἔτλασαν
2169 2096 2212 2144 ἄρ

1286 2143 1421 2178 ἀπῶσαι
1438 2145 1498 2176 Ph.
1523 2141 1612 2176 1202
1631 2155 1675 2177 m.
1712 2140 1764 2178 ὅσ’
1786 2143 1866 2179 οἶδα
1881 2143 1979 2190 κάγὼ
1997 2142 2100 2179 πάντ’
2124 2143 2180 2178 ἐπι
2247 2145 2288 2188 σὴ

1285 2191 1340 2224 OC
1358 2189 1414 2223 53.
1450 2187 1502 2224 30³
1535 2188 1575 2224 ἂν
1593 2189 1767 2237 λέγωμεν,
1789 2187 1897 2227 πάνθ’
1927 2193 2060 2237 ὁρῶντα
2077 2190 2220 2237 λέξομεν

1284 2234 1382 2285 τᾶργ’
1404 2235 1460 2270 ὅσ’
1476 2237 1519 2284 ἦν
1538 2237 1611 2272 ἐκεῖ
1624 2236 1725 2271 1582.
1753 2237 1864 2273 τελεῖν
1883 2235 1913 2272 δ’
1934 2235 1986 2274 ὅσ’
2007 2236 2048 2272 ἂν
2063 2237 2194 2287 μέλλῃς
2211 2249 2256 2320 {p
2279 2248 2281 2250 ·

1285 2290 1352 2318 νῶν
1370 2283 1407 2319 εὖ
1432 2283 1640 2331 ξυμφέροντ’
1665 2283 1783 2323 αὐταῖς
1802 2284 1903 2320 1634.
1939 2284 2097 2326 πάντων,
2129 2279 2187 2320 ὅσ’

1285 2331 1471 2378 κτημάτων
1498 2331 1687 2378 ὑπέρτατον
1713 2334 1796 2365 Ant.
1824 2330 1903 2366 684.
1947 2331 2059 2367 πάντα
2088 2344 2220 2378 προσκο

1287 2378 1350 2413 ὅσα
1367 2377 1459 2425 λέγει
1476 2390 1525 2418 τις
1543 2377 1622 2413 688.
1652 2375 1703 2413 ὅσ’
1724 2377 1764 2413 ἂν
1782 2377 1856 2413 θεοὶ
1875 2378 1993 2414 διδῶσι
2009 2381 2050 2412 fr.
2070 2381 2138 2413 inc.
2159 2377 2248 2421 748,

1288 2428 1413 2458 Eorum
1431 2437 1518 2468 quae
1536 2429 1690 2469 proxime
1716 2432 1795 2459 ante
1812 2429 2073 2460 recensebamus
2099 2437 2166 2460 non
2184 2428 2228 2460 m'

1287 2478 1376 2506 reete
1394 2474 1460 2505 huc
1478 2476 1598 2507 referri
1614 2478 1776 2516 poterunt
1793 2475 1854 2506 Ph.
1877 2472 1978 2507 1224.
2008 2475 2091 2506 Ant.
2113 2471 2192 2507 302.
2214 2471 2255 2507 71

1288 2522 1370 2553 haee
1388 2522 1481 2553 enim
1498 2522 1633 2554 infinite
1645 2547 1653 2561 ,
1676 2531 1739 2553 nec
1755 2522 1797 2553 de
1814 2523 1916 2554 rebus
1934 2522 2126 2554 necessario
2142 2522 2255 2563 plurib
2276 2562 2279 2566 .

1287 2569 1458 2601 dicuntur.
1482 2587 1523 2592 —
1557 2569 1572 2611 u
1606 2569 1695 2600 Hinc
1721 2569 1921 2610 explicanda
1945 2569 2033 2601 dicta
2051 2568 2183 2600 adver-bi

1288 2618 1344 2648 tia.
1376 2608 1467 2661 ζῴης
1487 2627 1546 2660 μοι
1560 2613 1779 2660 καθύπερθεν
1798 2613 1952 2661 ἐχθρῶν,
1983 2613 2061 2649 ὅσον
2077 2617 2137 2648 νῦν
2154 2613 2221 2649 ὑπό

1286 2660 1391 2699 ναίεις
1409 2663 1463 2694 ΕΙ.
1488 2659 1574 2694 1091
1595 2663 1646 2695 ch.
1685 2661 1766 2696 ὅσον
1787 2661 1894 2709 τάχος
1913 2659 2016 2696 1373.
2043 2663 2100 2695 Ai.
2124 2658 2204 2694 985.

1288 2706 1367 2742 576.
1397 2708 1475 2742 ὅσον
1491 2707 1635 2755 τάχιστα
1648 2711 1699 2742 ΕΙ.
1720 2706 1808 2742 1433
1822 2710 1875 2742 011.
1895 2709 1953 2742 OR
1970 2705 2071 2742 1436.
2091 2709 2174 2741 Ant.
2194 2705 2233 2741 11

1287 2757 1439 2797 Utraque
1455 2757 1578 2789 locutio
1597 2766 1696 2797 quam
1721 2757 1886 2788 celerrime
1911 2757 2087 2797 significat.
2123 2757 2201 2788 Alia
2218 2765 2248 2788 s·

1287 2802 1336 2840 εἰς
1353 2801 1431 2836 ὅσον
1448 2798 1483 2848 γ’
1505 2802 1572 2849 ἐγὼ
1591 2801 1702 2837 σθένω
1720 2804 1780 2835 Ρ11.
1804 2800 1904 2836 1403.
1944 2801 2024 2837 ὅσον
2041 2801 2091 2848 μὴ
2109 2800 2206 2850 χερσὶ
2250 2820 2255 2828 ··

1287 2861 1355 2883 νων
1386 2851 1443 2883 OR
1460 2847 1540 2882 347.
1570 2845 1640 2893 [ὅσ’
1670 2848 1847 2884 ἐπεικάσαι
1875 2849 1931 2882 OO
1959 2847 2026 2883 152
2050 2850 2102 2882 011.
2136 2859 2194 2891 qu
2236 2865 2267 2888 ·.

1289 2899 1434 2929 conicere
1459 2899 1533 2929 licet
1556 2898 1660 2930 Dind.
1682 2897 1808 2930 Wund.
1837 2897 1895 2929 alii
1920 2907 1948 2929 0.
1969 2897 2088 2929 Bothio
2111 2897 2230 2938 scripu
2264 2900 2266 2902 ’

1288 2945 1367 2976 libri
1392 2944 1466 2986 ὡς]
1997 2941 2047 2986 (11
2064 2953 2098 2985 p.
2119 2940 2200 2982 378,

1359 2992 1402 3023 ΙΙ.
1431 2992 1550 3024 Altera
1566 2991 1768 3031 significatio
1793 2987 2111 3036 σχετλιαστική
2138 2994 2208 3030 est,

1288 3040 1450 3070 rationem
1466 3039 1622 3080 inprimis
1640 3042 1675 3069 et
1698 3038 1990 3079 amplificationem
2012 3037 2166 3070 indicans
2178 3062 2186 3076 ,
2212 3045 2260 3077 φ(

1290 3086 1357 3117 lem
1373 3087 1553 3126 loquentes
1571 3085 1708 3117 elatiore
1726 3094 1806 3117 voce
1823 3094 1903 3126 prae
1922 3094 1958 3116 se
1974 3085 2103 3117 ferunt.
2139 3080 2240 3116 εὖκλε

1289 3130 1354 3178 οὐχ
1374 3130 1455 3177 ὁρᾷς
1479 3131 1562 3177 ὅσην
1580 3129 1787 3176 προσβαλεῖς
1812 3132 1867 3165 El.
1889 3128 1967 3163 973.
2005 3128 2084 3164 ὅσον
2109 3128 2152 3175 ἦν
2176 3126 2251 3162 κέι’
2271 3130 2275 3131 ’

1291 3173 1368 3226 σιγῇ
1383 3176 1519 3213 κεύθειν
1538 3180 1593 3211 Tr.
1612 3175 1680 3210 988
1694 3188 1748 3210 an.
1778 3188 1879 3219 quam
1896 3179 2035 3218 imiync.
2064 3175 2155 3223 ὁρᾷς,
2176 3172 2228 3212 Ὀ·

1292 3228 1366 3267 σεῦ,
1386 3228 1449 3271 τῆν
1467 3223 1557 3260 θεῶν
1577 3223 1692 3272 ἰσχύν,
1722 3223 1805 3269 ὅσης
1842 3225 1898 3257 Ai.
1922 3222 1999 3257 118.
2037 3221 2120 3269 ὅσην
2136 3217 2214 3257 κατ’

1290 3277 1358 3307 τῶν
1377 3270 1471 3319 ὕβριν
1490 3270 1656 3306 ἐκτίσαιτο
1682 3269 1761 3304 304.
1813 3269 1903 3305 ἴδετε
1915 3298 1922 3312 ,
1951 3268 2026 3308 οἵας
2043 3267 2200 3316 λατρείας
2220 3286 2227 3297 1

1292 3317 1373 3353 ὅσου
1401 3317 1509 3359 ζ’λου
1535 3318 1652 3366 τρέφει
1675 3316 1756 3351 503.
1794 3316 1872 3352 ὅσον
1889 3317 1997 3351 κακὸν
2021 3315 2123 3362 κείνῳ
2139 3327 2176 3350 τε
2220 3326 2264 3342 «ω’

1419 3331 1445 3401 Q
1492 3377 1520 3404 ις
1537 3364 1617 3399 512.
1646 3363 1725 3402 ὅσος
1743 3359 1830 3411 παρ’
1848 3363 1929 3409 ὑμῖν
1947 3362 1964 3397 ὁ
1983 3361 2113 3411 φθόνος
2128 3374 2174 3409 epo
2202 3385 2206 3390 -
2226 3380 2251 3387 ·-

243 3411 373 3447 τούτων
415 3415 468 3447 El.
511 3412 590 3449 690.
636 3414 724 3451 ὅσων
765 3414 934 3463 ψαύοιμι,
970 3417 1108 3451 πάντων
1147 3413 1256 3450 τῶνδε
1290 3424 1346 3448 ται
1363 3414 1421 3448 OR
1461 3411 1517 3447 82.
1559 3411 1638 3448 ὅσον
1656 3407 1848 3460 δ’ἀρεῖσθε
1866 3408 1993 3450 πένθος
2012 3408 2112 3445 1224.
2157 3407 2204 3450 εἰς

1618 3579 1633 3600 1
