2288 3600
13 76 30 106 ἔ.

0 134 209 214 {aa-1444

0 271 132 311 ἷυδάω
155 275 285 308 madeo.
329 272 436 320 φόνου
465 271 627 319 μυὸώσας
656 272 820 320 σταγόνας
849 274 907 306 OR

20 323 61 355 de
83 323 228 355 lacrimis
250 323 416 362 sanguine
436 322 634 354 effossorum
652 322 824 353 oculorum
843 321 907 352 mi-

0 367 132 404 ιυδῶσα
147 367 250 415 κηκὶς
258 366 403 448 ‘Ingauni‘
429 370 510 400 Ant.
531 365 620 400 1008
646 379 676 400 ν.
696 366 811 414 κηκίς.
841 366 907 399 Sed

0 426 13 451 ν
29 420 130 462 σῶμα
155 418 236 448 Ant.
284 414 298 447 1
343 415 484 448 cadaver
500 421 551 447 est
566 415 740 455 putredine
755 414 903 446 medem.

14 463 48 497 h.
70 475 102 496 v.
124 464 259 496 Ruhnk.
279 463 320 495 ad
337 462 423 494 Tim.
446 473 479 504 p.
504 459 580 494 184.
618 463 687 494 Hoc
703 463 773 495 loeo
798 467 833 493 et
850 462 907 493 OR

8 522 30 544 υ
54 511 251 552 corripitur,
278 511 376 542 tertio
400 510 557 549 ambigua
574 519 731 541 mensura
749 514 820 547 est3
849 509 906 540 sed

0 566 31 590 m
48 559 206 590 convenit
222 567 314 589 esse:
345 566 406 588 nec
428 557 492 588 nisi
511 558 680 597 epicorum
698 557 853 597 exemplo
871 557 905 587 in

11 605 172 645 dactylico
190 602 360 650 μυδαλέος
378 605 521 644 primam
539 604 720 645 producere
740 614 798 644 par
814 608 878 650 est.

11 668 142 721 ὕδρος
167 675 293 715 serrum
319 674 474 706 candens.
514 672 602 719 ᾖμεν
633 667 656 705 δ’
690 670 822 717 ἕτοιμοι
848 671 907 706 καὶ

0 720 43 760 ιὺς
61 719 167 768 αἴρειν
185 724 302 768 χεροῖν
321 723 402 754 Ant.
420 718 499 752 264.
513 732 516 734 ·
531 722 581 752 De
600 721 660 752 hoc
679 721 745 752 ritu
763 721 906 761 proban-

0 771 183 802 inocentiae
212 780 265 808 v.‚
294 779 377 810 qnos
401 769 471 800 Eri'.
495 771 666 808 memorat,
691 769 802 808 lntpp.
826 767 902 798 Hor.

14 813 67 857 16,
94 813 146 857 17,
169 822 202 848 et
220 817 334 847 Valck.
353 816 475 857 Opusc.
502 813 530 847 1.
554 825 587 856 p.
608 811 664 846 64.
685 833 724 838 —
744 816 782 846 In
801 814 907 855 prima

0 874 17 896 a
30 873 110 896 sono
124 863 307 895 attollenda
321 863 540 895 consentiunt
558 862 783 902 lexicographi
798 866 831 892 et
843 861 905 892 EM

0 907 27 951 3,
55 908 116 949 31ς
147 911 271 942 factum
296 915 429 949 autem,
459 911 522 941 etsi
549 909 743 949 singulatim
769 917 906 949 praece—

12 958 53 990 de
79 967 118 989 ea
147 968 180 989 re
206 967 271 989 non
302 958 452 998 reperio,
482 960 617 998 propter
642 956 844 987 adiectivum
871 956 905 986 in

0 1006 93 1037 mtivi
113 1014 266 1036 nazuram
283 1005 475 1044 deflexum,
504 1005 600 1035 cuius
619 1004 718 1035 moris
742 1004 823 1034 ratio
841 1012 906 1034 non

0 1055 55 1084 tuo
73 1052 278 1085 observatur.

8 1105 140 1148 ιῖελός
173 1111 350 1142 cerebrum.
401 1108 516 1155 κόμης
551 1108 588 1142 δὲ
620 1107 744 1143 λευκὸν
779 1106 906 1152 μυελὸν

0 1168 39 1191 aet
58 1159 114 1190 Tr.
136 1155 199 1189 781
222 1169 252 1189 v.
273 1155 383 1202 κόμη.
405 1174 445 1179 -——
472 1158 523 1189 De
541 1158 648 1198 prima
667 1157 808 1188 Homero
827 1166 906 1196 pro—

1 1229 11 1246 ,
39 1210 189 1246 correpta
212 1206 306 1243 aliis,
337 1215 367 1236 v.
391 1205 514 1236 lacobs.
545 1204 619 1236 add.
647 1204 686 1235 ad
705 1203 810 1234 Anth.
833 1203 902 1234 Pal.

0 1261 25 1293 ρ.
46 1248 103 1284 94.
133 1252 265 1284 Tonnm
281 1252 430 1283 enotavit
447 1252 523 1283 Arc.
546 1261 580 1292 p.
601 1248 657 1291 55,
680 1248 714 1282 5.

8 1318 148 1367 ῦθέομ
162 1333 204 1355 αι
221 1321 305 1354 dieo.
326 1319 423 1402 ύέυχὴ
442 1319 505 1368 γὰρ
522 1317 614 1377 ηξύὸα
632 1318 745 1354 πολλά
760 1331 818 1365 μοι
838 1331 906 1364 μυ-

0 1366 906 1460 {2³13ssss§Zifitssiisglt'ffk{zlffi'tl’tzffilzt

0 1458 48 1496 35.
77 1463 164 1510 χῶτι
183 1459 331 1509 μυθήσει
346 1461 438 1510 τάχα
458 1460 560 1495 1041.
703 1446 708 1460 ¹

0 1516 124 1560 ῒῖῦθος.
154 1523 258 1554 Velut
274 1519 376 1568 λόγος
395 1522 454 1553 sed
470 1524 643 1562 poetarum
660 1521 778 1552 usibus
796 1529 905 1552 reser-

0 1579 8 1603 ι
31 1570 198 1610 significat
215 1569 230 1611 ΙΙ
256 1568 399 1609 dietum,
429 1569 620 1600 orationem.
664 1561 724 1601 ὧδ’
749 1565 767 1600 ὁ
795 1564 906 1609 μῦθος

0 1628 24 1655 [υ
43 1617 94 1648 ΕΙ.
116 1613 172 1648 50.
200 1615 259 1650 καὶ
276 1614 340 1663 γὰρ
359 1613 439 1649 οὐδὲ
456 1614 513 1649 τὸν
531 1614 638 1660 πάρος
658 1611 769 1659 μῦθον
795 1612 906 1659 μάτην

0 1674 43 1707 ζας
61 1664 117 1695 Τι’.
134 1660 214 1695 341.
243 1657 369 1697 τοσόνδ’
389 1661 535 1707 ἐκόμπει
553 1659 663 1708 μῦθον
681 1663 735 1693 Ai.
749 1658 818 1693 770
832 1662 854 1693 i.
870 1671 902 1702 q.

6 1708 63 1756 ,δη
90 1707 200 1755 μῦθον
226 1721 293 1755 προ
320 1721 429 1756 νεγκε.
459 1703 526 1742 οὐδ’
555 1708 573 1743 ὁ
594 1706 704 1754 μῦθος
731 1707 765 1741 ἐν
784 1706 908 1755 βραχεῖ

6 1767 18 1791 ι
34 1756 192 1804 πάρεστιν
211 1757 266 1790 OC
287 1754 303 1789 1
331 1755 387 1790 81.
416 1755 460 1802 ἠν
480 1750 507 1789 δ’
525 1755 542 1790 ὁ
563 1754 685 1801 μῦθος,
707 1754 804 1792 ὡς...
823 1757 902 1787 Ant.

3 1813 93 1842 στις
124 1803 167 1850 ἦν
190 1802 208 1839 ὁ
235 1801 365 1850 μῦθος,
394 1801 495 1841 αὖθις
520 1801 638 1837 εἴπατε
666 1799 755 1834 1190
790 1804 907 1834 iterum

8 1847 142 1933 15⁵³?
159 1845 792 1942 *iz33133*20.}fi.0331552253.isis*
811 1849 906 1929 2³33.

7 1924 70 1978 1(')
87 1925 141 1978 an.
171 1909 259 1979 σὺαὸρ
280 1944 374 1991 ἐμῶν
390 1919 399 1931 ι
420 1908 831 1979 ossoeyengmuoovnlff?
849 1953 903 1975 an.

10 2011 12 2018 ι
39 1990 140 2039 θήσω
156 1995 230 2030 τοῖς
249 1995 322 2030 σοῖς
340 1957 462 2038 magor:
484 1989 573 2024 1447
584 2002 638 2024 an.
669 1989 774 2036 μῦθοι
790 1988 907 2028 καλῶς

25 2049 75 2073 σιν
103 2040 158 2072 Τι’.
179 2037 236 2073 62.
266 2037 388 2085 μύθοις
414 2037 444 2072 εἴ
466 2050 500 2072 τι
525 2037 690 2072 πιστεύειν
716 2037 829 2084 χρεών
846 2035 902 2078 67,

17 2087 110 2119 tiam
137 2086 248 2127 famae
273 2092 307 2119 et
322 2089 463 2119 rumoris
487 2087 680 2126 significans
704 2086 770 2116 (lici
787 2086 903 2126 possit,

19 2143 127 2175 genus
160 2138 285 2175 prostat
315 2135 492 2166 manifesto
521 2132 581 2167 τάν
611 2132 629 2167 ὁ
659 2130 766 2178 μέγας
797 2129 906 2176 μῦθος

11 2196 15 2200 -
32 2182 55 2213 i.
72 2177 142 2213 226
155 2182 223 2222 ch.,
244 2186 278 2212 et
295 2190 333 2213 eo
350 2182 445 2213 modo
463 2182 564 2212 etiam
581 2181 752 2219 intelligas
770 2180 825 2211 Ai.
841 2175 906 2210 189

17 2221 45 2261 δ’
63 2225 339 2273 ὑποβαλλόμενοι
355 2226 541 2261 κλέπτουσι
558 2223 703 2273 μύθους,
724 2228 752 2257 εἰ
767 2225 906 2257 menda-

14 2289 29 2302 ·-
61 2285 118 2306 am
142 2275 238 2307 dictis
263 2278 434 2315 aparyunt.
464 2293 509 2298 —
533 2272 626 2319 ἠθάς
652 2272 723 2317 εἰμί
747 2283 821 2309 πως
838 2277 905 2306 τῶν

17 2319 138 2367 μύθων
158 2322 211 2354 El.
232 2319 313 2355 373.
338 2340 376 2346 -
395 2322 410 2364 ss
427 2322 537 2360 dictio,
559 2331 638 2353 usus
654 2320 836 2352 verborum.
865 2318 905 2353 οὐ

43 2366 154 2415 φίλοις
172 2367 190 2402 ὁ
210 2367 320 2413 μῦθος
338 2367 390 2402 El.
413 2365 492 2401 639.
515 2386 556 2391 -—
575 2369 590 2410 ΙΙ
607 2369 815 2408 colloquium.
846 2368 906 2400 σοῦ

18 2414 106 2462 νχύν
122 2410 178 2448 τιν’
204 2414 293 2449 αἰτεῖ
317 2413 427 2460 μῦθον
445 2415 500 2448 OC
520 2413 620 2447 1162.
644 2433 685 2438 -
713 2414 727 2469 ΙΙ
751 2416 901 2445 nuntius.

19 2461 55 2496 ὲν
78 2460 190 2500 οὐδεὶς
209 2459 318 2508 μῦθος
336 2460 443 2508 φίλων
462 2456 537 2496 οὔθ’
553 2460 638 2507 ἡδὺς
657 2458 718 2495 οὔτ
751 2458 905 2506 ἀλγεινὸς

19 2532 27 2549 3
61 2513 86 2541 t.
111 2507 164 2541 11.
191 2511 251 2542 νῦν
276 2507 303 2542 δ’
329 2507 372 2543 αὖ
388 2503 446 2543 τίν’
471 2507 570 2554 ἥκεις
595 2506 704 2554 μῦθον
722 2506 824 2552 πατρὶ
868 2506 906 2541 έ-

26 2555 73 2588 10
91 2553 170 2589 357.
191 2557 222 2588 A
241 2554 364 2601 μύειν
381 2557 521 2588 (luctum
538 2555 653 2600 (Eust.
674 2565 707 2596 p.
731 2552 831 2596 1356,
868 2551 902 2587 2.

25 2599 121 2644 593,
142 2600 205 2647 43)
230 2604 282 2635 vel
307 2614 326 2635 a
353 2606 450 2648 μυεῖν
476 2601 603 2646 (Etym.
626 2604 649 2635 l.
671 2602 719 2646 c.)
745 2603 904 2634 inflexam

45 2651 186 2691 primam
208 2651 400 2692 productam
426 2651 595 2692 oportuit,
632 2651 720 2681 sicut
743 2650 906 2690 praecipit

40 2706 77 2730 π.
98 2709 133 2741 μ.
155 2694 188 2730 λ.
224 2707 258 2738 p.
278 2694 344 2738 42,
365 2693 397 2728 6.
436 2698 539 2729 schol.
571 2697 612 2729 11.
633 2693 750 2741 β311.
771 2697 847 2728 Arc.
868 2706 902 2736 p.

20 2742 22 2745 “
627 2742 677 2787 (11
693 2753 726 2784 p.
751 2740 830 2783 143,
850 2740 905 2785 4.)

23 2804 174 2846 -κῆναι
192 2803 282 2833 urbs,
308 2795 352 2835 ἵν’
370 2799 404 2835 αἱ
421 2798 585 2847 Μυκῆναι
602 2804 714 2848 γνοῖεν
740 2802 800 2833 Ph.
821 2798 901 2833 325.

26 2859 36 2875 ‘a
47 2859 65 2886 ς
80 2845 141 2885 τὰς
158 2846 396 2896 πολυχρύσους
414 2849 466 2880 El.
488 2846 519 2881 9.

30 2917 228 2986 :.⁷¹1”6⁰1‘²0i1‘.
255 2904 676 2998 &immittat
692 2903 906 3000 {3⁶2{¹‘i⁷52⁷lf

60 2998 268 3046 υκηναίοισιν
296 2997 396 3032 1459.
441 2997 509 3043 [De
531 3001 644 3032 fabula
670 3001 792 3042 Soph.‚
820 3011 904 3043 quae

67 3049 186 3093 ηναῖοι
202 3058 234 3078 ν.
255 3041 418 3092 Ἀτρεύς.]
453 3048 623 3079 Accentus
641 3049 820 3088 gentilium
838 3052 901 3089 est,

33 3090 111 3139 Arc.
132 3103 165 3135 p.
185 3091 242 3134 43,
266 3091 320 3126 18.

71 3149 151 3199 τήρ
167 3162 274 3184 nares.
296 3150 413 3198 φλέγει
425 3149 463 3184 δὲ
481 3150 616 3199 μυκτὴρ
631 3152 748 3187 Colch.
764 3154 805 3185 fr.
819 3150 900 3193 320,

87 3213 89 3224 ι
107 3212 114 3226 ;
135 3199 242 3230 tauris
259 3200 371 3239 ignem
389 3199 606 3240 spirantibus.

109 3269 209 3300 mola.
237 3265 394 3314 ἀλέκτωρ
419 3266 521 3301 αὐτὸν
546 3266 609 3348 iffa

37 3317 55 3356 ᾗ,
88 3315 141 3347 1)8
156 3318 235 3346 tono
254 3325 284 3347 v.
305 3315 428 3347 Herod.
448 3325 484 3347 π.
507 3327 543 3359 μ.
590 3341 596 3347 .
617 3326 652 3357 p.
672 3312 727 3355 39,
749 3313 806 3347 31.

42 3373 277 3419 gsaeigmutus.
307 3371 432 3417 μυνὸὸς
457 3370 576 3419 ἰχθύςε
609 3370 694 3419 Σοφ.
725 3371 743 3406 ὁ
771 3372 820 3419 μὴ
839 3371 903 3407 αύ-

114 3417 173 3452 καὶ
204 3416 362 3465 ἔλλοψ,
394 3416 463 3452 ἀπὸ
490 3421 550 3453 τοῦ
580 3417 704 3465 ἐλλιπῆ
740 3418 804 3466 τὴν
833 3417 903 3453 ὄπα

699 155 881 206 Μυδάω
906 185 975 192 -—
999 154 1161 211 Μυσός

1858 156 1954 205 461

943 271 1046 321 ἔχων.
1075 273 1141 305 ΕΜ
1158 282 1191 313 p.
1213 269 1293 313 595,
1317 269 1348 304 1.
1379 272 1467 304 Gud.
1489 282 1521 313 p.
1539 269 1620 313 400,
1638 269 1695 305 35.
1726 274 1789 313 Ap.
1811 272 1907 303 illum
1925 276 1961 303 et

942 315 995 362 ap'.
1013 320 1157 360 Hesych.
1178 322 1344 362 penacute
1362 319 1531 358 scribitur,
1561 321 1701 352 fortasse
1716 324 1851 360 propter
1868 328 1960 349 com-

941 369 1124 409 positorum
1145 376 1255 398 usum.
1295 366 1360 398 Sed
1379 367 1465 398 clare
1483 367 1646 398 evincunt
1671 366 1858 398 acuendum
1885 375 1960 397 esse

942 419 1101 456 tanquam
1127 415 1329 446 adiectivum
1356 413 1475 454 steph.
1506 414 1584 453 Byz.
1615 424 1646 445 v.
1668 411 1796 457 βάλόος
1821 419 1855 444 et
1880 414 1954 443 Arc.

942 472 975 503 p.
997 459 1055 502 48,
1078 459 1132 494 11.
1156 479 1197 485 —-
1218 462 1368 492 Illustrat
1387 460 1526 492 Casaub.
1549 462 1589 492 ad
1608 461 1731 492 Athen.
1756 471 1786 501 p.
1808 457 1877 491 538
1895 457 1953 503 [ef.

942 510 1024 541 Lob.
1048 509 1166 541 Rhem.
1188 504 1284 552 346}
1316 508 1435 547 Bergk.
1457 517 1575 540 comm.
1597 508 1638 539 de
1665 508 1765 548 Soph.
1789 508 1827 538 fr.
1860 517 1892 547 p.
1915 504 1959 537 34

941 554 1046 602 χῠρὸς
1069 553 1107 588 δὲ
1134 553 1310 599 μύνδων
1337 553 1469 610 ἰχθύων
1496 565 1553 595 pro
1578 552 1776 588 ἀναύδων
1809 555 1957 585 svn-iben-

943 605 1022 636 (lum
1041 604 1177 634 coniicit
1197 603 1236 633 fr.
1260 603 1324 634 inc.
1353 599 1426 634 (00.

1013 654 1166 705 Μύνης
1185 670 1217 692 n.
1231 671 1280 702 pr.
1300 661 1458 692 Ghoerob.
1490 670 1521 700 p.
1542 658 1629 691 1399
1650 661 1753 691 Bekk.
1785 656 1956 704 Μύνης,

943 704 1062 742 Μύνου
1080 706 1139 741 καὶ
1157 704 1320 753 ,Μύνητος
1339 704 1426 752 Σοφ.
1449 703 1483 740 Μ
1495 705 1598 741 ύνου
1618 705 1746 740 ἔκλινεν
1768 704 1959 753 Αἰχμαλω-

941 753 1024 788 τίσιν
1048 753 1181 798 (ἴε-,57)
1206 753 1334 788 εἰπών’
1362 751 1514 789 Μύνου
1539 752 1579 787 τί
1605 753 1874 800 ἐπιστρέφου
1928 765 1954 786 ε.

944 803 1069 834 Eodem
1095 807 1225 843 spectat
1249 803 1347 834 Eust.
1377 812 1409 843 p.
1436 799 1536 839 1017,
1573 799 1623 832 10.
1654 803 1728 832 Arv.
1761 812 1791 843 p.
1813 798 1870 840 24,
1898 765 1956 834 20.

945 850 1069 891 [Schol.
1091 851 1129 881 ll.
1157 847 1206 886 15,
1229 846 1297 881 302
1313 848 1354 882 τὸ
1370 845 1493 893 Μύνης
1511 847 1529 882 ὁ
1547 847 1610 893 μὲν
1629 847 1775 893 ποιητὴς
1802 859 1959 893 περιττο-

943 894 1123 941 συλλάβως
1150 894 1300 936 ἔκλινεν,
1330 894 1348 929 ὁ
1377 894 1414 928 δὲ
1435 892 1521 941 Σοφ.
1553 893 1807 940 ἰσοσυλλοίβωςε
1839 892 1959 930 Μύνου

941 941 965 976 τ’
1001 938 1230 989 Ἐπιστρόφου
1255 954 1310 983 τε,
1348 944 1436 975 unde
1463 944 1681 975 Choerobosci
1706 945 1775 975 loco
1794 945 1961 975 medicina

942 992 1087 1032 petenda
1105 989 1188 1036 est]
1208 992 1258 1022 De
1273 991 1332 1022 hoc
1349 995 1384 1021 et
1402 991 1569 1022 similibus
1588 986 1710 1035 Γύγης,
1733 986 1861 1035 Δάρης,
1883 987 1961 1024 Xoi—

943 1049 1018 1084 ρης,
1040 1034 1171 1083 Μέγης,
1192 1033 1332 1083 Μύκης,
1356 1033 1491 1082 Κύμης,
1514 1034 1629 1082 Πύὸης
1648 1039 1834 1069 secundnm
1856 1039 1959 1069 liero-

942 1086 1034 1117 diani
1053 1091 1241 1126 praecepta,
1263 1095 1348 1126 quae
1366 1086 1406 1116 ab
1425 1086 1492 1116 illis
1511 1086 1681 1126 exscripta
1699 1095 1772 1115 esse
1793 1086 1954 1117 Priscian.

942 1133 1034 1164 docet
1053 1130 1087 1164 6.
1107 1142 1140 1173 p.
1161 1130 1242 1171 244,
1267 1130 1320 1166 17.
1351 1133 1419 1172 egit
1444 1133 1610 1172 copiosius
1630 1132 1801 1163 Mnetzell.
1831 1134 1871 1163 «le
1889 1143 1953 1163 eru.

944 1180 1068 1219 Theog.
1092 1180 1227 1211 Hesiod.
1251 1189 1282 1220 p.
1303 1176 1383 1210 207.

1013 1234 1135 1276 Μύξα
1159 1248 1266 1270 nares.
1304 1235 1415 1282 ἄρασα
1445 1235 1551 1281 μύξας
1576 1238 1617 1269 (18
1636 1248 1742 1279 cerva,
1774 1239 1889 1272 Alead.
1913 1240 1953 1271 l'r.

944 1282 1021 1317 110.
1052 1287 1222 1317 Accentus
1239 1286 1439 1325 ambiguitas
1457 1286 1562 1316 nulla.

1011 1351 1049 1390 M
1059 1353 1079 1388 ὖ
1092 1366 1110 1401 ρ
1120 1367 1129 1388 ι
1139 1354 1187 1389 όκ
1198 1367 1220 1388 α
1230 1366 1247 1400 ρ
1258 1365 1283 1387 π
1293 1366 1310 1388 ο
1321 1366 1336 1392 ς
1354 1355 1620 1395 fecundissimum
1651 1354 1809 1400 φυλλάδα
1836 1354 1959 1402 μυριό-

941 1413 1072 1448 καρπον
1090 1401 1145 1434 Oc
1163 1399 1230 1434 676
1249 1402 1300 1434 ch.
1330 1403 1370 1434 de
1398 1404 1489 1434 lauro
1514 1403 1675 1443 intelligit
1693 1404 1811 1435 Elnisl.
1829 1416 1835 1443 ;
1868 1409 1957 1435 recte

941 1450 1056 1482 Herm.
1078 1451 1120 1482 de
1139 1459 1273 1481 nemore
1292 1450 1392 1481 variis
1409 1451 1581 1482 arboribus
1599 1451 1704 1482 denso
1715 1452 1873 1492 explicat,
1897 1461 1957 1482 nec

941 1498 1089 1529 efficitur
1113 1497 1197 1529 illud
1222 1497 1358 1538 quidem
1378 1507 1416 1528 eo
1433 1497 1520 1538 qnod
1538 1495 1742 1543 πάγκαρπος
1774 1496 1886 1544 δάφνη
1905 1499 1956 1530 di-

942 1545 1029 1577 citur
1049 1545 1107 1577 OR
1123 1541 1180 1576 83.

1012 1610 1193 1660 Μῦρίος.
1232 1614 1369 1654 Propria
1393 1614 1550 1646 adiectivi
1577 1616 1760 1647 numeralis
1788 1617 1958 1655 significa-

942 1663 1032 1693 tione
1056 1671 1122 1693 non
1140 1662 1274 1701 legitur.
1305 1662 1443 1702 Propius
1469 1666 1582 1693 tamen
1599 1663 1639 1693 ab
1657 1673 1696 1694 ca
1712 1664 1837 1694 absunt
1854 1663 1954 1695 haec:

942 1707 1015 1742 ἀντὶ
1034 1706 1164 1754 μυρίων
1182 1706 1262 1753 μίαν
1281 1706 1398 1754 ψυχὴν
1414 1703 1487 1741 τάδ’
1506 1706 1704 1742 ἐκτίνουσαν
1718 1710 1772 1741 OC
1787 1707 1867 1742 498.
1889 1722 1958 1755 μυ-

943 1754 1024 1801 ρίων
1052 1754 1250 1802 ἐπιστροφαὶ
1274 1759 1392 1789 κακῶν
1416 1752 1485 1788 536
1503 1766 1547 1788 m.
1577 1756 1670 1788 Suid.
1693 1768 1724 1788 v.
1747 1755 1956 1803 ἐπιστροφῆς

943 1803 1201 1844 Aristophanem
1219 1812 1278 1843 pro
1297 1802 1397 1844 Soph.
1419 1804 1596 1834 nominans
1615 1801 1732 1849 μυρίαι
1751 1801 1956 1851 ἐπιστροφαί

942 1852 1050 1882 affert.
1073 1848 1196 1895 μυρίας
1215 1848 1233 1883 ὁ
1252 1848 1373 1895 μυρίος
1390 1848 1514 1896 χρόνος
1530 1852 1708 1884 τεκνοῦται
1723 1849 1847 1888 νύκτας
1864 1849 1958 1896 ὴμέ-

944 1908 1004 1942 ρας
1028 1907 1065 1930 τε
1082 1894 1162 1929 617.
1185 1895 1220 1930 αἱ
1245 1895 1282 1930 δὲ
1308 1908 1353 1941 μυ
1378 1895 1425 1930 ίαι
1449 1895 1566 1934 πόλεις
1595 1895 1695 1929 1534.
1725 1897 1871 1944 μόχθων
1890 1910 1957 1943 μυ-

966 1942 1025 1977 ίων
1044 1942 1237 1990 ἐγευσάμην
1256 1945 1310 1976 Τι’.
1331 1942 1346 1975 1
1375 1941 1433 1976 01.
1463 1938 1553 1989 μυρί’
1569 1941 1626 1978 ἀπ’
1643 1940 1796 1991 αἰσχρῶν
1812 1943 1958 1979 ἀνατέλ-

965 2002 1046 2024 οντα
1063 1992 1122 2023 Ph.
1147 1988 1235 2023 1139
1253 2001 1297 2022 m.
1328 2002 1359 2023 v.
1378 1992 1495 2023 Herm.
1525 1992 1587 2023 His
1604 1993 1770 2033 exemplis
1789 1994 1957 2034 plerisque

943 2040 1107 2070 innumeri
1125 2039 1370 2079 significantur,
1393 2039 1450 2070 sed
1469 2037 1524 2071 00
1546 2035 1636 2070 1534
1654 2041 1779 2071 rectius
1793 2042 1958 2080 plurimas

942 2085 1036 2117 urbes
1054 2087 1342 2127 interpretaberis.
1373 2083 1597 2129 [Schneidew.
1619 2087 1691 2118 vult
1709 2097 1782 2118 esse
1799 2089 1822 2118 i.
1840 2098 1872 2128 q.
1891 2099 1957 2132 μυ-

944 2130 1153 2179 ριάνθρωποι
1178 2130 1305 2170 πόλεις.
1359 2133 1465 2173 Magis
1490 2133 1571 2164 haec
1588 2134 1767 2165 discedunt
1790 2145 1808 2165 a
1825 2135 1958 2175 propria

943 2181 1093 2211 vocabuli
1108 2184 1292 2221 potestate:
1313 2177 1439 2225 ἥξοντα
1456 2178 1552 2224 βαιοῦ
1569 2178 1673 2226 κούχὶ
1692 2179 1812 2227 μυρίου
1830 2180 1957 2227 χρόνου

943 2226 998 2258 OC
1022 2224 1091 2259 397
1116 2228 1177 2259 hoc
1202 2227 1338 2268 quidem
1363 2224 1416 2270 [ut
1442 2238 1473 2258 v.
1495 2223 1579 2271 617]
1605 2227 1646 2259 de
1672 2231 1833 2268 tempore,
1864 2229 1956 2260 velut

942 2272 1046 2319 μυρία
1064 2272 1125 2318 μία
1141 2271 1199 2312 νύξ
1216 2272 1305 2307 ἐστιν
1325 2274 1445 2315 Naupl.
1468 2275 1508 2306 fr.
1531 2271 1612 2313 377,
1636 2272 1651 2306 1
1672 2275 1890 2316 lonqinquum
1907 2278 1955 2307 si-

941 2322 1104 2361 gnificans
1121 2325 1323 2362 utrumque:
1345 2321 1385 2352 dc
1403 2330 1436 2351 re
1453 2327 1566 2352 autem
1583 2323 1678 2361 yruvi
1704 2321 1824 2368 μυρίον
1842 2320 1955 2370 ἄχθος

941 2368 1002 2400 Ph.
1026 2365 1116 2400 1168
1134 2369 1187 2400 ch.
1212 2386 1252 2391 ——
1271 2369 1322 2399 De
1349 2373 1489 2399 accentu
1515 2378 1558 2399 ex
1576 2369 1671 2400 libris
1691 2379 1755 2400 non
1775 2371 1856 2401 satis
1874 2363 1954 2401 con-

941 2419 1025 2454 stat,
1055 2416 1112 2447 sed
1137 2415 1197 2446 hoc
1223 2420 1350 2446 certum
1376 2420 1446 2456 est,
1476 2416 1534 2456 qui
1552 2416 1751 2447 tradiderint
1776 2414 1895 2462 μυρίος
1921 2421 1955 2448 et

942 2459 1056 2508 μυρίοι
1085 2463 1202 2494 tralata
1233 2466 1397 2502 potestate
1423 2463 1542 2501 scribi,
1579 2463 1735 2503 inprimis
1770 2464 1950 2495 Herodian.

939 2508 1010 2552 (ap.
1032 2510 1131 2540 Eust.
1160 2519 1194 2550 p.
1219 2507 1273 2549 15,
1293 2506 1338 2541 33
1366 2534 1373 2549 ,
1403 2510 1560 2548 Dracon„
1589 2520 1622 2549 p.
1645 2506 1699 2550 68,
1723 2508 1755 2550 3,
1792 2512 1950 2542 Ammon.

940 2566 974 2597 p.
995 2553 1061 2596 96,
1090 2557 1168 2587 Arc.
1195 2566 1229 2597 p.
1250 2553 1309 2596 41,
1357 2554 1386 2588 1.
1424 2557 1520 2588 Phot.
1541 2567 1574 2598 p.
1595 2553 1676 2597 280,
1701 2554 1743 2588 14
1770 2567 1834 2588 non
1854 2559 1954 2590 ratio-

941 2612 1037 2642 nem,
1068 2603 1126 2634 sed
1148 2603 1323 2644 paradosin
1349 2613 1423 2635 esse
1448 2608 1589 2635 secutos
1632 2604 1714 2635 Nam
1742 2605 1953 2636 Herodianus

939 2651 1012 2691 ipse
1029 2650 1167 2682 rationis
1184 2654 1409 2691 propugnator
1434 2651 1566 2682 tertiam
1584 2661 1603 2682 a
1620 2652 1686 2683 fine
1703 2652 1886 2683 acuendam
1904 2653 1954 2684 eis

939 2707 992 2738 ap.
1013 2697 1111 2728 Eust.
1134 2697 1437 2736 verbss‘defendit,
1463 2698 1587 2738 quibus
1612 2698 1692 2739 quid
1719 2699 1752 2729 in
1771 2708 1826 2730 ore
1845 2700 1953 2730 homi-

939 2753 1021 2774 num
1045 2744 1149 2775 fuerit
1172 2744 1355 2775 clarissime
1380 2745 1593 2784 perspicitur.
1634 2755 1653 2777 υ
1679 2755 1854 2776 commune
1879 2755 1953 2777 esse

940 2791 1026 2822 male
1046 2791 1151 2822 Draco
1176 2792 1199 2821 l.
1221 2801 1248 2822 c.
1649 2789 1697 2834 (ΙΙ
1718 2802 1749 2832 p.
1775 2789 1851 2833 144,
1875 2790 1951 2835 12.)

1010 2852 1076 2894 Μύ
1087 2871 1105 2906 ρ
1115 2871 1132 2893 ο
1142 2872 1159 2892 ν
1175 2864 1392 2900 unyuentum.
1411 2863 1535 2907 τεῦχος
1549 2858 1588 2894 ού
1607 2858 1653 2905 μύ
1676 2873 1715 2895 ου
1730 2859 1831 2894 πνέον
1846 2862 1949 2901 Synd.

941 2908 980 2938 fr.
1006 2904 1084 2947 147,
1105 2904 1137 2939 3.
1175 2906 1273 2954 μύρῳ
1298 2905 1357 2940 λευ
1381 2905 1473 2953 αλέῳ
1501 2908 1541 2939 sr.
1569 2909 1635 2940 inc.
1656 2872 1736 2940 904.
1766 2906 1952 2954 [λευγαλέα

940 2963 1021 2985 corr.
1044 2954 1172 2986 Nauck.
1193 2955 1288 2987 Pbot.
1308 2965 1341 2995 p.
1390 2951 1443 2995 16,
1469 2952 1538 2999 16].

1010 3007 1075 3046 Μυ
1088 3005 1157 3058 ρτῗ
1170 3011 1245 3050 λος
1263 3023 1296 3045 n.
1310 3023 1360 3053 pr.
1382 3011 1400 3046 ὁ
1419 3010 1609 3050 ποντισθεὶς
1623 3009 1797 3059 Μυρτίλος
1816 3013 1870 3044 El.
1883 3010 1951 3045 509

940 3059 992 3090 ch.
1035 3060 1223 3091 Accentum
1249 3061 1380 3100 generis
1405 3061 1531 3091 notavit
1556 3061 1633 3091 Arc.
1662 3071 1695 3101 p.
1718 3058 1780 3098 55,
1811 3057 1866 3092 19.
1903 3061 1951 3091 Eo

940 3107 1040 3138 etiam
1060 3107 1118 3137 LA
1136 3107 1298 3148 scriptum
1316 3107 1409 3138 ducit
1425 3102 1615 3152 Μυρτῖλος.

1008 3167 1180 3213 Μύσιος
1201 3176 1337 3217 Mysius.
1366 3171 1508 3210 Μυσίων
1527 3174 1596 3209 ἀπὸ
1613 3179 1776 3222 κρημνῶν
1794 3177 1848 3208 Ai.
1867 3172 1947 3208 720.

938 3219 1036 3255 πόλις
1061 3221 1098 3256 δὲ
1126 3218 1255 3256 Μυσῶν
1280 3218 1397 3257 Μυσία
1420 3221 1634 3268 προσήγορος
1660 3223 1742 3263 Mys.
1766 3224 1806 3254 fr.
1828 3219 1908 3263 360,
1928 3220 1952 3254 2

625 3267 710 3314 πρὸς
728 3266 840 3314 μύλην
858 3269 899 3300 fr.
936 3266 1020 3312 (v.l.
1040 3265 1173 3314 Μυσίᾳ)
1189 3266 1245 3313 [(18
1263 3274 1331 3301 tota
1348 3274 1434 3301 terra
1451 3270 1493 3300 cf.
1515 3269 1631 3302 Strabo
1647 3267 1681 3302 8.
1702 3280 1734 3311 p.
1757 3266 1852 3313 356}

1007 3322 1074 3360 Μῦ
1086 3325 1159 3364 σός
1180 3326 1304 3367 Mysus.
1339 3324 1438 3365 πόλις
1456 3325 1494 3360 δὲ
1511 3323 1641 3361 Μυσῶν
1660 3327 1743 3367 Mys.
1765 3329 1806 3359 fr.
1826 3324 1907 3368 360,
1926 3324 1950 3358 2

939 3370 1158 3416 [cognominis
1176 3374 1266 3405 enim
1284 3375 1427 3414 fabulae,
1447 3383 1533 3415 quae
1550 3378 1583 3405 et
1601 3371 1763 3419 Τήλεφος
1788 3375 1950 3406 inscribe-

938 3420 1047 3460 batur,
1069 3425 1150 3451 sunt
1166 3421 1206 3452 fr.
1229 3417 1414 3453 358—374
1431 3421 1452 3452 b
1473 3430 1527 3462 ap.
1548 3418 1670 3464 Dind.]
