2288 3600
254 119 352 168 332

252 235 340 277 quod
354 244 471 266 versus
489 235 750 276 antistrophicus
768 246 786 266 a
803 235 950 276 spondeo
966 235 1124 276 ordiatur,
1153 232 1270 282 ἀχιῖιν

252 283 396 315 coniecit
412 283 452 313 ad
469 282 601 313 Heracl.
619 279 689 313 752
712 279 855 326 [recepit
870 279 1007 326 Dind.].
1036 282 1123 315 Sunt
1140 284 1199 323 qui
1217 279 1270 316 ἰα-

252 331 329 376 χεῖν
354 330 454 361 unice
481 330 736 370 commendent3
775 330 862 370 quod
887 339 963 361 cum
988 331 1148 369 barytono
1181 328 1214 363 ἰοί
1242 343 1270 363 ω

253 378 351 409 iuxta
368 379 514 408 constat:
544 377 627 408 Eur.
657 377 782 409 Phoen.
807 373 908 408 1295.
929 376 1062 408 Heracl.
1085 373 1165 408 752.
1187 375 1207 408 7
1234 374 1267 409 3.

253 421 334 466 953.
356 424 464 456 Orest.
487 420 574 464 814,
603 434 666 455 nec
683 424 958 465 authypotactum
983 433 1058 455 esse
1078 421 1111 456 ία
1138 426 1188 457 εῖν
1204 434 1270 465 pu-

256 472 397 503 taverim
422 480 549 503 memor
566 471 755 503 Herodiano
773 474 961 503 notatorum
988 471 1029 502 ll.
1051 468 1106 511 ξ4
1135 469 1172 503 1:
1203 469 1271 505 ἰά-

253 529 332 565 χον
345 529 433 559 τες,
464 517 511 556 ὡς
531 516 788 564 ὀρέγοντες,
818 515 897 552 ὅθεν
916 516 1113 563 βαρυτονεῖν
1132 516 1186 552 δεῖ
1203 516 1270 552 ἰά-

252 577 359 614 χων,
404 564 452 602 ὡς
486 563 659 612 ὀρέγων.
697 565 750 598 Cf.
779 566 819 597 ad
852 576 868 598 ε
901 562 987 605 302,
1018 566 1077 597 ubi
1102 566 1270 605 Tyrannio

251 614 388 654 quidem
423 611 532 658 ίαχῶν
564 614 750 654 scripturus
777 616 868 654 erat,
904 616 944 644 ut
975 610 1122 659 ἰαχοῦσα
1145 623 1160 645 ε
1186 610 1265 645 343.

252 661 344 692 Haec
369 661 549 692 Herodian.
584 661 755 702 antiquam
781 660 957 702 paradosin
980 663 1015 691 et
1039 661 1270 692 Aristarchum

252 711 410 749 secutus;
440 711 475 740 et
499 709 738 740 confirmantur
763 709 805 739 ab
822 708 898 739 Arc.
917 718 951 749 p.
971 704 1050 748 154,
1073 704 1116 739 13
1147 705 1190 740 τὰ
1216 705 1270 740 διὰ

250 756 311 788 τοῦ
345 766 422 801 αχω
452 752 664 800 τρισύλλαβα
696 752 893 802 βαρύνεται,
938 752 1154 800 στενάχω,
1199 753 1270 787 ἰοί-

250 813 325 849 χω.
365 803 473 836 ταῦτα
501 800 539 835 δὲ
571 802 630 836 καὶ
655 800 723 836 ἀπὸ
757 800 1038 848 περισπωμένων,
1079 800 1266 848 ἰαχήσω,

252 847 528 897 στεναχήσω.
565 851 636 882 Hoc
660 854 730 891 est,
762 850 878 882 formis
905 848 1042 896 ἰαχήσω
1069 847 1270 896 στεναχήσω

253 898 378 929 subiici
412 895 500 943 ἱαχῶ
536 901 710 944 στεναχῶ,
746 898 926 929 thematica
955 898 1162 938 praesentia;
1203 897 1270 928 nisi

252 945 469 977 scribendum
487 942 704 990 στοναγήσω.
733 946 809 976 Alia
826 945 978 986 quaestio
995 945 1078 976 haee
1094 947 1157 984 est,
1188 953 1269 975 num

253 993 418 1024 scribatur
442 989 587 1038 ἴακχος,
606 986 683 1024 ‘non
707 992 748 1024 de
766 992 827 1024 deo
839 1017 847 1033 ,
876 992 934 1023 sed
959 993 1000 1023 de
1018 1001 1098 1023 sono
1116 995 1151 1023 et
1168 995 1268 1023 cantu

249 1038 312 1082 (cf.
332 1041 457 1071 Iacobs.
477 1040 519 1071 ad
534 1039 640 1071 Anth.
662 1040 732 1071 Pal.
754 1036 775 1071 3
807 1050 840 1080 p.
862 1036 948 1082 566)
974 1037 1094 1086 ἱακχή,
1124 1036 1267 1085 ἰάκχειν,

252 1084 423 1133 ἰακχήσω,
453 1097 529 1118 cum
546 1087 644 1126 longa
662 1087 773 1118 media
797 1096 892 1128 opus.
922 1087 967 1118 Et
985 1098 1007 1119 α
1034 1086 1172 1128 produci
1191 1086 1270 1117 sub-

250 1135 331 1166 inde
356 1136 423 1166 iam
448 1134 568 1166 Markl.
599 1135 727 1166 viderat
753 1135 793 1166 ad
820 1135 867 1165 IA
887 1130 988 1166 1036.
1025 1135 1128 1166 Recte
1146 1133 1267 1164 Elmsl.

249 1182 291 1214 ad
316 1181 375 1214 ΟΒ
395 1178 485 1213 1222
509 1182 588 1213 olim
614 1193 637 1215 α
661 1183 816 1221 ambigua
841 1191 916 1213 esse
942 1190 1099 1213 mensura
1124 1180 1266 1212 dixerat.

249 1230 328 1261 Post
344 1229 386 1261 ad
413 1229 546 1261 Heracl.
567 1226 637 1262 752
664 1226 773 1275 ἰαχεῖν
798 1229 907 1260 media
933 1232 1083 1270 correpta
1108 1229 1270 1260 aoristum

250 1287 326 1308 esse
344 1286 407 1308 nec
423 1279 520 1308 extra
537 1277 758 1308 indicativum
776 1277 912 1308 modum
930 1276 1076 1316 dictum,
1104 1276 1192 1316 quod
1211 1284 1269 1306 su-

249 1334 309 1366 pra
326 1324 568 1364 refutavimus,
597 1322 679 1370 ἰαχή
699 1333 776 1355 vero
794 1326 828 1355 et
847 1321 984 1370 ἰαχήσω
1008 1333 1107 1365 saepe
1124 1332 1182 1364 pro
1199 1323 1269 1355 Do-

250 1372 328 1403 ricis
353 1369 463 1418 ἀχεῖν,
491 1368 617 1418 ἀχήσω
635 1372 800 1403 Atticisve
817 1368 931 1417 ήχεῖν,
958 1368 1087 1417 ήχήσω
1104 1379 1171 1401 non
1190 1370 1270 1401 satis

252 1419 494 1451 animadversis
519 1420 654 1450 invecta
678 1428 763 1450 esse.
793 1419 833 1449 In
859 1418 912 1450 his
930 1418 1119 1458 ignorantia
1143 1420 1268 1449 metro—

252 1476 327 1498 rum
352 1467 400 1498 ita
423 1466 528 1498 salsus
546 1469 616 1507 est,
647 1469 686 1497 ut
711 1464 877 1512 ἰαχήσατε
894 1466 1028 1497 Heracl.
1050 1461 1120 1497 752
1146 1473 1268 1496 secun-

252 1514 328 1546 dam
346 1513 529 1555 producere
547 1514 747 1554 affirmaret,
776 1523 861 1554 quae
878 1516 917 1545 ut
932 1514 968 1544 in
986 1514 1145 1553 glyconeo
1162 1512 1269 1544 ambi-

250 1571 315 1601 gua
339 1564 451 1603 potest
476 1570 573 1600 esse;
603 1561 682 1593 dein
709 1562 738 1592 si
761 1558 836 1620 ήχή
855 1571 881 1592 s.
904 1558 976 1606 ἀχή
1002 1569 1061 1602 pro
1087 1557 1171 1616 ἰαχή
1189 1560 1270 1591 sub-

251 1609 424 1648 stituatur,
453 1608 536 1649 quid
552 1608 653 1640 faciet
669 1608 743 1640 his:
783 1618 882 1654 ιαχος
900 1618 927 1640 s.
949 1606 1074 1653 ἴακχος
1093 1601 1167 1653 ᾠοά
1183 1607 1266 1639 Eur.

252 1655 343 1695 cycl.
378 1652 434 1688 69.
480 1652 607 1702 ἴακχον
641 1665 667 1687 s.
705 1652 807 1702 ἴαχον
840 1657 972 1700 νεκρῶν
1015 1655 1134 1687 Troad.
1164 1650 1265 1686 1220.

250 1704 406 1748 πτεροῖσι
446 1700 628 1748 ’κρέκοντες
659 1696 769 1749 ἴαχον“
787 1713 814 1736 s,
857 1700 982 1749 ἴακχον
1015 1695 1179 1736 Ἀπόλλω
1207 1702 1266 1732 Ar.

250 1751 315 1783 Av.
336 1747 418 1782 777.
462 1748 580 1798 ἰαχαῖς
601 1760 638 1783 τε
661 1748 798 1796 νύμφαν
824 1750 908 1782 Eur.
939 1749 1055 1782 Troad.
1077 1747 1164 1789 3513
1195 1749 1271 1790 qui-

250 1798 313 1830 bus
346 1807 414 1829 non
440 1798 599 1830 convenit
630 1795 720 1844 ἦχος
751 1795 839 1843 ἠχή,
869 1797 923 1829 vel
955 1797 1044 1838 quod
1069 1800 1175 1828 metro
1202 1805 1269 1827 non

251 1845 421 1885 congruit,
466 1845 520 1877 vel
553 1845 640 1886 quod
682 1845 847 1877 adiectivo
889 1854 994 1886 opus,
1048 1844 1148 1885 quale
1180 1841 1269 1890 ἦχος

251 1901 426 1934 nunquam
442 1893 511 1924 fuit
521 1917 529 1933 ,
559 1895 599 1925 ut
615 1896 743 1925 taceam
759 1889 846 1939 ἄγος
869 1893 995 1924 Atticis
1012 1891 1202 1923 inauditum
1220 1891 1271 1922 vi-
1287 1891 1289 1934 Ι

251 1940 333 1971 deri.
372 1940 472 1972 Nune
498 1940 634 1981 quidem
659 1941 695 1971 in
721 1940 775 1974 hi·
797 1931 832 1971 et
849 1940 1017 1971 similibus
1044 1940 1197 1970 certatim
1214 1939 1269 1969 in—

253 1989 371 2018 serunt
385 1997 419 2019 κ.
451 1987 517 2020 Sed
534 1997 610 2019 cum
627 1996 695 2019 non
713 1988 757 2018 sit
776 1987 916 2019 dubium
943 1985 1052 2033 ἰάχειν
1069 1990 1103 2017 et
1122 1983 1205 2031 ἰαχή
1225 1994 1269 2016 ex

249 2035 355 2075 stirpe
373 2045 420 2080 αχ
436 2044 461 2066 s.
483 2045 533 2092 ηχ
550 2038 721 2076 prosatum
739 2044 824 2075 esse,
854 2034 944 2066 unde
961 2032 1063 2080 ήχεῖν
1089 2031 1178 2079 ἠχή,
1199 2033 1268 2064 Do-

250 2082 316 2114 rice
345 2078 445 2128 ἀχεῖν
486 2080 557 2128 αχοὶ
590 2082 769 2122 dicuntur,
798 2083 937 2122 antiqua
965 2081 1196 2122 pronuntiatio
1230 2089 1268 2111 ea

251 2130 358 2161 fuisse
383 2129 537 2171 videtur,
567 2138 652 2170 quae
680 2129 823 2161 mediam
849 2129 1029 2170 producat:
1058 2125 1160 2173 ἴαχον
1190 2136 1267 2158 vero

251 2179 402 2218 correpta
418 2177 529 2208 media
545 2176 731 2209 secundum
748 2177 960 2208 Homericam
986 2175 1268 2207 consuetudinem

250 2225 472 2265 conformata,
501 2224 590 2265 apud
607 2233 707 2265 quem
725 2227 905 2264 augmento
922 2227 957 2255 et
973 2223 1041 2255 arsi
1056 2222 1197 2254 metrica
1212 2231 1267 2254 ac-

252 2271 393 2303 cedente
420 2271 588 2311 dactylum
622 2272 740 2303 efflcit.
784 2271 1005 2303 Scribendum
1029 2271 1134 2310 igitur
1166 2270 1268 2301 etiam

254 2315 351 2365 ἰαχή,
379 2315 494 2366 ἴαχος,
525 2316 635 2365 ἰάχιος
661 2320 731 2350 sive
748 2319 850 2350 breve
868 2319 913 2350 sit
929 2319 1002 2350 sive
1018 2318 1156 2357 longum
1173 2327 1207 2349 α.

322 2394 382 2434 Ἰδ
394 2402 465 2434 αῖο
476 2407 492 2433 ς
507 2398 562 2446 (ἶ)
587 2400 720 2433 Idaeus.
763 2401 816 2432 De
835 2401 977 2432 Troiana
994 2409 1050 2432 ora
1066 2399 1193 2431 dietum
1211 2392 1268 2432 ἀπ’

252 2444 376 2485 Ἰδαίας
392 2445 520 2494 χθονός
553 2448 609 2481 Ai.
630 2444 711 2480 434.
742 2445 781 2481 σὺ
801 2441 829 2480 δ’
845 2444 928 2482 αὖθι
954 2444 1088 2492 μίμνων
1114 2456 1179 2479 που
1205 2443 1278 2490 [sic

251 2485 440 2534 Xylander:
469 2497 531 2529 τοῦ
548 2496 601 2527 vel
624 2493 688 2540 τήν
705 2495 783 2527 libri
816 2488 891 2528 κατ’
917 2488 1041 2528 Ἰδαίαν
1057 2490 1171 2541 χθόνα
1188 2490 1268 2526 ποί-

253 2553 339 2586 μνας
363 2538 541 2587 Ὀλύμπου
566 2542 764 2589 συναγαγὼν
807 2553 825 2575 υ
855 2539 951 2575 πόλει
968 2542 1086 2581 PolyX.
1113 2542 1154 2572 fr.
1175 2537 1266 2572 468:

251 2590 466 2621 scribendum
482 2591 623 2622 fortasse
644 2587 722 2636 τῇδ’
748 2586 799 2623 ἐπ’
822 2554 930 2634 'libata
953 2585 1056 2635 χθονί
1080 2585 1266 2632 [commen-

252 2637 345 2668 davit
370 2637 497 2672 Welck,
527 2637 584 2669 Gr.
606 2637 704 2677 Trag.
734 2646 768 2678 p.
794 2634 887 2680 177}
916 2633 1021 2682 Ἰδαίᾳ
1054 2633 1169 2680 μίμνω
1197 2632 1269 2667 λει-

253 2683 364 2727 μώνια
388 2683 471 2730 ποιᾷ
489 2682 611 2730 μήλων
629 2685 685 2717 Ai.
707 2680 772 2716 601
793 2685 845 2716 ch.
874 2683 991 2715 Herm.
1019 2679 1139 2716 Ἰδαῖα.
1170 2679 1266 2725 [Lob.

250 2727 571 2765 Ἰδαῖα...ἔπαυλα.
617 2731 804 2764 Wecklein.
824 2725 931 2776 Ἰδᾷδι
963 2730 1103 2771 reliquis
1137 2738 1269 2770 quoque

252 2775 422 2823 mutatis]
990 2775 1023 2821 (Ι
1040 2787 1074 2818 p.
1090 2773 1172 2817 829,
1195 2773 1271 2819 14.)

323 2841 402 2882 **Ἰ
414 2846 459 2882 δέ
476 2851 517 2880 et.
546 2850 628 2881 Ant.
646 2845 714 2881 967
773 2874 779 2880 .
809 2846 902 2894 παρὰ
920 2846 958 2881 δὲ
975 2843 1142 2882 Κυανέων
1160 2843 1270 2879 πελα-

252 2893 341 2940 γέων
367 2893 512 2940 διδύμας
536 2893 639 2936 ἁλός,
669 2893 772 2929 ἀκται
783 2892 983 2941 »Βοσπόριαι
1011 2891 1052 2927 ἰδ’
1077 2892 1095 2928 ὁ
1123 2891 1270 2941 Θρῃκῶν

256 2940 485 2988 Σαλμυδησός
502 2944 539 2975 ἰιι
555 2953 666 2984 apogr.
689 2943 790 2975 Tricl.
809 2943 948 2985 legitur,
969 2942 1057 2983 quod
1075 2942 1191 2973 Herm.
1214 2945 1271 2973 ut-

253 2993 332 3033 pote
357 3000 423 3022 non
448 2991 597 3022 alienum
622 2991 662 3022 ab
688 2991 783 3032 epica
799 2990 1036 3051 dactXlicorum
1053 2998 1270 3020 numerorum

254 3038 381 3070 ratione
400 3039 526 3078 recepit
545 3035 644 3082 [item
660 3035 797 3081 Dind.],
820 3041 885 3069 etS1
902 3037 1043 3074 unicum
1059 3036 1193 3068 videtur
1210 3035 1271 3067 hoc

256 3094 330 3117 esse
347 3085 422 3116 eius
438 3085 623 3126 particulae
648 3095 701 3126 ap.
724 3088 828 3124 tragg.
850 3081 1057 3126 exemplum.
1094 3083 1179 3115 Nam
1195 3083 1266 3114 Erf.

253 3132 442 3164 'observavit
459 3142 500 3173 ap
517 3132 639 3164 Aesch.
660 3132 752 3163 Pers.
773 3128 843 3163 888
870 3127 937 3174 ἠδέ
958 3131 1068 3173 'metro
1094 3130 1266 3171 postulari.

255 3179 321 3212 Sed
338 3189 390 3219 ap.
413 3179 514 3219 Soph.
535 3180 602 3210 iam
619 3182 755 3220 propter
772 3179 926 3210 lacunam
944 3179 985 3209 ab
995 3172 1078 3221 '‘Erf.
1099 3181 1134 3208 et
1150 3177 1266 3208 Herm.

256 3226 355 3258 metri
370 3226 493 3258 indicio
510 3226 653 3267 positam
670 3235 737 3258 non
755 3226 942 3257 certissima
959 3222 1124 3265 scrip‘tura
1141 3227 1204 3256 est.

317 3299 459 3340 ’Ἶδιος
491 3305 529 3351 (υ
541 3305 578 3350 υ)
611 3308 751 3348 sinyulis
776 3307 950 3347 proprius,
983 3307 1155 3347 privatus.
1200 3301 1271 3338 οὐδ’

255 3351 501 3400 ἐπαισχύνεσθε
524 3356 589 3400 γῆς
614 3351 704 3387 οὕτω
728 3351 896 3398 νοσούσης
919 3351 990 3387 ἴδια
1014 3354 1186 3391 κινοῦντες
1203 3363 1270 3385 κα-

254 3399 319 3442 κοὶ;
350 3401 407 3433 OR
425 3398 492 3434 636
508 3402 639 3443 privata
660 3401 734 3434 odia
751 3402 891 3434 cientes.

1058 111 1231 173 Ἰδαῖος
1259 146 1320 154 -
1342 110 1354 128 ‘
1364 116 1506 186 Ιδρώς

2001 128 2034 176 [Ι
2049 140 2084 173 p.
2100 127 2254 164 828—22
2264 118 2274 170 ’,

1376 229 1407 270 Ἰ
1419 233 1436 269 δ
1447 246 1465 269 ο
1476 232 1496 269 ύ
1511 236 1707 268 adverbium
1723 236 1984 269 demonstrantis
2002 237 2055 269 vel
2072 237 2247 270 attendere

1306 283 1431 323 bentis,
1452 286 1492 314 ut
1508 279 1618 328 ἄθρει,
1646 292 1698 323 cn,
1727 283 1814 324 quod
1831 293 1996 316 consensu
2015 285 2089 317 acui
2106 283 2240 326 praecip
2265 290 2274 310 ι

1306 331 1532 370 grammatici,
1560 331 1687 371 quippe
1711 331 1800 371 quod
1825 341 1843 362 a
1869 331 1962 363 verbi
1979 335 2099 363 natura
2114 331 2248 364 descive

1306 378 1405 409 Eust.
1425 387 1459 418 p.
1479 374 1562 417 752,
1582 373 1616 409 4.
1645 377 1722 409 Arc.
1744 387 1777 419 p.
1797 374 1875 418 183,
1895 374 1954 410 25.
1983 378 2092 412 Schol.
2112 378 2213 410 Dion.
2261 382 2273 386 ”

1306 434 1339 465 p.
1363 421 1464 457 1237.
1486 425 1592 457 Bekk.
1613 425 1655 456 cf.
1678 424 1799 457 Graev.
1821 425 1861 456 ad
1879 425 1963 458 Luc.
1982 429 2007 458 t.
2029 422 2062 458 3.
2084 435 2118 466 p.
2139 421 2218 457 572.
2253 429 2278 463 ⁸ss

1306 472 1405 503 dend.
1427 471 1467 504 ad
1485 472 1605 504 Thom.
1633 471 1678 503 M.
1705 481 1738 512 p.
1760 468 1840 504 468.
1862 473 1978 505 Valck.
2007 473 2048 504 ad
2063 472 2189 505 Herod.
2209 468 2243 513 3,
2272 467 2274 469 ’

1308 517 1483 565 ἐπίρρημα
1508 515 1790 564 συγκαταθέσεως
1816 523 1910 551 vocat
1927 520 2021 553 Suid.
2044 531 2075 552 v.
2098 516 2182 558 ἰδού,
2208 528 2267 551 ex

1307 576 1386 598 cans
1409 564 1512 646 λάξε,
1542 564 1660 611 κράτει
1680 584 1720 589 —-
1749 564 1820 600 ἰδοὺ
1848 564 1886 600 δέ
1913 578 1972 608 ου,
2002 569 2067 600 παῖ
2082 567 2143 599 Ph.
2162 563 2242 599 776.
2265 563 2267 565 ’

1308 611 1382 646 ἰδοὺ
1409 612 1458 658 μά
1483 607 1490 620 ’
1523 611 1622 650 αὖθις
1648 610 1857 660 ἀμφίσταται
1910 611 2084 660 ιαπρύσιος
2116 610 2238 658 ὄτοβος
2270 619 2276 641 ἐ

1310 658 1398 692 1477
1417 661 1468 692 ch.
1499 658 1572 694 ἰδοὺ
1598 657 1675 705 μάλ’
1706 658 1748 694 αὖ
1774 658 1797 694 θ
1820 662 1873 694 οεῖ
1895 672 1947 699 τις
1977 662 2030 692 El.
2053 657 2154 693 1410.
2185 657 2259 694 ἰδού

1307 705 1414 741 ἀνατα
1438 706 1532 741 άσσει
1550 706 1568 741 ὁ
1585 705 1702 745 κισσός
1721 708 1777 740 Tr.
1797 671 1866 740 {17
1879 709 1930 741 ch.
1951 706 2026 753 [ubi
2045 705 2120 741 ἰδού
2137 708 2248 747 gemin

1306 718 1442 800 Dim-5·
1474 753 1547 788 ἰδοὺ
1572 752 1700 789 θεᾶσθε
1717 753 1840 792 πάντες
1865 753 1986 790 ἄθλιον
2007 753 2113 800 δέμας
2133 751 2233 796 1079,
2255 773 2258 777 ι

1306 803 1446 834 minime
1472 803 1629 834 convenit
1653 803 1819 843 distingui
1835 807 1911 844 post
1935 800 2008 836 ἰδού
2034 813 2110 834 cum
2126 802 2273 835 Herma

1308 847 1357 893 [et
1374 847 1506 894 Dind.].
1539 847 1611 883 ἰδοὺ
1629 847 1796 895 προτείνω
1816 847 1918 883 1184.
1949 848 2021 884 ἰδοὺ
2040 846 2157 895 διοίγω
2174 850 2229 881 Ai.

1307 907 1350 929 ne
1368 897 1423 929 hic
1441 898 1576 939 quidem
1596 898 1782 929 necessaria
1798 897 1969 930 distinctio
1981 923 1989 938 ,
2015 906 2207 939 quanquam
2233 910 2236 915 v
2257 903 2271 932 ,q

1306 945 1342 976 in
1368 945 1587 984 eccyclemate
1610 945 1802 976 inducendo
1827 948 1902 986 post
1934 941 2008 978 ἰδού
2031 942 2183 987 potuisse
2205 954 2259 975 v·-

1307 993 1503 1024 subsistere.
1534 990 1607 1025 ἰδοὺ
1627 990 1754 1025 δοῦπον
1771 989 1815 1025 αὖ
1831 989 1929 1026 κλύω
1944 990 2020 1025 τινά
2035 988 2105 1024 870
2122 991 2174 1023 ch.
2212 994 2223 1003 '

1307 1043 1342 1071 et
1366 1040 1443 1071 libri
1468 1040 1520 1071 bis
1547 1036 1619 1072 ἰδοὺ
1640 1036 1732 1079 ἰδού,
1761 1049 1903 1080 quorum
1920 1040 2062 1071 alterum
2079 1039 2179 1071 metri
2195 1039 2257 1070 ἰιιιι

1307 1087 1427 1118 Herm.
1445 1087 1582 1118 delevit.
1605 1103 1646 1109 —
1667 1084 1740 1119 ἰδοὺ
1767 1084 1806 1120 δὲ
1831 1084 1962 1133 φοίνιον
1987 1083 2171 1132 μάσθλητα
2187 1086 2269 1124 Anu,

1309 1135 1395 1165 med.
1416 1135 1458 1166 fr.
1481 1131 1559 1166 137.
1597 1134 1670 1166 Νοιι
1688 1135 1768 1166 satis
1785 1138 1875 1166 certo
1899 1137 2028 1166 constat
2044 1133 2238 1166 adverbium
2262 1130 2266 1131 ’

1310 1178 1419 1222 1469,
1448 1182 1506 1213 ubi
1532 1182 1694 1213 Brunckii
1712 1183 1852 1214 membr.
1873 1185 1908 1213 et
1924 1181 2000 1214 edd.
2020 1184 2103 1213 vett.
2124 1180 2165 1213 ad
2183 1190 2233 1213 se·
2255 1216 2259 1222 ,

1307 1229 1448 1260 minime
1481 1232 1557 1270 apte
1581 1231 1754 1275 χωρῶμεν
1784 1227 1857 1262 ἰδοὺ
1882 1226 2007 1263 πάντες
2029 1225 2185 1268 ἀολλεῖςς

1307 1277 1399 1307 enim
1425 1279 1495 1308 erat
1520 1277 1575 1308 cui
1600 1286 1673 1308 sese
1699 1277 1870 1308 abiturum
1897 1279 2099 1308 monstraret
2124 1275 2268 1307 chorus!

1307 1326 1474 1355 attentum
1500 1324 1642 1364 faceret,
1679 1325 1737 1355 scd
1763 1334 1798 1356 se
1821 1324 1895 1365 ipse
1919 1323 2070 1356 hortatur
2097 1326 2136 1355 ut
2161 1331 2231 1354 sae·
2247 1336 2265 1361 ιἸ

1307 1368 1414 1416 ἐξόδῳ
1440 1372 1489 1402 fit.
1519 1371 1579 1402 LA
1596 1370 1682 1403 Flor.
1703 1367 1730 1405 Γ
1748 1367 1775 1405 Θ
1800 1368 1871 1417 ἤδη
1899 1375 2012 1403 contra
2029 1379 2176 1402 versum.
2213 1369 2241 1402 Τ

1307 1418 1436 1450 Buttm.
1452 1415 1626 1464 χωρῶμέν
1638 1429 1709 1459 νυν,
1729 1419 1877 1451 Brunck.
1893 1418 1966 1450 Erf.
1982 1420 2156 1464 χωρῶμεν
2172 1417 2269 1461 νῦν,

1306 1465 1376 1497 cod.
1398 1466 1496 1497 Tricl.
1524 1469 1696 1511 χωρῶμεν
1723 1463 1788 1509 δή,
1818 1466 1903 1507 quod
1922 1466 2038 1498 Herm.
2059 1465 2188 1506 recepit
2202 1461 2230 1509 [i
2253 1487 2256 1490 -

1306 1523 1372 1554 que
1389 1510 1523 1557 Dind.],
1558 1516 1726 1545 mutatum
1750 1514 1787 1545 in
1810 1510 1881 1558 ἤδη
1907 1524 1926 1545 a
1941 1513 2087 1545 librariis
2105 1512 2232 1544 existi·-
2250 1510 2268 1557 ζ

1307 1560 1396 1592 unde
1414 1561 1628 1592 metricorum
1647 1562 1866 1593 correctiones
1893 1557 1968 1594 ἰδού
1985 1563 2020 1592 et
2035 1560 2095 1593 νῦν
2113 1559 2236 1592 exstite
2258 1600 2260 1605 ,

1369 1622 1436 1664 ”15
1449 1641 1513 1676 ρις
1529 1628 1584 1673 (υ)
1600 1632 1716 1670 sciens,
1732 1633 1869 1671 peritus.
1898 1628 1996 1676 εἴπερ
2021 1628 2089 1676 ἐγὼ
2115 1627 2233 1675 μάντις
2247 1625 2259 1639 ”

1306 1676 1365 1711 καὶ
1389 1676 1479 1711 κατὰ
1500 1677 1642 1724 γνώμην
1668 1675 1754 1724 ἴδρις
1780 1678 1839 1711 OR
1858 1675 1948 1710 1087
1966 1678 2018 1710 ch.
2047 1678 2154 1717 Quam
2170 1686 2249 1719 exp·

1306 1726 1434 1757 tionem
1460 1728 1625 1766 sequente
1643 1725 1816 1758 Erfurdtio
1832 1726 1950 1758 Herm.
1975 1726 2055 1757 olim
2077 1725 2210 1766 protule
2234 1748 2236 1750 -
2256 1741 2259 1744 ¹

1306 1773 1395 1804 Mus.
1412 1773 1494 1804 Ant.
1516 1771 1613 1804 Stud.
1637 1770 1667 1813 1,
1691 1769 1769 1813 168,
1789 1777 1829 1804 ut
1851 1770 1941 1806 κατὰ
1963 1771 2105 1818 γνώμην
2121 1769 2208 1818 ἴδρις
2236 1785 2257 1807 2.

1306 1830 1343 1851 επ
1360 1821 1464 1851 animi
1481 1822 1641 1851 sententia
1659 1821 1858 1860 intelliyem,
1877 1820 1938 1852 hoe
1949 1823 2013 1860 est,
2033 1822 2195 1860 quantum

1306 1877 1379 1899 eam
1397 1877 1489 1898 nunc
1505 1867 1656 1907 languidi
1674 1868 1803 1908 aliquid
1819 1867 1942 1899 habere
1958 1867 2123 1908 affirmat,
2150 1865 2243 1908 quod*
2257 1902 2259 1905 ,

1306 1916 1397 1946 nime
1414 1915 1521 1946 inest:
1551 1915 1679 1946 inesset
1703 1918 1836 1954 autem,
1865 1915 1894 1946 si
1918 1924 1962 1946 ex
1991 1915 2066 1946 eius
2091 1917 2229 1946 senten*
2267 1927 2269 1929 ·

1305 1963 1527 2002 refingeretur
1551 1962 1650 1993 lectio
1676 1959 1772 2007 εἴπερ
1799 1959 1867 2008 ἐγὼ
1893 1959 2013 2006 μάντις
2040 1958 2143 2006 ὀρθός
2169 1957 2254 2005 εἰμι’

1305 2008 1443 2055 γνώμαν
1461 2006 1562 2054 ἴδρις.
1586 2027 1626 2032 -
1645 2007 1740 2054 κακᾷ
1766 2002 1800 2053 μ’
1817 2007 1901 2051 εὐνᾷ
1919 2006 2018 2046 πόλις
2036 2006 2135 2043 οὐδὲν
2151 2005 2239 2055 ἴδριν
2251 2009 2270 2050 j

1305 2067 1379 2101 μων
1398 2053 1554 2102 ἐνέδησεν
1572 2053 1639 2101 ἄτᾳ
1652 2055 1706 2088 OG
1725 2053 1793 2089 525
1811 2065 1865 2088 an.
1887 2053 1951 2100 [sic
1967 2060 2057 2089 recte
2075 2055 2231 2089 scribitur
2258 2058 2269 2093 j

1304 2101 1527 2148 Mudgiumz]
1561 2104 1637 2135 libri
1659 2100 1767 2149 ἴδρις,
1803 2104 1862 2135 sed
1885 2103 2052 2145 Oedipum
2077 2105 2246 2144 ignarum,

1305 2151 1492 2192 oportuisse
1518 2151 1599 2182 satis
1626 2151 1842 2183 manifestum
1867 2154 1929 2182 est.
1973 2150 2149 2183 Structura
2171 2159 2266 2183 'xa-11:

1306 2196 1557 2243 σημαινόμενον
1584 2198 1701 2230 eadem
1720 2199 1775 2230 Tr.
1798 2194 1866 2229 649
1890 2195 1995 2243 ἴδριες
2019 2195 2119 2232 οὐδέν
2143 2196 2195 2229 ch.
2236 2187 2240 2198 ’

1304 2247 1404 2285 yenit.
1425 2246 1566 2277 dicitur:
1597 2243 1627 2278 εἰ
1651 2242 1715 2291 γὰρ
1733 2243 1873 2291 πέφυκα
1888 2243 1996 2278 τῶνδε
2021 2249 2089 2278 τῶν
2108 2243 2127 2278 ἕ
2147 2253 2215 2290 γων
2242 2249 2258 2282 ²22·
2283 2288 2285 2290 Ι

1306 2292 1359 2324 El.
1383 2289 1462 2324 608.
1486 2310 1526 2316 —
1554 2295 1698 2338 στρατοῦ
1723 2290 1900 2339 καθαρτὴς
1922 2290 2015 2326 κάπο
2046 2300 2207 2339 αγματων
2242 2302 2254 2315 1-

1305 2341 1346 2371 fr.
1369 2338 1498 2380 Captiv.
1521 2336 1576 2380 32,
1600 2338 1631 2371 1.
1668 2337 1822 2385 ἴδριδα
1845 2340 1884 2371 fr.
1905 2340 1972 2372 inc.
1993 2304 2061 2372 889
2087 2338 2176 2380 apud

1305 2383 1363 2427 42,
1385 2383 1448 2418 4οε
1479 2384 1567 2432 ἴδρις
1593 2384 1710 2432 ἄιδρις.
1738 2384 1762 2430 ἡ
1781 2384 1898 2433 γενικὴ
1918 2384 2114 2432 ἀίδρεως...
2129 2382 2168 2420 οὐ
2185 2379 2258 2431 γὸ)1
2283 2425 2284 2428 ¹

1307 2431 1363 2466 διὰ
1379 2435 1440 2466 τοῦ
1459 2432 1488 2467 δ.
1517 2433 1604 2467 ὥστε
1622 2432 1814 2492 ἁμάρτημα
1838 2432 1877 2467 τὸ
1895 2432 1987 2479 παρὰ
2010 2433 2054 2480 τῇ
2077 2430 2218 2478 Σαπφοῖ

1305 2478 1501 2526 λυῖδριδι
1534 2480 1592 2514 καὶ
1618 2491 1710 2527 παρα
1739 2479 1827 2527 Σοφ.
1854 2478 2004 2526 ἴδριδα
2026 2479 2086 2514 καὶ
2109 2477 2202 2525 παρὰ
2235 2479 2284 2508 ’κ’

1305 2526 1362 2574 νίχ
1411 2526 1550 2574 ἴδριδες.
1579 2529 1730 2560 Eandem
1755 2538 1826 2560 rem
1850 2531 1995 2567 tangunt
2020 2528 2125 2560 schol.
2152 2519 2257 2559 Hom

1304 2587 1324 2622 γ
1342 2540 1410 2608 2119
1428 2579 1463 2607 et
1481 2576 1578 2607 Eust.
1601 2586 1634 2617 p.
1651 2573 1732 2617 407,
1754 2573 1811 2608 38.
1827 2593 1874 2598 -
1891 2575 1944 2606 De
1963 2579 2040 2607 tono
2057 2573 2222 2616 praecipit
2235 2567 2242 2578 ’

1305 2633 1338 2664 p.
1359 2620 1416 2662 28,
1441 2620 1503 2663 173
1539 2623 1580 2654 de
1605 2623 1727 2663 spiritu
1755 2623 1818 2654 EM
1842 2632 1875 2664 Ρ.
1897 2619 1978 2662 466,
1999 2619 2043 2655 37
2071 2622 2144 2654 coll.

1305 2667 1386 2710 279,
1407 2667 1439 2701 2.
1471 2671 1553 2701 LeX.
1574 2681 1610 2702 π.
1632 2680 1753 2715 πνευμ.
1775 2679 1808 2710 p.
1829 2666 1918 2710 2273
1948 2670 2044 2701 cuius
2067 2673 2181 2700 tamen
2216 2703 2220 2710 .
2238 2667 2277 2706 J

1305 2719 1341 2749 in
1360 2718 1454 2749 libris
1467 2718 1640 2748 nonnullis
1658 2726 1774 2758 aspero
1793 2717 1913 2758 spiritu
1932 2717 2040 2748 notari
2051 2717 2214 2748 observat.
2244 2719 2270 2747 “-

1306 2765 1346 2797 do
1363 2766 1488 2796 factum
1502 2766 1542 2796 ab
1558 2764 1624 2805 his,
1646 2765 1705 2805 qui
1720 2765 1867 2796 Atticam
1880 2773 1941 2806 per
1956 2764 2067 2795 omnia
2084 2761 2242 2805 aspirati
2271 2793 2273 2795 ,

1306 2815 1466 2853 putarent
1484 2821 1570 2843 esse.
2043 2808 2076 2854 (Ι
2093 2819 2127 2851 Ρ.
2144 2805 2223 2850 830,
2241 2841 2246 2858 .-

1307 2929 1516 2970 adsignificat
1533 2930 1659 2970 quietis
1676 2929 1877 2961 tarditatem.
1908 2926 1946 2962 ού
2249 2956 2251 2958 ,

1307 2977 1394 3018 quod
1418 2977 1547 3008 duobus
1572 2977 1726 3008 versibus
1750 2979 1825 3017 post
1850 2973 1914 3021 οὐχ
1932 2939 2032 3022 ἕδρας
2049 2971 2148 3019 ἀκμή
2165 2982 2199 3005 e
2216 2984 2246 3023 ²¹32
2280 3004 2285 3006 ,

1307 3024 1359 3055 De
1385 3024 1507 3065 spiritu
1540 3023 1591 3054 illi
1617 3027 1794 3064 notarunt,
1830 3033 1912 3064 quos
1936 3024 1973 3055 in
1997 3020 2084 3068 ἴδρις

1307 3073 1423 3102 testes.
2231 3071 2247 3075 ⁷·
2262 3074 2268 3084 ’-

1378 3135 1409 3174 Ἱ
1421 3138 1438 3173 δ
1450 3132 1495 3185 p&
1508 3152 1536 3173 ω
1554 3140 1717 3172 considere
1734 3139 1834 3180 facio.
1871 3140 2047 3171 Passivum
2065 3139 2156 3170 sedeo
2169 3161 2177 3177 ,
2226 3150 2251 3184 q·
2276 3164 2278 3166 ,

1306 3197 1431 3227 moror,
1465 3196 1575 3218 versor
1592 3188 1776 3227 significat;
1807 3196 1873 3227 qno
1899 3196 2001 3218 sensu
2027 3187 2093 3219 ποῦ
2125 3182 2235 3224 κλύει
2256 3189 2267 3228 J

1309 3232 1463 3281 ἱδρῦσθαι
1479 3231 1625 3280 χθονός,
1657 3235 1712 3266 Tr.
1729 3230 1783 3265 68.
1806 3233 1916 3265 Media
1928 3234 2115 3275 praesentis
2130 3230 2211 3264 corri
2222 3229 2281 3278 κζ’,

1376 3299 1437 3338 Ἰδ
1450 3303 1531 3349 ρώς
1549 3302 1601 3348 [-)
1619 3303 1729 3335 sudor.
1764 3301 1865 3348 ἱδρώς
1882 3301 1920 3349 γέ
1937 3300 1990 3337 τοί
2005 3314 2055 3336 νιν
2072 3299 2174 3347 [ἱδρῷ
2189 3296 2207 3346 ρ
2222 3297 2288 3347 »ιῗιξ

1307 3349 1430 3396 Dind.]
1454 3352 1522 3384 πᾶν
1547 3348 1750 3389 καταστάζει
1776 3349 1881 3395 δέμας
1907 3351 1966 3382 Ph.
1988 3347 2067 3382 823.
2099 3347 2198 3392 ἱδρὼς
2215 3345 2282 3387 ‘2¹2

1308 3395 1429 3444 [ἱδρῶσ
1446 3395 1486 3432 ἁν
1504 3394 1559 3441 ἤει
1571 3395 1646 3441 LA]
1661 3395 1770 3443 χρωτί
1787 3398 1842 3430 Tr.
1855 3394 1934 3430 767.
1953 3396 2044 3442 κάρα
2061 3393 2190 3435 στάζων
2202 3388 2287 3449 tusa
