2288 3600
36 135 53 204 J
84 163 143 196 ψ.
163 147 381 198 (ιω-643]

748 137 1046 210 Προκήδομαι
1072 171 1139 178 -
1167 135 1442 209 Προμήθεια

2005 139 2105 189 657

22 252 42 291 Ῐ
58 257 116 293 02.
143 260 231 292 Item
248 260 289 292 de
306 259 386 292 locis
405 261 520 292 inesse.
559 256 634 293 λύει
651 257 708 292 τὸν
727 256 834 305 αὑτῆς
852 255 1003 298 πέπλον,
1030 251 1052 304 ᾖ
1084 260 1169 290 alius
1197 257 1221 303 ἡ
1250 258 1314 303 τὴν
1344 257 1503 302 μαντείαν
1531 255 1764 303 προπέμψασα
1789 255 1844 290 διὰ
1859 261 1928 290 τῶν
1946 255 2099 304 ὀνείρων,

26 319 32 336 ι
61 304 252 355 ρυσήλατος
280 304 462 352 προύκειτο
492 310 631 351 μαστῶν
657 303 791 351 περονίς
826 306 883 338 Tr.
911 302 992 338 923.
1021 301 1050 351 ῴ

19 351 215 400 προύκειτο
248 355 283 386 in
316 363 378 395 quo
408 355 526 385 inerat.
564 354 686 385 Wakei'
709 346 731 399 ᾑ
770 353 891 395 [recep.
926 353 1045 395 Dind.]

18 400 237 435 lsi-,haeserus
261 398 300 434 οὗ
327 401 480 433 coniecit.
494 418 541 424 —-
557 399 572 443 ΙΙ
590 400 743 432 Proxime
761 412 779 432 a
796 401 904 442 prima
917 402 1048 442 propria

20 441 459 490 migniflcatione‘tralatum
484 451 538 480 est
552 446 595 481 τὰ
610 449 669 481 νῦν
687 443 712 480 δ’
731 445 851 492 ἄτιμος
877 445 944 481 ὦδε
962 445 1049 494 πρό-

27 502 151 541 ,κειμαι
178 496 231 528 Ai.
252 491 320 527 427
337 505 383 526 m.
414 496 600 535 iynomim'a
617 495 756 537 affectus
774 495 943 527 destituor.
974 495 1050 526 Alia

27 542 167 575 ›tralatio
183 546 238 574 est
252 543 298 574 rei
314 543 437 587 palam
461 541 582 582 factae.
618 543 669 574 De
687 543 872 582 portentis:
911 539 985 575 θεοὶ

14 609 47 615 =-
62 587 218 627 εύδοντες
235 587 333 623 οὐδὲν
352 587 516 635 σημάτων
545 588 652 634 [σῆμα
667 592 736 622 τῶν
760 589 878 631 Dind.]
907 599 1051 634 προκει-

34 634 148 682 μένων
165 635 222 669 OC
243 633 343 669 1512.
372 637 531 677 Inprimis
548 637 712 668 usitatum
739 636 779 668 de
798 637 866 677 leye
890 639 920 668 et
937 635 1050 668 edictis

19 698 48 719 ,ι
74 685 206 725 opositis
229 686 260 716 et
273 693 382 724 poena
400 685 548 717 sancitis.
576 682 677 728 νόμοι
694 695 718 717 π
742 682 890 717 όκεινται
906 683 965 716 OR
980 680 1049 716 865

16 733 22 763 J
35 730 87 764 ch.
117 729 222 777 φόνον
239 741 263 763 π
287 727 444 764 οκεῖσθαι
463 728 697 787 δημόλευστον
735 743 752 763 ν
770 728 866 764 πόλει
885 731 967 763 Αηι.
989 727 1046 763 36.

20 776 162 824 νόμους
179 741 430 823 ὑπερβαίνουσα
452 788 532 815 τους
550 776 798 823 προκειμένους
814 775 896 810 481.
941 778 991 810 De
1017 787 1051 809 re

19 840 51 864 ,a
75 828 206 857 aesente
229 828 259 856 et
282 825 414 866 qualem
438 834 595 865 praesens
618 828 793 858 necessitas
818 825 904 857 iubet
922 825 1048 857 dictum

15 870 22 899 -Ᾱ
53 875 101 906 ὥν
118 870 356 918 προκειμένων
372 883 406 905 τι
420 870 491 919 χρὴ
510 870 671 918 πράσσειν
686 874 767 906 Ant.
787 869 886 904 1334.
909 873 1050 904 Erectus

25 919 193 952 ‘accentus
209 917 242 952 τί
258 928 362 951 sensu
379 920 547 952 destituit.

105 975 407 1025 Προκήδομαι
439 987 556 1010 curam
579 988 667 1018 yero.
703 979 763 1012 σοῦ
787 976 852 1024 γὰρ
878 976 936 1012 οὖν
963 989 1050 1024 προ-

19 1023 35 1055 'st
56 1023 185 1071 ήδομαι
209 1026 291 1057 Ant.
319 1022 399 1057 741.
435 1025 482 1062 ὡς
508 1022 609 1071 φίλου
637 1023 883 1072 προκηδομένα
902 1026 1050 1071 [προκη-

20 1069 180 1130 ,δομέναν
201 1069 275 1117 LA]
292 1072 348 1104 Tr.
369 1069 437 1105 966
454 1073 506 1105 ch.

19 1169 22 1171 ¹
105 1128 224 1176 Προκ
294 1128 399 1165 αίνω
423 1132 583 1163 sollicitus
606 1141 692 1164 sum.
719 1129 834 1165 κείνου
857 1142 971 1177 προκη
996 1129 1051 1165 αἰ-

35 1203 37 1205 -
55 1188 140 1212 ουσα
157 1178 214 1210 Tr.
232 1141 292 1211 38.
322 1178 499 1220 Comparat
515 1179 693 1211 scholiasta
711 1179 791 1210 Eur.
812 1179 946 1220 Hippol.
990 1176 1048 1213 23.

27 1235 227 1267 .uanquam
256 1226 375 1258 vitiose
403 1227 525 1267 scripto
551 1223 732 1272 κηραίνετε
770 1235 828 1267 pro
862 1223 1048 1272 κηραίνεις,

27 1273 210 1314 xplicans
232 1269 399 1319 ἀγωνιᾶν,
428 1275 594 1320 μεριμνᾶν
618 1271 708 1307 κατὰ
729 1272 768 1307 τὸ
791 1271 895 1319 κέαρ,
926 1272 944 1306 ὅ
962 1271 1050 1306 ἐστιν

44 1336 48 1337 ’
89 1317 190 1364 ἤθει,
212 1317 449 1365 βουλεύεσθαι.

37 1415 39 1418 ,
106 1374 577 1424 Προκηρύσσω,ριιὸιὶοε
604 1381 807 1420 pronuntio,
847 1379 981 1420 proprie
1009 1379 1051 1410 de

37 1434 199 1458 raecone
215 1426 344 1458 dictum
385 1419 501 1473 ᾔσθετ’
518 1424 640 1505 &effic
666 1424 794 1471 ὀρθίων
819 1424 1050 1472 κηρυγμάτων

30 1471 164 1519 ρόμον
180 1470 456 1519 προκηρύξαντος
474 1474 527 1506 ΕΙ.
548 1470 570 1505 6
622 1498 629 1505 .
658 1471 788 1519 δρόμου
815 1474 915 1515 [quod
940 1477 992 1505 est
1015 1474 1050 1504 in

30 1520 116 1559 A,
138 1519 227 1551 haud
251 1520 354 1552 dubie
377 1520 461 1552 illud
488 1521 613 1552 librarii
637 1522 733 1552 oculo
757 1521 800 1552 ad
817 1531 848 1553 v.
870 1517 938 1552 686
954 1522 1051 1552 aber-

28 1580 39 1596 n
59 1590 61 1594 .
95 1570 130 1599 te
142 1565 308 1647 illatum}
324 1567 505 1599 durissima
521 1571 699 1607 structura,
721 1572 761 1600 ut
777 1577 819 1600 ex
828 1569 1052 1609 sequentibus

27 1630 37 1645 .›
56 1618 228 1646 ssumatur
250 1625 294 1659 κρ
310 1623 380 1655 σιν,
408 1615 523 1647 Herm.
549 1616 723 1656 praetulit.
757 1617 864 1648 ταῦτα
886 1617 976 1648 τοῖσι
1002 1612 1052 1659 μὴ

26 1659 157 1698 -,ίδόσιν
174 1671 216 1694 σα
244 1663 268 1707 ῆ
282 1659 540 1708 προκηρύξοντα
558 1663 638 1694 Ant.
661 1659 718 1694 34.
746 1661 800 1695 κεί
820 1660 869 1707 μὴ
885 1660 925 1695 σὺ
943 1673 1053 1708 πρου-

24 1726 34 1738 -.
57 1705 186 1754 ήρυξας
214 1672 279 1740 Ϊ61
778 1707 828 1752 (11
846 1720 879 1751 p.
901 1706 982 1749 641,
998 1706 1053 1752 4.)

26 1758 30 1776 ³
105 1762 344 1812 Προκλαίω
365 1768 483 1808 palam
499 1768 673 1801 lamentor.
713 1766 823 1814 ἀγχοῦ
847 1764 875 1800 δ’
898 1765 965 1814 α”ρα
988 1765 1053 1800 κού

68 1830 75 1841 ι
111 1811 171 1859 ρὰν
189 1810 397 1860 προύκλαιον
415 1814 471 1846 Τι’.
491 1810 560 1846 963
573 1814 625 1848 ch.
656 1814 710 1846 Sic
725 1819 805 1846 vett.
827 1816 923 1846 libri:
947 1815 1049 1847 Trici.

27 1845 43 1894 f
76 1857 192 1901 λαιον,
220 1870 295 1893 cum
322 1861 390 1892 illis
407 1862 509 1893 etiam
528 1862 706 1893 scholiasta
733 1863 829 1902 facit,
861 1871 1053 1903 quanquam

30 1908 121 1986 ibide
132 1909 335 1986 dexplicans.
377 1908 537 1940 Ceterum
570 1909 788 1941 Atticismum
817 1910 957 1941 canticis
987 1919 1052 1940 non

28 1962 47 1983 .>ἰ
77 1958 131 1986 tru
155 1964 185 1987 o.

21 2055 39 2070 ,K
111 2021 141 2058 Π
152 2035 170 2070 ρ
179 2036 197 2058 ο
205 2023 255 2058 κλ
264 2017 284 2059 ὅ
294 2036 312 2059 ν
322 2038 351 2059 ω
369 2027 493 2058 inclino
501 2036 637 2067 pronus.
658 2026 790 2073 γεραιὸν
803 2025 839 2065 ἐς
856 2025 943 2074 χέρα
955 2031 1057 2072 σῶμα

30 2069 99 2115 ..obv
116 2069 302 2117 προκλίνας
315 2070 430 2119 φιλίαν
448 2071 533 2118 ἐμάν
547 2074 602 2106 OC
616 2071 681 2107 201
699 2085 742 2107 ιιι.
761 2075 863 2108 Tricl.
892 2073 1057 2119 πρόσκλι-

22 2114 119 2165 (νον,
142 2130 172 2151 v.
194 2120 309 2152 Herm.
337 2117 375 2163 (ὁ
394 2124 432 2151 ιιι
449 2122 483 2152 ἰιι
502 2120 602 2164 arsi.)

40 2195 48 2231 ἢ,
116 2186 320 2236 [Πρόκρις
345 2199 379 2222 n.
401 2200 451 2232 pr.
470 2190 571 2232 Soph.
592 2192 705 2223 fabula
725 2192 774 2223 sic
798 2192 1054 2224 inscribebatur.

32 2248 45 2267 ι
58 2245 85 2268 r.
103 2233 173 2269 478
190 2237 309 2280 Dind.]

30 2329 32 2331 ,
115 2291 292 2342 Πρόκνη
318 2306 352 2328 ιι.
381 2306 432 2338 pr.
450 2294 620 2342 ἀλγεινά,
655 2294 815 2343 Πρόκνη,
847 2295 952 2343 δῆλον
977 2298 1055 2330 Ter.

30 2341 86 2383 ⁴51.
107 2339 189 2384 521,
211 2341 243 2375 1.
271 2343 375 2385 Prior,
397 2344 488 2375 utin
506 2345 591 2386 arsi,
612 2345 820 2385 producitur.

115 2397 145 2434 Π
157 2411 174 2446 ρ
185 2412 203 2434 ο
211 2398 231 2433 λ
241 2412 263 2434 α
273 2413 298 2446 μ
308 2399 327 2446 β
338 2394 360 2435 ἆ
368 2413 386 2434 ν
397 2414 425 2435 ω
458 2403 619 2443 antefero.
655 2401 685 2436 εἰ
712 2402 777 2449 πρὸ
801 2400 932 2448 τούμοῦ
950 2400 1060 2448 πρού-

31 2441 146 2491 ’λαβες
170 2446 213 2481 τὰ
229 2444 326 2481 τῶνδ’
341 2446 409 2494 ἔπη
421 2449 476 2481 OC
493 2447 593 2481 1141.
616 2452 709 2482 Dure
723 2451 924 2482 subauditur
940 2448 1056 2488 ἔπους.

115 2513 144 2550 Π
155 2527 172 2562 ρ
182 2528 199 2550 ο
209 2515 230 2550 λ
239 2515 284 2564 έγ
293 2531 322 2551 ω
335 2519 501 2559 praedico.
531 2517 656 2554 οὔκουν
673 2518 742 2566 ἐγώ
760 2531 812 2554 σοι
827 2522 934 2554 ταῦτα
951 2517 1059 2567 πρού-

31 2556 53 2599 sti
68 2573 144 2609 εγον
162 2562 286 2606 πάλαι;
315 2565 374 2598 OR
390 2563 471 2599 973.

45 2626 49 2631 ’
115 2618 251 2669 Προλε
263 2620 341 2656 ίπω
372 2625 534 2665 relinquo.
574 2626 625 2657 De
650 2627 750 2658 locis.-
783 2623 940 2673 οὐρανίας
959 2622 1059 2672 ἕδρας

41 2673 60 2694 ’ἐ-
72 2667 220 2715 ρολιπών
238 2670 300 2701 Ph.
324 2667 413 2702 1414
431 2681 485 2704 an.
514 2673 566 2704 De
582 2676 673 2704 statu
687 2684 697 2703 :
723 2671 854 2719 πατέρα
870 2672 927 2707 τὸν
946 2671 1004 2706 σὸν
1023 2671 1058 2706 ἐν

39 2716 158 2797 ogisi
177 2715 269 2762 γήρᾳ
285 2715 481 2762 προλείπων
505 2720 561 2752 Ai.
582 2717 663 2753 507.
692 2721 780 2752 Hinc
804 2721 962 2752 tralatum
988 2714 1059 2753 οὐδ’

37 2773 47 2795 ,ι

129 2776 158 2796 ω
176 2762 355 2809 προλιπεῖν
371 2763 449 2798 τόδε
467 2764 516 2811 μὴ
531 2764 570 2800 οὐ
583 2765 641 2800 τὸν
655 2765 738 2813 ἐμὸν
753 2769 931 2814 στοναχεῖν
943 2763 1055 2813 πατέρ’

52 2806 165 2844 θλιον
183 2811 236 2842 ΕΙ.
259 2807 327 2842 132
344 2821 388 2844 m.
407 2821 476 2844 non
493 2813 661 2846 desistam.

2 2895 3 2898 η
115 2866 381 2915 Προλεύσσω
402 2871 580 2911 praevideo
603 2870 717 2916 (quasi
730 2871 877 2917 procul).
906 2870 964 2906 οἷα
987 2871 1058 2919 χρὴ

5 2921 7 2924 ⁴
36 2913 170 2950 παθεῖν
204 2926 248 2961 με
270 2927 295 2949 π
318 2915 355 2954 ὸς
378 2915 509 2951 τούτων
533 2917 582 2952 ἔτι
609 2918 703 2953 δοκῶ
726 2917 944 2966 προλεύσσειν
969 2919 1057 2952 Phil.

5 2961 32 3004 J
47 2955 149 2998 1360.
169 2963 255 2995 Flor.
305 2988 313 2995 .
335 2962 419 3010 πρὸς
436 2962 581 2999 λεύσειν.

8 3023 54 3063 313·
115 3015 414 3068 Προμανθάνω
449 3022 550 3057 disco,
586 3022 718 3070 ἀνάγκῃ
736 3023 941 3070 προύμαθον
959 3023 1059 3073 στέρ-

69 3076 116 3100 ειν
132 3066 226 3102 κακά
242 3069 304 3100 ΡΙι.
325 3066 405 3101 538.
441 3069 704 3112 Praepositionis
729 3072 780 3103 vis
805 3073 841 3104 in
867 3081 906 3104 ea
929 3073 999 3105 sola
1023 3082 1059 3104 re

74 3115 215 3156 ruitur,
248 3116 334 3156 quod
363 3117 398 3147 in
425 3116 580 3150 discendo
609 3120 681 3159 quis
707 3120 832 3150 morari
853 3122 884 3151 et
903 3119 1060 3160 prom-edi

771 3162 830 3209 [cf.
858 3166 987 3199 Weisk.
1019 3167 1061 3198 de

46 3221 69 3243 ,·
83 3216 237 3241 eonasmo
262 3209 319 3242 Gr.
339 3219 392 3250 pr.
417 3219 451 3250 p.
475 3207 551 3263 182.
589 3211 728 3254 Bonitz‚
750 3212 905 3253 Beitrage
919 3209 1062 3257 (1856.)

6 3141 27 3181 ἡ
39 3159 77 3195 ’ξ”νι
90 3162 228 3202 'tatur,
269 3166 310 3194 ut
336 3162 505 3204 perdiscat
530 3165 730 3198 accuratius.

110 3250 187 3300 27]

56 3315 65 3353 {-
117 3309 370 3360 Πρόμαντις
402 3318 509 3355 vam,

53 3450 55 3455 ⁴
138 3417 237 3447 οντα,
265 3405 290 3452 ἢ
315 3409 388 3445 τοῖς
406 3410 557 3446 συνετοῖς
578 3408 906 3456 προγιγνωσκομένη
932 3411 1058 3453 sch01.;

58 3515 85 3522 ..
118 3473 189 3503 Lex.
201 3474 291 3509 soph.
304 3475 345 3502 11.

545 3314 666 3356 sutura
688 3317 896 3357 portendens.
931 3314 1014 3351 εἶσιν
1038 3315 1061 3351 ά

53 3370 232 3439 ι,υμαντις
265 3356 350 3395 Δίκα
382 3361 436 3394 ΕΙ.
457 3359 526 3394 475
551 3363 603 3394 ch.
639 3360 663 3407 ἡ
688 3362 995 3409 προμαντευομένη
1018 3363 1062 3398 τὰ

1084 316 1228 347 quarum
1246 307 1349 337 trium
1367 306 1479 338 media
1496 306 1730 346 interpretatio
1746 305 1830 336 salsa
1847 308 1909 337 est.

1157 350 1185 386 ΙἸ
1197 351 1368 400 ρόμαχο
1380 364 1395 390 ς
1418 362 1648 393 propuynans.
1682 350 1723 385 ἰὼ
1739 349 1881 385 κελαινὰ
1894 349 2006 398 λόγχα
2018 363 2105 398 προ-

1086 397 1201 446 μάχου
1221 398 1319 445 δορός
1338 400 1392 432 Τι’.
1415 397 1483 432 856
1502 400 1554 432 ch.
1582 401 1643 432 τοῦ
1661 397 1846 446 προμάχου
1874 397 1974 444 δορός
2000 399 2100 431 Trici.

1086 447 1159 479 Non
1177 450 1230 479 est
1247 444 1545 492 προβεβλημένου,
1567 451 1606 478 ιιι
1624 447 1684 477 uni
1702 446 1959 478 scholiastarum
1978 447 2101 487 visum,

1085 495 1142 526 sed
1162 494 1284 534 hastae,
1305 505 1405 535 quam
1420 497 1580 535 primores
1597 496 1738 534 qestant.
1773 494 1811 525 Id
1837 494 1982 525 voluisse
2010 495 2104 525 vide-

1086 546 1141 573 tur
1157 542 1264 582 alius,
1288 542 1347 583 qui
1365 543 1500 583 scripsit
1523 540 1570 574 τὸ
1588 539 1827 587 προμάχου
1847 539 1903 574 ἐπὶ
1920 543 1979 574 τοῦ
1994 536 2106 587 Ἥρα-

1084 586 1209 626 κλέους
1225 586 1376 634 ληπτέον
1389 614 1396 628 ,
1425 586 1498 622 οἷον
1515 590 1576 622 τοῦ
1595 586 1661 633 πρὸ
1679 586 1814 620 πάντων
1839 586 2055 635 μαχομένου.

1157 632 1420 681 Προμήθεια
1445 640 1481 668 et
1505 632 1736 681 προμηθία
1758 635 1900 675 provida
1918 644 2010 667 cura.
2054 636 2105 667 De

1086 684 1251 715 eiusmodi
1293 684 1405 715 formis
1439 693 1503 715 non
1539 684 1619 715 satis
1662 683 1833 714 distinctis
1873 683 2104 715 vocabulorum

1086 731 1268 770 generibus
1297 734 1332 762 et
1360 729 1489 770 brigine
1518 731 1738 762 observarunt
1769 730 1912 764 Dorvill.
1942 730 1983 761 ad
2003 730 2101 761 Char.

1087 787 1119 818 p.
1141 774 1221 809 446.
1244 777 1359 809 Valck.
1382 778 1491 809 Diatr.
1512 787 1546 819 p.
1564 775 1621 810 71.
1650 776 1767 808 Herm.
1790 777 1829 808 ad
1848 777 1974 810 Electr.
1997 774 2103 818 10253

1086 826 1159 865 ipse
1181 825 1229 856 ita
1254 825 1375 856 sentio.
1414 824 1649 856 Certissimum
1675 828 1726 855 est
1743 825 1841 863 longe
1864 826 2025 866 pleraque
2043 834 2104 856 no—

1088 873 1178 903 mina
1209 873 1249 903 ab
1275 872 1450 904 adiectivis
1476 873 1510 903 in
1536 883 1579 917 ης
1605 873 1812 903 exeuntibus
1835 872 1936 903 ducta
1962 873 2105 903 inclina-

1088 922 1200 951 mento
1218 919 1426 960 productiore
1452 920 1503 951 uti
1521 918 1609 963 (εια)
1626 924 1659 950 et
1677 920 1829 950 ultimam
1856 920 2014 958 syllabam
2033 929 2105 950 cor-

1088 967 1211 1007 ripere.
1242 966 1288 998 Ut
1311 967 1477 1008 prosarios
1494 971 1642 1007 taceam,
1677 967 1766 1007 apud
1786 976 1869 1007 quos
1886 968 2007 1007 ingens
2025 976 2106 998 sane

1087 1015 1272 1054 scripturae
1290 1014 1515 1056 discrepantia
1540 1018 1610 1054 est,
1639 1011 1798 1059 ἀσέβεια,
1826 1011 1998 1058 εὐσέβεια,
2028 1011 2106 1046 εὐέ-

1088 1071 1186 1101 πεια,
1231 1058 1409 1105 εὐλάβεια,
1454 1059 1637 1107 εὐμάρεια,
1673 1058 1872 1107 δυσχέρεια,
1918 1059 2103 1107 δυσγένεια,

1086 1106 1347 1154 αἰσχροκέρδεια
1386 1112 1531 1140 centena
1555 1109 1620 1140 alia
1649 1118 1725 1140 cum
1756 1109 1922 1140 constanti
1953 1109 2104 1140 codicum

1086 1157 1268 1197 scriptura,
1305 1160 1377 1187 tum
1405 1165 1561 1187 mensura
1578 1156 1787 1197 penultimae
1812 1156 1992 1197 productae
2018 1156 2106 1196 apud

1087 1207 1202 1244 poetas
1228 1206 1325 1234 extra
1348 1203 1593 1234 dubitationem
1611 1204 1798 1235 certissima
1823 1206 1915 1234 sunt.
1954 1204 2005 1234 De
2030 1204 2107 1243 qui-

1088 1250 1228 1282 busdam
1246 1251 1449 1282 contrarium
1468 1251 1693 1291 praecipitur,
1715 1254 1754 1281 ut
1771 1250 1812 1281 de
1827 1247 1960 1295 ἀμαθία
1979 1250 2104 1282 Theod.

1087 1307 1121 1340 p.
1148 1294 1214 1337 67,
1254 1306 1315 1328 nec
1340 1307 1484 1338 usquam
1513 1298 1611 1329 aliter
1640 1298 1707 1329 nisi
1738 1298 1928 1338 penultima
1956 1301 2108 1338 correpta

1087 1348 1275 1386 comparet;
1305 1345 1386 1376 item
1405 1354 1467 1376 nec
1484 1355 1503 1375 a
1520 1341 1656 1389 πλῆθος
1681 1345 1862 1385 composita
1886 1345 1986 1376 aliter
2008 1345 2106 1376 incli-

1088 1395 1237 1431 nantur,
1270 1392 1304 1423 in
1335 1401 1401 1432 quo
1429 1401 1552 1431 genere
1582 1389 1792 1438 παμπληθία
1820 1399 1857 1423 et
1882 1388 2106 1437 πολυπληθία

1088 1438 1241 1480 Sophocli
1267 1439 1357 1470 dicta
1383 1440 1625 1480 reperiuntur,
1650 1448 1712 1471 nec
1737 1448 1820 1480 quae
1846 1449 1864 1470 a
1890 1437 2056 1483 μαίνομαι
2073 1442 2108 1470 et

1089 1484 1165 1523 ἔτος
1182 1486 1343 1527 producta
1361 1490 1443 1518 sunt
1454 1511 1462 1526 ,
1486 1487 1579 1518 velut
1595 1483 1845 1531 γυναικομανία
1861 1490 1895 1517 et
1907 1484 2047 1531 τριετία,
2069 1491 2107 1517 ιιι

1088 1535 1201 1574 ipsum
1227 1530 1330 1577 μανία
1354 1537 1578 1574 praeteream,
1617 1534 1670 1565 cui
1692 1534 1897 1565 adiectivum
1916 1535 1950 1565 in
1967 1545 2010 1579 ης
2028 1533 2108 1564 ιιιιΙ-

1088 1582 1159 1612 lum
1177 1581 1350 1612 subditum
1374 1584 1436 1613 est.
1483 1581 1619 1612 Praeter
1640 1578 1775 1626 ἀμαθία
1800 1584 1908 1612 cetera
1931 1591 1950 1612 a
1967 1576 2105 1625 μαθεῖν,

1089 1625 1179 1668 δεῖν,
1205 1625 1338 1673 χαίρειν
1368 1637 1396 1660 S.
1421 1625 1532 1674 χαρά,
1568 1625 1652 1661 ἰδεῖν
1681 1638 1708 1659 s.
1742 1625 1833 1665 εἶδος
1862 1628 1982 1667 ducta,
2016 1628 2111 1659 velut

1089 1673 1290 1721 ὀψιμάθεια,
1311 1672 1433 1715 ἔνδεια,
1454 1673 1673 1721 περιχάρεια,
1702 1673 1874 1720 ὁμοείδεια
1897 1675 2034 1707 dubiam
2051 1675 2109 1706 ha-

1089 1723 1172 1754 bent
1188 1726 1259 1761 eta
1275 1722 1497 1761 grammaticis
1514 1722 1567 1754 hic
1584 1722 1653 1753 illic
1669 1731 1729 1764 pro
1743 1722 1845 1754 dubia
1861 1723 2009 1762 agnitam
2030 1723 2108 1753 1Ιηὶ-

1089 1770 1226 1801 tionem.
1273 1768 1363 1807 Quin
1388 1778 1475 1810 quae
1492 1770 1715 1801 communiter
1732 1769 1890 1801 feruntur
1908 1779 1973 1801 usu
1999 1770 2109 1800 omni-

1089 1817 1153 1848 bus
1181 1817 1363 1857 composita
1389 1826 1408 1847 a
1435 1814 1526 1862 τύχη
1556 1817 1591 1847 in
1622 1826 1655 1849 ια
1671 1817 1766 1848 exire
1791 1817 1907 1857 solita,
1936 1820 2109 1857 poetarum

1092 1864 1238 1895 lubidini
1261 1864 1308 1894 ita
1338 1864 1491 1895 subiecta
1525 1865 1684 1903 fuerunt,
1723 1868 1762 1895 ut
1798 1863 1899 1904 Soph.
1931 1861 2109 1910 εὐτύχειαν

1091 1911 1201 1942 dicere
1230 1921 1331 1942 ausus
1361 1911 1416 1942 sit.
1446 1912 1486 1942 In
1514 1914 1608 1942 tanta
1637 1911 1774 1942 licentia
1800 1912 1921 1942 mirum
1949 1920 2014 1942 non
2042 1914 2105 1950 est,

1091 1958 1149 1989 illa
1173 1959 1281 1999 primo
1307 1958 1375 1989 loco
1409 1959 1519 1998 posita
1543 1959 1766 1990 communiter
1797 1959 1832 1989 in
1858 1968 1912 1990 εια
1937 1958 2028 1989 finiri
2054 1967 2109 1988 so-

1093 2006 1169 2045 lita,
1199 2003 1356 2049 ἀσέβεια,
1385 2002 1538 2049 εὐσέβεια
1564 2009 1598 2036 et
1616 2005 1669 2036 his
1693 2005 1819 2037 similia
1843 2006 1907 2037 alia
1925 2005 2014 2046 apud
2032 2014 2109 2045 pro-

1093 2053 1196 2084 sarios
1221 2052 1408 2084 secundum
1434 2053 1592 2084 maiorem
1620 2052 1771 2083 codicum
1800 2062 2001 2084 consensum
2020 2052 2111 2083 iudi-

1093 2099 1198 2130 canda
1215 2108 1290 2130 esse
1307 2098 1434 2139 videri,
1463 2108 1528 2130 non
1555 2103 1594 2130 ut
1620 2100 1763 2138 singulis
1788 2100 1868 2131 locis
1885 2109 1943 2140 pro
1960 2099 2109 2130 codicum

1094 2147 1223 2177 ratione
1240 2146 1372 2177 diversa
1388 2146 1423 2177 in
1441 2146 1591 2177 ordinem
1610 2147 1835 2187 recipiantur,
1863 2147 1951 2187 quod
1970 2146 2110 2179 Schnei-

1096 2193 1166 2224 der.
1188 2194 1270 2225 fecit
1287 2193 1371 2224 Plat.
1392 2193 1456 2224 civ.
1476 2202 1511 2233 p.
1531 2190 1612 2234 441,
1634 2203 1664 2224 e.
1686 2190 1766 2233 618,
1789 2193 1838 2234 d.‚
1858 2194 1917 2225 sed
1935 2197 1992 2233 ut,
2021 2193 2110 2234 quod

1093 2241 1250 2281 plurimis
1266 2240 1348 2271 locis
1366 2241 1510 2281 optimos
1534 2249 1711 2281 sponsores
1729 2241 1847 2281 habet,
1877 2250 1994 2271 verum
2011 2244 2112 2282 pute-

1094 2291 1162 2319 tur.
1199 2287 1254 2320 Sic
1279 2284 1460 2333 δυσχερίαν
1486 2287 1652 2319 indictum
1670 2288 1826 2319 omnibus
1843 2288 2022 2328 existimo,
2052 2297 2113 2318 nec

1094 2334 1298 2375 curandum,
1327 2335 1355 2366 si
1380 2334 1513 2375 quando
1538 2334 1574 2365 in
1593 2343 1661 2366 uno
1677 2335 1823 2366 alterove
1849 2336 1932 2366 libro
1950 2338 2108 2374 emergat.

1094 2381 1196 2423 Apud
1213 2385 1329 2422 poetas
1346 2385 1405 2412 aut
1422 2390 1538 2412 versus
1556 2381 1725 2422 pangendi
1741 2383 1798 2413 lex
1816 2382 1998 2413 discrimen
2016 2382 2108 2422 facit,

1095 2432 1170 2469 aut,
1192 2429 1219 2459 si
1238 2438 1304 2460 non
1322 2429 1425 2460 refert
1441 2428 1645 2469 quidquam,
1675 2429 1752 2460 libri
1775 2430 1922 2470 potiores
1947 2428 2112 2470 sequendi

1095 2479 1189 2507 sunt.
1218 2475 1283 2508 Sed
1315 2472 1515 2521 προμήθεια
1543 2485 1660 2507 vereor
1687 2479 1727 2507 ut
1764 2486 1817 2517 ap.
1840 2475 1941 2517 Soph.
1973 2475 2114 2518 [pariter

1095 2526 1195 2563 atque
1219 2523 1308 2563 apud
1333 2525 1461 2554 ceteros
1490 2519 1615 2566 tragg]
1643 2525 1732 2554 certa
1755 2523 1821 2554 fide
1847 2526 1987 2555 constet.
2027 2523 2111 2554 Nam

1095 2570 1214 2610 tribus,
1235 2570 1293 2600 ubi
1313 2569 1411 2609 vulgo
1427 2569 1551 2609 legitur
1567 2570 1661 2610 locis,
1682 2570 1772 2601 inter
1790 2573 1942 2611 quartam
1960 2573 1994 2602 et
2011 2570 2115 2611 quin-

1094 2619 1164 2648 tam
1181 2617 1315 2647 iambici
1334 2625 1451 2647 versus
1470 2617 1585 2648 sedem
1610 2616 1826 2648 distribuitur
1851 2626 1930 2648 sono
1957 2618 2109 2656 vastiore,

1094 2667 1130 2695 et
1147 2664 1289 2704 optimos
1314 2663 1441 2694 codices
1470 2663 1626 2694 adversos
1655 2664 1767 2695 habet.
1808 2664 1914 2695 Extat
1937 2664 1973 2695 in
1998 2673 2110 2704 apogr.

1095 2711 1270 2742 nonnullis
1305 2721 1330 2743 π
1354 2707 1523 2755 ομηθείας
1549 2708 1587 2743 δέ
1612 2720 1673 2743 σου
1698 2710 1752 2742 ΕΙ.
1776 2707 1876 2743 1036.
1912 2710 1957 2743 o*
1974 2722 1999 2744 π
2023 2722 2040 2743 ο
2071 2722 2115 2756 η-

1095 2754 1174 2802 θείᾳ
1192 2754 1293 2789 1350.
1363 2755 1464 2802 χάρις
1541 2759 1605 2802 τῆς
1622 2755 1838 2803 προμηθείας
1856 2758 1916 2789 Ph.
1933 2721 2020 2798 657?
2057 2757 2114 2788 LA

1096 2813 1265 2844 nusquam
1283 2804 1511 2845 adstipulante
1536 2805 1603 2835 nisi
1626 2805 1714 2844 quod
1732 2805 1786 2837 El.
1810 2801 1901 2836 1350
1926 2815 1970 2838 ιιι..
1991 2808 2061 2837 ant.
2083 2815 2113 2836 ει

1095 2860 1198 2892 super
1227 2861 1236 2883 ι
1263 2852 1412 2891 positum
1440 2850 1568 2892 habet]
1604 2851 1755 2883 Alterius
1780 2852 1902 2883 formae
1925 2853 2008 2884 haec
2034 2855 2114 2883 sunt

1096 2898 1251 2938 exempla
1262 2922 1270 2937 ‚
1289 2898 1356 2929 iam
1373 2907 1451 2929 cum
1467 2898 1535 2929 illis
1552 2898 1784 2939 concinentia,
1813 2907 1920 2930 unum
1938 2900 2029 2931 inter
2045 2899 2114 2939 pri-

1096 2954 1189 2976 mum
1207 2948 1242 2976 et
1259 2944 1464 2985 secundum,
1491 2947 1603 2976 cetera
1627 2945 1719 2976 inter
1734 2946 1893 2986 quintum
1917 2949 1952 2977 et
1975 2949 2112 2977 sextum

1097 2992 1222 3023 senarii
1248 2991 1371 3032 pedem
1397 2991 1617 3023 distributum
1645 2993 1845 3024 vocabulum
1873 2993 2108 3025 monstrantia.

1097 3037 1142 3084 σῇ
1165 3035 1348 3083 προμηθίᾳ
1372 3037 1427 3070 OG
1451 3034 1538 3079 332,
1568 3038 1657 3079 quod
1679 3040 1814 3080 passive
1838 3039 1967 3071 dictum
1979 3042 2114 3080 propter

1096 3086 1146 3117 tui
1162 3094 1290 3117 curam.
1323 3087 1387 3130 τῆς
1404 3083 1489 3130 πρὸς
1506 3082 1601 3129 ἡμᾶς
1624 3083 1761 3119 ἐνδίκου
1783 3083 1981 3132 προμηθίας
2008 3083 2110 3118 1043.

1097 3129 1184 3165 ἐστὶν
1202 3129 1226 3175 ἡ
1244 3129 1426 3210 πὸοὸηθία
1441 3129 1502 3165 καὶ
1518 3130 1568 3178 τῷ
1585 3129 1719 3178 λέγοντι
1741 3130 1800 3166 καὶ
1815 3130 1955 3166 κλύοντι
1972 3130 2112 3178 σύμμα-

1095 3188 1159 3224 χος
1176 3178 1231 3209 ΕΙ.
1284 3175 1305 3210 9
1334 3203 1341 3210 .
1374 3188 1470 3224 προμ
1496 3175 1556 3212 θία
1599 3176 1621 3211 ἀ
1658 3177 1779 3225 κέρδος
1804 3176 2000 3225 ἀνθρώποις
2052 3177 2114 3225 έγα

1096 3226 1164 3257 inc.
1184 3225 1224 3257 fr.
1245 3221 1326 3266 688,
1348 3221 1380 3257 3.
1415 3226 1456 3256 In
1503 3225 1528 3257 G
1548 3222 1565 3256 1
1593 3223 1615 3257 4
1643 3251 1649 3258 .
1671 3226 1737 3258 duo
1755 3235 1866 3267 apogr.
1894 3190 2113 3272 προμηθιείας

1097 3268 1267 3316 ἀμέτρως.
1301 3271 1342 3303 In
1367 3271 1421 3305 El.
1448 3269 1528 3304 990.
1557 3273 1644 3312 Aug.
1671 3274 1704 3305 b.
1733 3273 1820 3306 Flor.
1848 3269 1886 3306 Γ.
1914 3271 2110 3319 προθυμία,

1097 3318 1185 3359 quod
1202 3327 1268 3350 non
1293 3327 1368 3350 esse
1385 3329 1404 3350 a
1425 3319 1559 3351 librario
1582 3323 1758 3361 peccatum
1782 3321 1932 3352 ostendit
1965 3321 2112 3352 scholion

1096 3365 1189 3396 illius
1217 3365 1360 3405 codicis,
1391 3365 1446 3396 his
1475 3366 1585 3398 verbis
1614 3367 1768 3398 finitum:
1798 3364 1830 3399 οἱ
1859 3364 1897 3399 δὲ
1925 3364 2114 3413 γράφοντες

1098 3408 1329 3457 προμηθία
1360 3409 1536 3457 ληροῦσιν.

1787 3479 1833 3514 42
