2288 3600
181 2084 184 2092 ·
248 2071 379 2102 scriben

164 2119 195 2133 ⁴⁴
248 2121 300 2149 est
324 2115 528 2163 οἰμώξομαι.

240 119 308 167 60

245 245 346 268 sensu
372 242 578 279 praegnante
603 239 643 270 de
669 239 791 269 orbatis
816 239 928 279 aliqua
952 248 986 268 re
1006 237 1056 268 vel
1084 237 1261 277 egentibus

243 283 378 316 dicitur.
407 283 489 319 ἀνευ
506 283 638 319 τοκέων
657 283 896 330 κατατάκομαι
914 285 968 316 El.
985 281 1050 316 187
1061 294 1104 315 m.
1127 279 1183 316 αἴν
1201 278 1262 316 οὖ-

240 324 324 364 ποθ’
340 329 418 377 ἡμὴ
464 346 492 366 ω
515 331 546 371 ὶς
564 329 694 377 ἐστάθη
713 331 816 379 βορᾶς
834 325 970 378 τράπεζ’
994 329 1073 365 ἄνευ
1091 323 1182 364 τοῦδ’
1201 327 1262 363 ἀν-

240 375 324 423 ῗόρός
338 379 402 412 OR
420 343 519 413 1464.
541 378 645 414 κᾶνευ
663 376 744 413 θεοῦ
762 390 813 417 τις
829 377 930 413 τοῦτό
947 373 976 424 γ’
993 375 1033 412 ἂν
1051 378 1172 425 γνώμῃ
1194 375 1262 421 μά-

241 421 302 458 θοι
327 426 383 459 OC
401 424 470 460 403
495 428 597 460 etiam
622 428 651 459 si
677 429 823 459 nesciret
847 428 1029 459 oraculum.
1067 424 1155 471 ἐμῆς
1183 422 1262 458 ἄνευ

237 473 387 520 γνώμης
406 472 473 518 [ἄν.
493 477 557 519 τῆς
577 473 632 519 ἐμ.
650 484 700 520 γν.
723 475 792 517 LA]
823 471 893 506 664
909 472 1058 517 [etiamsi
1077 482 1142 504 non
1161 482 1262 514 spon-

242 521 371 561 derem,
394 522 569 562 abyesehen
590 522 672 567 von)
697 523 792 554 velut
817 523 882 553 iam
909 532 940 552 v.
963 516 1031 552 594
1063 518 1142 554 ἄνευ
1175 519 1264 565 γνώ-

249 580 317 614 μης
334 566 398 614 γὰρ
425 566 463 603 οὔ
484 580 526 614 με
543 568 614 651 χρὴ
632 567 756 613 λέγειν,
783 571 812 602 si
829 570 982 600 nesciam.
1012 565 1034 611 ἦ
1055 566 1123 612 μὴν
1143 565 1181 599 σὺ
1199 565 1282 600 κά»

245 627 303 649 νευ
335 614 435 649 τοῦδε
467 614 560 662 λυπη
589 616 636 654 εὶς
671 616 739 651 ἔσει
771 613 851 649 816.
881 617 1007 647 etiamsi
1034 615 1091 646 hoc
1107 624 1175 646 non
1192 615 1261 656 fiat.

246 660 346 696 τοῦδε
371 673 430 705 pro
454 662 562 698 τῶνδε
588 665 775 696 necessaria
793 664 962 704 Musgravi
987 662 1177 694 emendatio
1199 665 1261 694 est.

246 708 326 744 ἄνευ
351 722 388 756 γε
412 714 473 744 τοῦ
500 709 699 757 κραὶνοντος
716 708 784 743 926
803 713 930 742 iniussu
947 711 1035 750 regis
1052 710 1106 741 vel
1123 710 1260 740 domini.

261 761 276 796 11
294 758 468 797 Significat
493 760 597 791 etiam
615 761 712 792 clam.
735 756 829 795 ὅπως
848 755 965 805 μάθῃς
982 754 1062 791 ἄνευ
1079 754 1186 789 τῶνδε
1205 757 1260 788 Tr.

244 801 326 837 336.
354 806 639 838 Distinctionibus
657 808 758 838 etiam
778 807 818 837 ab
836 806 1030 838 Hermanno
1054 805 1172 846 positis
1190 807 1265 845 post

245 848 363 899 μάθῃς
379 855 414 884 et
429 851 539 886 τῶνδε
558 863 619 885 nec
635 863 719 895 opus
737 856 789 885 est
807 856 840 885 et
856 863 917 894 per
935 862 970 884 se
988 853 1090 883 falsae
1107 854 1198 883 sunt.

245 968 337 1015 σοφά
355 972 397 1002 fr.
418 972 487 1003 inc.
508 969 589 1013 658,
611 969 642 1004 3.
680 972 781 1013 Apud
799 972 889 1004 Stob.
912 971 983 1002 Ecl.
1008 967 1049 1001 17
1075 971 1199 1010 legitur
1225 966 1265 1001 ἂν

244 1013 407 1063 εὑρίσκει.
445 1018 592 1051 Brunck.
623 1016 663 1053 ἂν
682 1016 832 1065 εὑρίσκοι
856 1019 973 1057 edidit,
995 1018 1084 1059 quod
1102 1022 1136 1049 et
1152 1018 1265 1058 ipsum

244 1069 359 1106 potest
381 1075 500 1098 verum
527 1076 613 1099 esse.
653 1065 840 1111 [Incertum
866 1066 1001 1098 omnino
1026 1075 1066 1096 an
1086 1065 1131 1096 sit
1149 1073 1265 1096 versus

245 1112 448 1156 Sophoclis]
964 1110 997 1156 (Ι
1014 1122 1047 1153 p.
1073 1109 1139 1144 150
1158 1109 1267 1154 med.)

315 1165 485 1206 **Ἀνευ
497 1184 552 1219 φη
566 1185 590 1218 μ
601 1170 617 1206 έ
628 1186 655 1206 ω
674 1175 849 1205 clamorem
866 1173 1036 1212 luyubrem
1054 1171 1143 1202 tollo.
1176 1166 1266 1207 ἅπας

243 1213 278 1266 ξδ’
301 1217 470 1266 ἀνηυφήμ
498 1230 551 1253 σεν
578 1219 716 1268 οἰμωγῇ
738 1218 825 1257 λεώς
852 1221 907 1252 Tr.
929 1216 1009 1251 783.
1036 1216 1126 1260 [ἄνευ
1145 1220 1267 1264 φωνῆσ

249 1264 285 1300 ἐν
304 1267 363 1299 LA
380 1268 404 1299 i.
425 1277 455 1299 e.
499 1268 716 1314 νευφώνησεν
739 1271 778 1299 ut
796 1271 847 1299 est
864 1268 900 1298 in
919 1276 1029 1308 apogr.
1059 1262 1268 1311 ἀνευφήμη-

249 1324 304 1347 σεν
330 1324 374 1346 ex
398 1315 499 1347 schol.
529 1316 609 1347 Eur.
639 1316 714 1347 Tro.
737 1312 805 1346 573
829 1318 863 1346 et
885 1314 1030 1353 Hesych.
1060 1325 1092 1344 v.
1114 1310 1267 1358 ἀνευφη-

249 1359 353 1407 μήσει
372 1363 499 1403 recepit
516 1362 635 1405 Dind.]
658 1363 751 1394 Idem
770 1366 837 1394 vet.
856 1362 957 1393 schol.
980 1365 1057 1393 ante
1075 1361 1187 1392 oculos
1204 1361 1267 1392 ha-

247 1409 362 1441 buisse
380 1410 583 1449 censendus,
605 1411 663 1451 qui
681 1410 817 1441 scribit:
840 1407 1091 1455 ἀνευφώνησεν,
1121 1406 1212 1441 κατὰ
1227 1406 1266 1441 τὸ

247 1453 411 1497 ἐναντίον,
448 1454 522 1491 ἀντὶ
552 1459 612 1490 τοῦ
648 1455 814 1496 ἐστέναξε.
859 1457 975 1497 „Nulla
1001 1465 1079 1487 vero
1103 1457 1138 1486 in
1165 1456 1265 1487 verbo

246 1500 460 1550 ἀνευφημεῖν
493 1505 709 1546 antiphrasis.
755 1505 929 1544 Significat
961 1504 1052 1535 enim
1085 1503 1266 1534 exclamare

247 1549 360 1597 εὐφή
373 1561 444 1595 μει
457 1578 464 1590 ,
485 1553 508 1583 i.
531 1561 562 1583 e.
583 1553 724 1584 clamare
749 1551 855 1583 absint
871 1552 957 1582 male
974 1552 1122 1582 ominata
1139 1550 1266 1581 verb‹1.“

245 1598 361 1630 Herm.
397 1599 490 1631 Haec
512 1603 602 1632 recte
619 1600 707 1631 dicta
724 1599 872 1638 videbis,
902 1599 930 1630 si
949 1598 1143 1638 cogitaveris
1162 1601 1264 1629 totam

246 1654 318 1676 rem
344 1646 381 1677 in
407 1647 568 1678 sacrificio
600 1646 752 1678 faciendo
777 1651 905 1687 gestam
938 1655 1030 1677 esse:
1068 1646 1126 1686 qui
1152 1646 1285 1686 impu-¹

242 1696 338 1733 gnat,
359 1693 513 1734 Bothius,
541 1703 616 1725 cum
635 1695 674 1725 ab
693 1695 885 1725 Hermanno
902 1693 994 1724 illius
1012 1693 1266 1732 significationis
1284 1693 1286 1736 Ἰ
1303 1684 1498 1713 Sffltenta'ae·
1526 1681 1596 1713 1⁰⁰0
1622 1684 1773 1722 ‘'Orr'lpt‘)
1799 1676 1960 1716 θανάτθῑς
1984 1675 2236 1723 εὐποτμόταῗε»
2256 1687 2288 1722 μ’Χ

244 1741 404 1782 exempla
421 1741 600 1780 desideret,
628 1742 702 1782 ipse
720 1741 840 1772 vellem
857 1741 1026 1772 docuisset
1051 1737 1265 1786 ἀνευφημεῖν
1283 1748 1285 1764 ³

249 1787 288 1818 ab
306 1784 505 1834 ἀνεύφημος
523 1788 661 1820 ductum
679 1797 765 1828 esse,
788 1788 845 1819 sed
865 1797 929 1819 non
947 1788 1026 1826 illis,
1057 1788 1179 1828 quibus
1199 1788 1267 1818 uti-

247 1837 315 1874 tur,
335 1832 559 1880 ἀνηκουστεῖν
586 1838 620 1867 et
646 1832 838 1880 ἀνηλεγεῖν.
876 1835 946 1866 Νοιι
974 1838 1025 1866 est
1051 1835 1141 1866 enim
1161 1834 1266 1866 Grae-

248 1891 325 1913 cum
350 1879 562 1929 ἀνεύφημος.
592 1882 742 1923 Insausti
765 1883 918 1914 clamoris
941 1882 1186 1922 significatione
1205 1890 1287 1920 eir-1

1284 1929 1356 1960 'ch.
1387 1929 1549 1960 Memorat
1573 1930 1680 1960 locum
1705 1928 1850 1967 Hesych.
1874 1922 1910 1959 ‘v.
1940 1924 2048 1972 ἰηὶους
2064 1951 2071 1965 ,
2099 1926 2163 1957 ΕΜ
2182 1935 2214 1967 p.
2236 1922 2288 1956 46:

248 1931 314 1960 stat
350 1930 451 1961 etiam
483 1931 566 1961 Eur.
587 1930 641 1962 Or.
666 1926 767 1969 1320,
797 1930 861 1960 etsi
893 1930 1110 1961 intransitive
1140 1929 1266 1960 dictum

248 1973 354 2020 δόμος
376 1973 632 2023 ἀνευφήμησεν.
670 1977 721 2009 Cf.
743 1977 867 2008 Heind.
897 1977 936 2007 ad
962 1976 1046 2008 Plat.
1076 1976 1200 2007 Phaed.
1230 1986 1263 2017 p.

251 2020 293 2054 15
319 2027 353 2055 et
377 2024 548 2063 Wyttenb.
576 2033 612 2065 p.
637 2020 713 2055 121.
760 2024 920 2056 Ceterum
944 2024 1034 2063 apud
1061 2023 1267 2062 Hesychium

478 2068 735 2118 ἀνευφήμησεν,
758 2064 956 2116 ἀνῴμωξεν.
991 2071 1159 2102 Futurum
1178 2071 1269 2102 enim

1010 2116 1042 2161 (I
1060 2128 1093 2159 p.
1118 2114 1181 2150 151
1201 2115 1270 2160 in.)

318 2181 633 2233 *Ἀνευφωνέω
659 2199 691 2219 v.
721 2186 944 2235 ἀνευφημέω.

317 2251 556 2305 Ἀνέφελος
571 2251 658 2290 'non
682 2260 820 2291 velatus.
867 2256 1034 2305 ἀνέφελον
1074 2257 1269 2305 [ἐκνέφελον

247 2303 477 2350 Heimsoeth.]
494 2303 660 2351 ἐπέβαλες
679 2302 718 2339 οὔ
732 2316 815 2339 ποτε
832 2304 1067 2350 καταλύσιμον
1085 2305 1192 2339 κακόν
1212 2306 1265 2338 El.

250 2349 341 2384 1246
359 2363 402 2384 m.
426 2349 714 2422 Scholsxepowepov,
745 2351 1087 2399 ἀνακεκαλυμμένον.
1109 2372 1154 2377 -
1172 2354 1265 2386 Suid.

248 2410 281 2430 v.
303 2396 481 2446 ἀνέφελον.

317 2451 496 2505 Ἀνέχω.
518 2460 543 2490 Ι.
569 2460 716 2491 Formae.
738 2456 855 2506 ἀνέχει
874 2459 927 2491 Ai.
941 2456 1010 2491 212
1021 2469 1075 2491 an.
1096 2459 1151 2492 OC
1166 2456 1267 2491 1573.

248 2505 321 2546 LA3
344 2506 443 2538 Tricl.
467 2506 568 2538 Dind.
591 2503 675 2552 ἔχει.
693 2503 857 2553 ἀνέχουσι
875 2506 933 2539 OR
950 2504 1014 2538 174
1029 2507 1079 2538 ch.
1099 2504 1270 2554 ἀνέχουσα

248 2553 307 2584 LA
325 2553 360 2584 in
379 2553 434 2585 OC
453 2549 521 2585 674
542 2554 599 2585 ubi
625 2553 717 2585 codd.
746 2554 884 2595 quidam
911 2548 1039 2600 ἔχουσά
1072 2552 1190 2599 [Dind.
1212 2552 1271 2587 νέ-

248 2609 360 2644 μουσα
376 2610 408 2641 q.
423 2600 485 2643 v.].
501 2601 685 2642 Syndeipn.
700 2601 741 2632 fr.
760 2597 839 2641 146,
857 2597 889 2632 3.
904 2619 945 2624 —
966 2599 1107 2648 ἀνάσχω
1119 2602 1172 2633 El.
1187 2598 1267 2633 636.

248 2643 396 2694 ἀνασχὸν
415 2648 470 2679 Tr.
491 2644 573 2679 204.
597 2644 772 2719 [ἀνασχὼν
792 2648 849 2679 LA
867 2658 885 2679 a
902 2658 951 2689 pr.
970 2658 1014 2680 m.
1040 2643 1098 2680 se'd
1116 2659 1133 2680 o
1149 2658 1199 2689 pr.
1222 2659 1266 2680 m.

248 2692 417 2738 superse]
447 2693 605 2726 Medium.
634 2693 798 2738 ἀνέψμαι
824 2695 878 2726 El.
904 2691 992 2727 1028
1010 2693 1120 2736 ἀνέξει
1139 2693 1271 2742 [ἀνέξηι

249 2739 320 2783 LA]
348 2742 403 2773 Ai.
426 2739 482 2773 75.
509 2739 670 2788 ἠνείχετο
696 2742 757 2773 Ph.
779 2738 859 2773 411.
881 2740 1082 2790 ἠνεσχόμην
1108 2744 1166 2775 OR
1182 2741 1271 2776 1387

248 2798 359 2830 apogr.
406 2789 583 2821 nonnulla.
613 2785 653 2821 ἂν
679 2786 791 2835 ἐσχόμ
817 2800 834 2821 ν
861 2799 973 2830 apogr.
996 2794 1029 2821 et
1056 2791 1158 2822 Dind.
1192 2789 1271 2824 eive„

249 2833 385 2915 titt?
400 2836 470 2924 ¹5ss·
492 2833 940 2924 i0V0i⁶15351135ae0²⁷nff⁹⁰35
957 2834 1203 2932 ἔσῖῖῖἶῖῑξὲἷ·
1227 2840 1270 2918 ἓξ

248 2930 303 2962 ΡΑ
322 2930 403 2961 tulit
420 2930 522 2961 Dind.
553 2934 592 2961 ut
608 2930 674 2969 legi
692 2931 799 2971 possit
815 2932 924 2962 locus:
954 2930 1131 2979 ἡισχόμην
1161 2933 1220 2964 LA
1238 2938 1272 2964 et
1289 2945 1291 2967 i

249 2977 383 3009 scholia.
401 2974 602 3023 ἠνεσχόμην
618 2977 728 3008 Livin.
745 2975 937 3024 ἠνειχόμην
952 2977 1003 3018 (ες
1016 2989 1118 3020 super
1131 2978 1177 3023 et)
1191 2982 1269 3012 Vat.

249 3021 306 3056 57.
329 3021 479 3069 ἰσχόμην
505 3024 561 3055 alii
578 3024 678 3067 etiam
696 3024 904 3066 inferiores]
934 3024 1088 3072 ἐσχόμην
1107 3030 1142 3058 et
1157 3025 1271 3074 ἠσχό-

248 3071 528 3162 &2333ss
541 3067 1271 3164 §.323⁰33013333¹33m‘2?e¹1'3‘325.f5¹³¹2.3

248 3165 370 3196 Aesch.
399 3164 459 3197 Ch.
481 3161 577 3208 734].
607 3165 713 3197 Piers.
743 3165 782 3197 ad
808 3166 901 3198 Moer
924 3177 958 3208 p.
984 3163 1049 3199 176
1075 3165 1267 3214 ἠνεχόμην,

247 3211 335 3253 quod
369 3214 404 3244 et
427 3215 573 3243 metrum
598 3212 702 3244 violat
734 3216 769 3244 et
802 3213 978 3245 barbarum
1005 3217 1076 3255 est3
1112 3226 1144 3246 v.
1175 3215 1267 3247 Pors.

247 3259 353 3300 praef.
374 3258 506 3291 Hecub.
527 3269 562 3300 p.
582 3259 677 3299 XX.,
708 3269 902 3301 quanquam
921 3263 1039 3292 tuetur
1057 3262 1186 3293 Buttm.
1210 3262 1266 3294 Gr.

246 3302 280 3337 2.
294 3315 328 3347 p.
345 3302 423 3338 143.
438 3324 483 3329 —
500 3305 668 3338 Futurum
688 3303 851 3351 ἀνέξομαι
866 3307 1092 3347 Hellenicum,
1114 3306 1224 3356 ἀνασχ

971 111 982 128 ’
996 117 1254 185 Ανευρίσκω
1282 148 1348 153 ———
1366 113 1378 130 '
1389 114 1551 183 Ανέχω

1282 1293 1285 1335 δ

1994 126 2021 171 [1
2048 137 2083 170 p.
2097 122 2269 162 150-152

1300 234 1374 267 nica
1392 235 1443 267 vel
1462 236 1651 267 communia
1668 236 1798 276 dixere,
1832 244 1916 276 quae
1935 238 1968 266 et
1985 233 2107 267 Atticis
2132 238 2167 266 et
2182 243 2271 268 κοιν(

1298 283 1386 314 dicta
1405 286 1529 323 essent,
1552 283 1664 314 Attica
1681 283 1756 324 alia,
1777 292 1862 324 quae
1880 282 1957 314 solis
1975 282 2098 314 Atticis
2114 281 2272 323 peculiari

1370 355 1414 386 II.
1448 353 1540 385 Usus.
1561 356 1576 392 ΙΙ
1602 353 1756 385 Activum
1781 357 1821 384 etv
1839 352 2015 384 transitive
2040 356 2074 385 et
2097 349 2271 384 intransiti

1300 401 1435 432 dicitur.
1465 401 1553 432 Illud
1586 403 1601 439 n
1618 401 1740 432 tollere.
1777 398 1870 437 ὅπως
1895 395 2079 446 λυτηρίους
2104 396 2209 446 εὐχὰς
2227 395 2274 432 ἀνι

1301 458 1375 495 σχω
1395 448 1448 479 El.
1470 445 1557 489 636,
1587 449 1673 489 quod
1699 448 1827 479 dictum
1844 458 1863 478 a
1880 448 2034 479 manibus
2059 448 2149 479 inter
2172 455 2274 502 preca:

1300 497 1382 527 dum
1407 495 1559 536 sublatis.
1598 495 1692 529 Schol
1719 504 1894 536 perperam
1926 491 2095 541 ἀνέχω,
2122 492 2166 527 ἐπ
2206 490 2275 541 εὐχ’

1299 541 1339 576 τὸ
1372 540 1577 587 ἀναπέμπω.
1606 542 1620 585 ΙΙ
1645 544 1821 581 sustinere,
1850 546 1884 573 et
1901 536 2119 581 tralate‘teyi,
2139 541 2276 573 occultas

1302 588 1418 635 ἀηδὼν
1443 589 1500 623 τὸν
1526 588 1657 624 οἰνῶπα
1680 588 1831 634 νέμουσα
1855 587 1972 622 κισσόν
1998 588 2053 621 OC
2071 585 2140 620 672
2157 588 2209 620 ch.
2247 587 2277 630 {fi

1302 638 1427 669 Dind.:
1465 631 1583 670 οἰνῶπ’
1615 635 1788 685 ἀνέχουσα
1815 636 1900 679 LA.]
1938 637 2044 668 Locus
2072 636 2248 676 ambiguus

1301 685 1464 725 difficilis,
1492 686 1528 716 in
1546 695 1610 725 quo
1628 695 1702 716 cum
1721 685 1908 726 reperiatur
1925 684 2016 715 varia
2040 684 2139 715 lectio
2163 680 2278 716 οἰνωπι

1303 730 1451 779 ἔχουσα,
1481 733 1635 764 coniiciat
1660 732 1735 774 quis
1769 729 1965 765 οἰνωπὸν
1991 728 2170 777 ἔχουσα.
2217 723 2288 769 8υῆ

1305 780 1360 821 {cx
1375 777 1515 823 s‹.·hol.]:
1537 777 1701 827 ἀνέχου
1713 789 1761 812 σα
1777 776 1906 819 κισσόν,
1923 775 1998 812 ἀντὶ
2010 780 2072 811 τοῦ
2085 774 2156 811 ἅνω
2172 771 2288 824 ἔχουσέ

1303 827 1390 868 quod
1408 831 1442 858 et
1459 828 1571 868 ipsum
1589 828 1793 867 ambiguum.
1835 827 1960 866 Reisig.
1982 835 2025 857 ex
2042 826 2129 857 male
2146 825 2288 857 intellec;

1282 872 1461 906 iAristidis
1486 875 1555 906 loco
1580 875 1643 906 vol.
1668 872 1698 906 1.
1727 884 1760 915 p.
1786 870 1827 905 19
1854 874 2000 915 explicat
2017 870 2152 920 ἀνέχειν
2169 873 2288 913 superi·

315 916 488 958 **Ἀνευ
501 922 635 970 pio-mn
652 926 786 965 reperio.
818 921 943 970 χρόνος
960 916 1057 956 πόλλ’
1076 919 1266 968 ἀνευρίσκει
1282 948 1284 954 .

1301 931 1370 953 rem
1390 925 1521 962 partem
1546 925 1662 953 tenere.
1707 921 1771 954 Sed
1796 922 1871 952 iure
1896 921 2012 952 Herm.
2040 921 2212 960 observat,
2248 929 2288 952 ni

1302 979 1398 1011 posse
1426 969 1515 1001 aliud
1541 970 1622 1010 quid
1648 969 1849 1009 significari,
1879 969 1947 999 nisi
1972 971 2030 1000 aut
2055 969 2212 999 sustinere
2236 968 2260 999 i.
2287 971 2288 975 ’

1303 1017 1388 1056 ferre
1413 1018 1465 1048 vel
1482 1018 1624 1057 arriyere
1649 1016 1876 1057 sublatumque
1893 1019 2017 1055 tenere,
2044 1019 2103 1046 aut
2127 1016 2263 1047 retinere

1302 1064 1465 1103 cohibere5
1493 1068 1527 1095 et
1552 1065 1592 1096 ad
1617 1064 1651 1095 id
1675 1064 1835 1103 inclinat,
1873 1066 1912 1094 ut
1934 1065 2122 1094 constanter
2146 1061 2273 1094 arborea

1303 1113 1450 1143 lusciniis
1468 1113 1567 1143 teneri
1585 1112 1756 1151 dieantur3
1786 1111 1918 1142 dubitat
1943 1108 2055 1142 tamen
2080 1110 2120 1142 de
2139 1110 2282 1151 scriptur

1302 1159 1387 1191 Mihi
1405 1159 1568 1191 lusciniae
1586 1159 1743 1190 videntur
1767 1158 1833 1190 dici
1849 1159 2001 1190 arborum
2027 1157 2112 1197 folia
2137 1157 2197 1188 sibi
2215 1158 2282 1198 imp

1303 1208 1366 1238 sita
1391 1208 1567 1246 sustinere,
1603 1207 1682 1238 inde
1707 1207 1866 1237 occultari
1882 1207 1927 1237 eis
1951 1208 1980 1236 et
2005 1206 2115 1237 latere.
2144 1204 2194 1236 Etv
2207 1204 2268 1236 hoc

1304 1255 1440 1286 Suidam
1466 1255 1611 1286 voluisse
1637 1254 1776 1285 arbitror
1805 1256 1839 1284 et
1863 1253 1980 1284 Valck.
2009 1252 2049 1284 ad
2074 1252 2178 1294 Hipp.
2213 1247 2283 1284 128¹

1304 1311 1379 1333 cum
1405 1302 1441 1333 in
1467 1298 1601 1347 ἀνέχειν
1627 1301 1907 1343 praepositionem
1926 1300 2036 1332 valere
2062 1300 2213 1332 scribunt
2230 1295 2283 1332 ἄν(

1302 1349 1337 1380 id
1355 1354 1406 1380 est
1423 1357 1569 1389 superne.
1591 1347 1605 1391 11
1623 1350 1779 1380 sustinere
1795 1348 1818 1379 i.
1841 1357 1870 1379 e.
1890 1356 1960 1379 non
1976 1346 2160 1387 dediynari.
2190 1342 2265 1379 ἐπεὶ

1301 1394 1342 1429 λέ
1372 1407 1407 1433 ος
1433 1393 1665 1442 δουριάλωτον
1690 1392 1826 1441 στέρξας
1851 1392 1968 1442 ἀνέχει
1991 1391 2129 1439 θούριος
2149 1389 2236 1430 Α’ίας
2260 1393 2284 1424 Α

1303 1441 1345 1475 21
1377 1469 1383 1475 .
1421 1444 1522 1475 Hunc
1547 1444 1653 1476 locum
1681 1444 1830 1485 apposito
1855 1442 1937 1474 Eur.
1960 1442 2041 1474 Hec.
2065 1438 2131 1473 123
2149 1444 2238 1472 recte
2256 1450 2285 1472 e:

1303 1492 1406 1531 plicat
1423 1492 1539 1523 Herm.
1561 1491 1601 1522 ad
1614 1491 1702 1523 OCl.
1717 1501 1744 1522 c.
1767 1487 1908 1534 [Nauck.
1931 1490 2082 1531 apposito
2098 1489 2196 1520 Pind.
2217 1488 2285 1527 Pyt&

1303 1536 1337 1579 2,
1358 1535 1440 1579 89}‚
1470 1548 1531 1570 nec
1558 1539 1642 1570 male
1668 1538 1812 1580 praeivit
1838 1537 1894 1569 Gr.
1923 1537 1965 1569 de
1991 1536 2236 1568 constructione
2262 1545 2286 1576 a]

1304 1587 1419 1618 Herm.
1435 1587 1476 1618 de
1489 1595 1553 1617 em.
1568 1596 1593 1617 r.
1608 1595 1656 1625 gr.
1669 1595 1717 1625 gr.
1730 1596 1763 1626 p.
1780 1582 1844 1616 371
1860 1597 1866 1615 :
1888 1582 2003 1630 ἀνέχω
2022 1581 2095 1616 ἀντὶ
2112 1584 2173 1616 τοῦ
2191 1580 2286 1628 στέργ

1302 1631 1361 1666 καὶ
1386 1637 1477 1678 τιμῶ
1503 1633 1549 1670 ὡς
1576 1629 1763 1679 Εὐριπίδης
1789 1642 1833 1663 sc.
1863 1633 2001 1663 Hecuba
2027 1632 2049 1663 l.
2071 1641 2098 1662 c.
2120 1630 2135 1673 ΙΙ
2154 1631 2243 1662 Hinc
2268 1638 2286 1662 e

1302 1726 1392 1761 λέων
1426 1726 1597 1774 ἀνέχουσα
1631 1726 1704 1772 βίου
1739 1724 1868 1773 βραχὺν
1902 1723 2023 1771 ἰσθμόν
2057 1725 2159 1765 Synd.
2190 1726 2230 1756 fr.
2255 1722 2288 1756 12.

1303 1777 1393 1807 vitae
1413 1776 1605 1807 memoriam
1631 1776 1774 1815 posteris
1791 1775 2036 1806 transmittens.

1374 1834 1592 1865 Intransitive
1618 1834 1745 1865 dictum
1772 1843 1847 1864 cum
1871 1833 2019 1873 genitivo
2037 1831 2051 1874 ΙΙ
2068 1840 2207 1872 εηιετρο.
2245 1826 2288 1864 οὔ·

1304 1879 1453 1914 τόκοισιν
1481 1878 1579 1926 ἰηίων
1606 1879 1772 1925 καμάτων
1796 1878 1959 1927 ἀνέγουσι
1990 1880 2149 1925 γυναῖκες
2179 1874 2288 1911 0R17

1308 1973 1368 2017 19;
1400 1976 1498 2007 Eust.
1528 1986 1561 2016 p.
1585 1973 1691 2016 1020,
1722 1973 1778 2007 22.
1825 1975 1918 2007 Suid.
1949 1985 1980 2005 v.
2010 1971 2126 2020 ἀνέχει
2150 1977 2184 2004 et
2210 1970 2288 2018 ἰηὶω

1306 2024 1431 2062 Maltby
1445 2023 1485 2054 ad
1500 2023 1626 2055 Motell.
1646 2034 1675 2054 v.
1694 2021 1828 2069 ἀνέχειν
1846 2023 2088 2063 interpretatur
2103 2029 2204 2061 neque
2220 2029 2288 2060 ³031:

1306 2071 1386 2102 tales
1402 2072 1564 2101 sustinent
1580 2071 1632 2102 vel
1648 2064 1860 2110 experiuntur
1872 2071 2002 2109 partus.
2038 2068 2219 2100 Matthiaeo
2244 2065 2288 2100 ἀν

1304 2128 1379 2164 γειν
1397 2127 1455 2159 pro
1472 2115 1658 2165 ἀνέχεσθαι
1675 2118 1802 2149 dictum
1822 2117 1968 2156 videtur,
1997 2119 2036 2148 ut
2053 2115 2136 2147 Eur.
2158 2115 2234 2146 Tro.
2258 2111 2288 2146 11

1307 2158 1434 2197 dixerit
1469 2163 1773 2210 μεταβαλλομένου
1808 2161 1970 2208 δαίμονος
2002 2160 2143 2209 ἀνέχου.
2187 2161 2252 2194 Sed
2277 2162 2288 2193 i

1307 2210 1441 2259 ἀνέχειν
1468 2222 1541 2244 cum
1566 2213 1725 2252 genitivis
1752 2212 1819 2243 illis
1844 2211 2001 2251 coniungi
2027 2219 2092 2242 non
2118 2210 2229 2242 debet.
2267 2208 2288 2241 G

1307 2253 1468 2292 Brunckii
1485 2257 1597 2293 ἄνεσιν
1617 2257 1766 2306 ἔχουσιν,
1786 2255 2036 2298 ἀναπαύονται,
2066 2256 2155 2298 quod
2171 2257 2288 2297 sequit

1307 2307 1405 2347 Erf.;
1437 2308 1493 2338 sed
1521 2308 1638 2338 sensui
1662 2308 1761 2348 plane
1787 2307 2000 2338 adversatur:
2030 2305 2124 2346 quasi
2151 2306 2288 2345 perpetu

1305 2355 1458 2396 partibus
1476 2355 1660 2386 exhaustae
1679 2364 1800 2386 uxores
1819 2354 1956 2391 fuerint,
1980 2361 2046 2384 non
2065 2351 2245 2383 sterilitate
2262 2360 2288 2393 p

1306 2403 1376 2433 tius
1392 2403 1477 2433 iram
1494 2403 1646 2434 numinis
1663 2405 1835 2442 expertae,
1856 2411 1887 2432 v.
1903 2411 1935 2431 v.
1948 2396 2005 2431 27.
2028 2399 2124 2438 Quod
2142 2398 2199 2430 Gr.
2214 2399 2285 2430 Bek

1306 2459 1340 2490 p.
1362 2446 1442 2489 400,
1467 2446 1506 2480 11
1527 2450 1619 2490 dicit,
1648 2447 1707 2482 καὶ
1724 2446 1858 2494 ἀνέχειν
1874 2446 1914 2480 τὸ
1933 2444 2166 2492 ὃιαβαστάζειν
2183 2443 2242 2479 καὶ
2261 2455 2288 2492 φτ

1309 2507 1387 2542 ρειν,
1410 2493 1427 2529 ὃ
1451 2494 1510 2530 καὶ
1537 2493 1721 2543 ἀνέχεσθαι
1747 2489 1810 2529 καῖ
1825 2492 2021 2540 ἐπανέχειν,
2042 2494 2130 2526 bene
2147 2493 2288 2534 quadrar

1308 2544 1348 2575 ad
1371 2544 1463 2575 hunc
1488 2538 1622 2583 locum,
1647 2544 1675 2574 si
1693 2544 1863 2583 legeretur
1889 2540 1998 2588 ἰηίους
2014 2538 2202 2585 καμάτους.
2241 2539 2288 2571 Na

1308 2600 1373 2622 non
1407 2591 1448 2622 de
1476 2590 1642 2631 portando
1676 2591 1783 2621 solum
1816 2591 1966 2621 locutum
2004 2588 2258 2628 grammaticum

1307 2638 1466 2678 ostendit,
1488 2639 1575 2679 quod
1593 2639 1837 2679 interpretatur
1853 2632 2055 2682 ἀνέχεσθαι;
2075 2635 2112 2666 id
2128 2635 2220 2666 enim
2233 2643 2288 2667 nu]

1309 2695 1409 2726 quam
1427 2686 1594 2725 significat
1607 2688 1750 2725 portare.
1781 2685 1896 2716 Herm.
1915 2683 2102 2716 secundum
2120 2681 2255 2715 Suidam
2271 2681 2288 2712 i:

1308 2736 1513 2774 terpretatur
1537 2742 1605 2764 non
1628 2735 1796 2772 emeryunt
1821 2731 1860 2762 de
1873 2734 2035 2771 partuum
2051 2729 2226 2769 doloribus,
2247 2729 2271 2760 i.

1309 2789 1374 2811 non
1392 2781 1579 2811 liberantur
1596 2783 1705 2821 partu,
1729 2780 1785 2810 sed
1800 2779 1931 2810 steriles
1950 2779 2103 2818 manent3
2124 2777 2229 2817 inque
2243 2784 2288 2807 ea]

1309 2827 1384 2858 dem
1419 2828 1623 2858 sententiam
1652 2828 1739 2858 bene
1773 2826 1921 2866 disputat
1954 2825 2078 2857 lacobs.
2099 2823 2140 2855 ad
2193 2823 2288 2855 hilosi

1308 2884 1341 2915 p.
1364 2871 1443 2905 277.
1467 2892 1507 2897 —
1530 2872 1677 2907 ἄελπτον
1701 2867 1784 2917 ὄμμ’
1811 2871 1889 2917 ἐμοὶ
1915 2871 2037 2918 φήμης
2054 2823 2205 2958 &Megia
2222 2871 2288 2915 τῆσ

1311 2922 1365 2952 Tr.
1387 2918 1467 2952 204.
1499 2922 1643 2952 Tralatio
1661 2931 1678 2952 a
1697 2921 1765 2952 sole
1782 2921 1880 2951 ducta
1899 2924 1932 2951 et
1950 2919 2134 2958 sideribus,
2179 2926 2242 2949 uae
2259 2926 2288 2948 n«

1309 2965 1505 3001 ἀνατέλλειν
1532 2969 1626 2999 modo
1652 2971 1685 2999 et
1703 2965 1911 3006 ἐπιτέλλειν,
1941 2975 2058 2997 verum
2076 2966 2177 2997 eiiam
2197 2961 2288 2997 ἀνιέν

1309 3019 1342 3046 et
1360 3012 1495 3062 ἀνέγειν
1513 3016 1683 3046 dicuntur.
1715 3015 1768 3046 Sic
1782 3015 1882 3045 schol.
1898 3026 1903 3045 :
1927 3010 2109 3059 ἀναφανέν,
2131 3008 2288 3045 ἀνατεῖλα

1309 3061 1350 3095 ἐκ
1369 3057 1565 3109 μεταφορᾶς
1581 3063 1643 3094 τοῦ
1661 3059 1775 3106 ἡλίου.
1806 3062 1861 3093 Gr.
1885 3061 1989 3092 nekk.
2011 3070 2044 3100 p.
2065 3056 2147 3099 400,
2168 3055 2201 3090 4.
2223 3056 2288 3091 ἀνι

1307 3119 1355 3155 χε
1368 3120 1404 3142 ιν
1416 3136 1423 3150 ,
1452 3108 1491 3142 τὸ
1510 3106 1706 3142 ἀνατέλλειν
1725 3107 1780 3141 τὸν
1799 3106 1897 3152 ἥλιον
1916 3104 1937 3151 ἢ
1956 3106 2020 3151 τὴν
2039 3104 2197 3151 σελήνην.

1395 3167 1409 3210 ΙΙ
1429 3167 1576 3199 Medium
1593 3167 1759 3208 significat
1777 3168 1930 3206 tolerare,
1960 3169 1994 3197 et
2020 3165 2071 3196 vel
2097 3164 2187 3196 nude
2203 3163 2286 3195 dicit

1308 3216 1362 3246 vel
1377 3225 1452 3246 cum
1464 3215 1653 3256 participio,
1674 3214 1715 3245 de
1729 3223 1795 3254 qua
1813 3217 1981 3245 structura
1998 3213 2097 3244 multi
2114 3211 2230 3251 multa,
2252 3219 2288 3242 ve

1308 3266 1347 3294 ut
1371 3262 1488 3293 Valck.
1526 3262 1564 3293 ad
1593 3262 1716 3293 Phoen.
1746 3258 1825 3292 550.
1855 3261 1972 3292 Markl.
2003 3260 2042 3291 ad
2069 3259 2159 3290 Max.
2190 3258 2268 3297 Tyr.

1224 3308 1271 3354 ή-
1308 3305 1387 3348 654,
1411 3305 1443 3341 6.
1473 3310 1560 3341 Dan.
1582 3309 1701 3340 Heins.
1725 3309 1831 3339 Lectt.
1856 3308 1994 3339 Theocr.
2016 3317 2048 3348 p.
2072 3302 2152 3346 355,
2181 3305 2287 3336 Valck

248 3362 351 3397 σομαι
376 3353 528 3384 Atticum
552 3353 676 3384 dicitur
699 3353 841 3385 Moeridi
870 3364 903 3395 p.
925 3351 990 3396 263
1020 3356 1107 3387 male
1135 3357 1271 3388 intelle·
1287 3331 1290 3370 1
1308 3357 1400 3387 nario
1418 3356 1593 3396 laudatus,
1621 3356 1741 3387 Blomf.
1771 3356 1812 3395 gl.
1836 3354 1954 3386 Aesch.
1983 3354 2076 3385 Pers.
2097 3349 2177 3384 843.
2207 3351 2288 3382 Heri

247 3402 339 3432 ctum
356 3400 390 3431 id
408 3399 578 3432 Piersono.
618 3399 754 3432 Scilicet
769 3401 938 3442 permulta
956 3402 1134 3442 Atticistae
1151 3403 1268 3435 Helle·
1287 3379 1290 3441 1
1306 3403 1346 3434 ad
1374 3402 1492 3437 Bacch.
1515 3399 1603 3443 7833
1626 3421 1669 3425 —-
1696 3403 1776 3434 item
1804 3411 1878 3433 cum
1905 3401 2092 3433 accusativo
2109 3397 2168 3442 (cs.
2191 3398 2247 3431 Gr.
2269 3407 2288 3429 a
