2288 3600
234 219 312 266 πρὶν
331 219 393 266 μὲν
422 218 520 266 ὀρθοὶ
547 218 691 254 ἕστασαν
709 218 837 268 δίφροι.
866 220 983 255 ἔπειτα
1010 220 1048 255 δὲ
1065 221 1177 256 πῶλοι
1195 220 1254 268 βίᾳ

261 269 393 313 έρουσιν
427 269 480 300 El.
509 265 590 300 724.
625 286 662 292 -
700 266 859 303 ἔπειτα
898 266 983 302 καί.
1014 269 1060 302 ὧν
1092 269 1156 316 τὴν
1191 268 1254 315 σὴν

263 313 365 362 ,ρινὺν
384 313 494 349 αἰτίαν
512 313 598 348 εἶναι
615 313 725 361 λέγω·
755 314 869 350 ἔπειτα
886 315 977 350 κάπὸ
997 314 1152 361 μαντέων
1169 315 1254 351 ταύ-

232 375 274 411 τῃ
294 360 410 396 κλύων
429 362 484 394 OG
504 359 594 395 1300
619 372 811 404 quanquam
829 363 890 395 hoc
907 365 1009 395 etiam
1028 365 1063 395 in
1081 365 1254 396 dialectica

234 421 260 442 s.
288 410 490 449 cogitatione
516 419 676 451 expressa
708 419 821 442 rerum
856 412 1093 442 consecutione
1127 412 1253 443 dictum

234 467 308 489 esse
326 461 448 498 potest.
473 475 513 480 —
535 455 689 490 ἔπειτα
715 456 866 502 μέντοι
883 456 979 503 βαιὸν
997 456 1014 491 ὁ
1040 461 1133 502 ὦμεν
1151 456 1252 492 αὐτὸν

232 507 296 551 γῆν
330 505 586 550 προσκυνοῦντα
612 504 667 536 OC
681 501 782 536 1653.
821 503 873 538 ἔπ.
896 517 933 549 μ.
952 505 1007 551 χώ
1048 503 1127 551 όγος
1148 503 1253 543 καλὸς

233 554 364 598 προσῆν
383 552 443 583 Ph.
459 548 539 583 352.
560 549 767 585 κᾶπειτα;
790 549 848 585 εἶτ’
866 550 965 585 ἔλυσε
983 550 1154 589 ὃυσπινεῖς
1173 562 1254 585 στο-

234 598 318 636 λάς·
346 596 480 632 κᾶπειτ’
505 596 610 636 ἀύσας
635 597 759 636 παῖδας
785 599 840 631 OC
861 596 961 631 1598.
1005 597 1151 633 κᾶπειτα
1174 598 1255 633 τοὺς

233 314 240 326 ³

235 645 363 685 ζῶντας
388 644 436 682 εἰς
462 643 590 690 δόμους
616 644 794 690 κομίζεται
811 647 865 679 Ai.
887 643 943 678 61.
964 641 1097 680 κᾶπειτ’
1123 640 1252 692 ἐπᾲξας

234 691 333 730 αὖθις
357 691 405 730 εἰς
430 691 556 737 δόμους
582 691 683 726 πάλιν
710 691 851 740 ἔμφρων
878 691 1081 727 καθίσταται
1106 691 1184 727 305.
1209 712 1250 717 -

234 762 243 769 η,
262 741 423 772 Eiusdem
440 744 543 771 tenax
561 745 613 771 est
630 751 705 772 eum
723 741 865 772 articulo
881 743 1099 772 coniunctum
1119 747 1152 773 et
1170 743 1251 773 sub-

234 789 394 828 stantivi‚
423 787 511 828 quod
536 788 681 827 intelligi
698 791 830 828 potest,
859 798 983 819 munus
1001 798 1133 828 gerens.
1161 787 1199 822 τό
1224 782 1253 821 τ’

234 834 352 868 ἔπειτα
375 833 434 867 καὶ
457 834 496 868 τὸ
533 832 660 878 μέλλον
686 833 746 868 καὶ
769 834 809 868 τὸ
837 833 916 880 πρὶν
942 833 1123 881 ἐπαρκέσει
1148 834 1253 880 νόμος

214 873 291 916 [ὅδε
314 883 394 914 Ant.
418 878 482 913 611
503 882 556 915 ch.
593 882 702 914 Schol.
724 883 843 914 Rom.:
879 881 919 915 τὸ
945 881 1107 927 ἐσόμενον
1131 882 1189 916 καὶ
1213 882 1252 916 τὸ

199 932 203 939 ‘
234 923 306 975 μετ’
332 927 456 962 ἐκεῖνο.
485 927 574 962 τινὲς
597 926 634 961 δὲ
659 927 698 962 τὸ
725 927 878 962 ἔπειτα
905 926 998 963 ἰδίως
1025 928 1080 963 ἐπὶ
1106 929 1253 963 ἐνεστῶ-

200 1009 203 1011 A
232 983 290 1010 ro:
318 972 485 1023 λελέχθαι
510 974 621 1022 φασίν,
658 974 733 1009 ἀντὶ
754 978 815 1010 τοῦ
841 978 924 1010 νῦν.
962 977 1057 1008 Hanc
1082 978 1251 1018 significa—

153 1032 178 1065 ,⁵
215 1026 360 1055 ¹tionem
386 1033 449 1055 nee
471 1025 582 1055 inesse
608 1024 725 1064 videri,
763 1033 825 1055 uec
850 1024 1004 1066 exemplo
1030 1024 1183 1066 Euripid.
1206 1025 1251 1056 1'1*

240 1068 326 1102 1263
353 1071 484 1102 firmare
502 1080 598 1111 posse
616 1071 789 1102 intellexit
806 1071 877 1104 Erf.
899 1070 971 1113 „ro
999 1069 1170 1113 ἔπειτα,
1194 1072 1252 1103 de-

235 1119 329 1158 hinc,
358 1119 504 1159 aliquam
530 1120 681 1150 continet
705 1119 867 1159 temporis
892 1120 1080 1160 praesentis
1107 1121 1251 1151 notatio-

235 1175 331 1205 nem,
367 1176 385 1196 a
420 1175 485 1206 quo
509 1166 699 1206 proximum
733 1170 785 1197 est
815 1176 890 1197 cum
924 1176 1031 1207 eoque
1066 1167 1252 1198 cohaeret.“

234 1214 347 1245 Herm.
367 1217 470 1244 recte.
486 1210 529 1245 τὰ
548 1205 575 1245 δ’
593 1209 651 1246 οὖν
669 1211 789 1259 πάρος,
810 1211 853 1246 τοὶ
871 1210 901 1246 δ’
924 1211 973 1250 εἰς
993 1211 1109 1247 ἔπειτα
1123 1214 1177 1246 Αἰ.
1192 1211 1248 1245 35.

237 1277 278 1284 -
299 1260 313 1302 ΙΙ
331 1259 438 1301 Saepe
464 1264 502 1291 ut
527 1257 599 1292 εἶτα
618 1261 686 1291 vim
704 1270 795 1292 mere
813 1260 1018 1292 dialecticam
1038 1260 1253 1292 enumerandi

234 1308 346 1339 habet.
383 1307 496 1339 Huius
513 1307 620 1348 prima
637 1308 721 1339 ratio
738 1310 802 1348 est,
823 1316 898 1340 cum
917 1309 1043 1349 potiora
1060 1309 1252 1349 maioreque

235 1356 331 1396 quasi
364 1354 528 1394 dignitate
559 1355 711 1395 praedita
744 1359 1017 1396 praeponuntur,
1063 1360 1253 1397 sequuntur

236 1403 312 1434 alia.
343 1399 493 1446 μάλιστα
517 1403 577 1435 τοῦ
601 1398 766 1439 θανόντος
795 1399 975 1448 ἱμέρῳ
998 1400 1114 1436 ἔπειτα
1133 1400 1251 1447 μέντοι

234 1449 290 1496 χώ
313 1447 354 1482 λό
378 1459 415 1486 ος
439 1446 546 1486 καλὸς
573 1451 706 1494 προσῆν
724 1449 785 1480 Ρ11.
808 1447 888 1481 352.
909 1446 1049 1491 (ἕλοισθ’,
1079 1445 1253 1495 Ἀτρεῖδαι

235 1489 298 1541 μὲν
317 1460 461 1542 μάλιστ’,
490 1494 607 1529 ἔπειτα
625 1494 661 1528 δὲ
680 1494 698 1529 ὁ
717 1493 866 1543 Λαρτίου
892 1499 986 1536 παῖς,
1011 1495 1070 1530 καὶ
1088 1495 1128 1531 σύ
1148 1494 1249 1530 1285.

236 1542 305 1590 ὅτῳ
338 1546 474 1590 πρῶτον
501 1542 563 1588 μὲν
598 1542 621 1588 ή
648 1541 825 1589 δορύξενος
850 1541 929 1589 παρ’
953 1542 1038 1589 ἡμῖν
1065 1542 1137 1578 αἰέν
1164 1542 1253 1577 ἐστιν

235 1589 346 1632 ἐστία;
376 1589 494 1624 ἔπειτα
518 1584 547 1622 δ’
574 1588 689 1636 ἱκέτης
716 1589 887 1635 δαιμόνων
911 1589 1099 1638 ἀφιγμένος
1123 1589 1252 1635 δασμὸν

233 1636 317 1671 τίνει
332 1638 388 1670 OC
407 1634 487 1670 634.
509 1634 644 1684 γυναῖχ’
677 1635 727 1671 ὅτι
761 1637 900 1685 ἔφυμεν,
932 1637 1047 1672 ἔπειτα
1083 1632 1111 1670 δ’
1144 1635 1253 1672 οὕνεκ’

235 1681 423 1732 ἀρχόμεσθ’
450 1683 489 1718 ἐκ
505 1684 711 1731 κρεισσόνων
728 1686 810 1718 Ant.
833 1683 888 1718 63.
911 1683 1056 1730 μάλιστα
1075 1684 1137 1730 μὲν
1162 1679 1254 1718 τόνδ’

236 1730 338 1778 ὅρκον
363 1730 532 1770 αἰδεσθεὶς
556 1729 659 1774 θεῶν,
681 1731 798 1767 ἔπειτα
822 1730 915 1778 κάμέ
933 1733 990 1765 OR
1008 1730 1087 1765 648.
1119 1733 1183 1765 Sed
1201 1743 1253 1764 res

182 1809 184 1811 ,
235 1781 337 1811 etiam
361 1780 434 1820 pari
451 1779 614 1820 dignitate
641 1781 689 1811 sic
705 1781 865 1822 deinceps
882 1784 1067 1822 ponuntur.
1091 1773 1112 1826 ᾗ
1133 1783 1254 1826 πρῶτα

236 1825 299 1871 μὲν
323 1826 365 1860 τὰ
391 1825 520 1872 μητρὸς
552 1824 694 1874 ἔχθιστα
717 1825 955 1873 συμβέβηκεν·
991 1825 1063 1860 εἶτα
1089 1830 1161 1864 τοῖς
1187 1838 1253 1872 φο-

234 1875 327 1906 νεῦσι
359 1875 420 1907 τοῦ
452 1868 594 1920 πατρὸς
618 1871 747 1918 ξύνειμι
841 1873 958 1908 ἔπειτα
989 1872 1089 1908 ποίας
1121 1872 1190 1919 ἠμέ
1215 1881 1255 1908 ας

299 1966 416 2001 ἔπειτα
442 1977 460 2000 ο
493 1966 607 2014 ὥσπερ
632 1965 763 2014 ἐξέφυς,
794 1966 960 2014 ἐλευθέρα
984 1966 1085 2002 καλεῖ
1102 1965 1181 2000 970.
1211 1967 1253 2002 τὰ

235 2012 386 2061 χρήματ’
413 2012 643 2061 ἀνθρώποισιν
669 2013 815 2062 εὑρίσκει
841 2014 983 2063 φίλους,
1013 2013 1113 2049 αὖθις
1139 2015 1175 2048 δὲ
1199 2026 1253 2049 τι-

237 2061 327 2107 μάς,
357 2060 430 2095 εἶτα
453 2061 652 2108 τυραννίδος
678 2060 792 2109 ἕδραν.
821 2061 936 2097 ἔπειτα
953 2061 980 2095 δ’
998 2061 1108 2100 οὐδεὶς
1127 2061 1252 2109 ἐχθρὸς

236 2106 314 2142 οὔτε
343 2108 463 2156 φύεται
489 2109 572 2155 πρὸς
604 2107 772 2157 χρήματα
794 2111 911 2143 Alead.
933 2111 973 2143 fr.
998 2107 1075 2151 109,
1096 2108 1129 2142 4.
1154 2128 1195 2134 -
1222 2110 1236 2152 ΙΙ

237 2157 351 2188 Tertia
375 2158 560 2198 particulae
585 2167 624 2189 ea
644 2162 791 2198 potestas
815 2162 885 2199 est,
923 2168 999 2189 cum
1034 2155 1150 2191 ἔπειτα
1181 2167 1251 2190 rem

237 2204 375 2236 alteram
393 2213 436 2236 ex
454 2205 558 2236 altera
576 2214 749 2236 causarum
766 2209 801 2237 et
819 2209 1005 2238 eventuum
1021 2206 1095 2244 lege
1113 2214 1247 2245 nexam,

192 2260 196 2265 ’
237 2254 296 2283 aut
321 2251 423 2282 etiam
439 2252 536 2283 aliter
562 2255 663 2293 atque
693 2253 941 2293 exspectaveris
958 2257 1141 2284 exeuntem
1159 2252 1250 2284 indi-

236 2302 299 2330 cat.
339 2297 481 2330 Proinde
504 2299 780 2340 interpretaberis
806 2293 915 2333 ἔπειθ’
940 2297 1020 2333 ἑλοῦ
1053 2309 1090 2345 γε
1123 2296 1252 2345 θάτερα

238 2345 290 2376 El.
313 2342 381 2376 345
407 2348 517 2378 tamen
539 2355 615 2377 vero
648 2356 673 2377 s.
701 2346 804 2378 nihilo
825 2348 956 2387 minua,
993 2346 1149 2389 inprimis
1175 2357 1251 2378 cum

238 2393 453 2434 participium
478 2394 676 2434 praecessit:
716 2397 805 2438 μισῶ
837 2405 875 2440 γε
900 2391 1034 2438 μέντοι,
1099 2392 1189 2427 ὤτοιν
1216 2392 1251 2427 ἐν

236 2438 376 2473 κακοῖσί
398 2450 449 2477 τις
474 2437 579 2477 ἁλοὺς
604 2438 720 2473 ἔπειτα
743 2442 845 2474 τοῦτο
862 2438 1042 2475 καλλύνειν
1102 2439 1123 2474 λ
1165 2442 1247 2474 Ant.

236 2483 316 2518 496.
340 2484 430 2524 ὅστις
458 2483 643 2533 ἀνθρώπου
1109 2452 1159 2534 μξ]
1178 2482 1252 2522 κατ’
1270 2493 1272 2499 ’

695 2485 766 2521 ύσιν
785 2485 941 2533 βλαστὼν
967 2486 1084 2522 ἔπειτα

238 2531 422 2579 ἄνθρωπον
439 2533 552 2581 φρονῇ
576 2535 630 2566 Ai.
652 2499 732 2567 7351.

307 2588 592 2637 Ἐπεμβαίνω
618 2595 742 2625 insisto,
779 2596 844 2639 σῆς
875 2591 1091 2639 ἐπεμβαίνων
1123 2591 1252 2642 χθονός

237 2639 292 2672 OC
310 2636 379 2671 924
413 2642 537 2671 intrata
559 2644 655 2672 terra.
694 2641 751 2672 LA
778 2639 975 2686 ἐπιβαίνων.
1019 2641 1082 2673 11111
1099 2642 1254 2674 Triclinii

235 2688 399 2728 scriptura
416 2691 479 2727 est,
508 2691 615 2719 metro
632 2689 831 2720 necessaria.
859 2689 979 2720 Elmsl.
1008 2690 1094 2722 coni.
1117 2686 1158 2722 ἂν
1175 2688 1251 2722 ἐπι-

239 2731 377 2779 βαίνων.
408 2752 449 2758 -
478 2735 610 2766 Tralate
633 2736 824 2775 proculcare
848 2736 1016 2775 significat
1049 2737 1091 2768 de
1119 2737 1273 2768 miseris=

237 2782 479 2813 contumeliose
513 2782 694 2814 habendis:
737 2783 781 2815 cf.
810 2783 981 2822 Wyttenb.
1017 2783 1057 2814 ad
1083 2784 1173 2815 Plut.
1210 2784 1252 2815 de

238 2828 319 2860 disc.
347 2829 445 2860 amic.
473 2832 508 2860 et
531 2829 620 2861 adul.
648 2838 682 2870 p.
705 2827 749 2861 57
774 2841 802 2861 a.
835 2827 910 2863 κατ’
943 2828 1030 2874 ἐμοῦ
1060 2829 1253 2874 τακομένας

239 2873 371 2920 μᾶλλον
390 2873 575 2920 ἐπεμβάσει
592 2875 645 2908 El.
667 2873 736 2908 835
755 2887 798 2908 m.
820 2877 932 2908 Huius
948 2880 1074 2917 figurae
1092 2879 1175 2910 ratio
1191 2886 1251 2918 ap-

239 2928 333 2963 paret
356 2932 399 2954 ex
418 2922 472 2954 El.
489 2919 580 2954 456:
605 2919 650 2958 'O
674 2922 774 2956 έσττν
802 2921 836 2962 ἐξ
861 2921 1046 2970 ὑπερτέρας
1069 2923 1172 2971 χερὸς
1190 2922 1252 2971 ἐχ-

237 2967 369 3014 θροῖσιν
396 2967 500 3002 αὐτοῦ
527 2967 623 3008 ζῶντ’
667 2945 841 3016 πεμβῆναι
865 2969 957 3004 ποδί.
985 2972 1037 3003 De
1054 2972 1253 3012 proverbiali

239 3026 301 3047 usu
323 3027 353 3048 v.
376 3017 455 3048 Lob.
477 3017 516 3048 ad
535 3018 588 3049 Ai.
605 3014 684 3049 989.

309 3068 353 3108 ’E
365 3072 604 3128 πεμβάλλω
622 3078 746 3115 inyero.
778 3074 851 3109 ἐπεὶ
877 3073 914 3110 δὲ
934 3074 1039 3123 τῆσδε
1055 3079 1120 3123 γῆς
1138 3078 1254 3123 σωτῆ-

240 3132 281 3167 ρα
300 3121 421 3155 σαυτὸν
446 3120 515 3168 τῷδ
552 3120 780 3168 ἐπεμβάλλεις
797 3121 891 3169 λόγῳ
909 3123 964 3156 OC
982 3121 1062 3155 463.

309 3173 630 3225 *Ἴῧπεμβρυόω
660 3192 690 3212 v.
720 3179 939 3228 ὑπεμβρυόω.

308 3233 594 3282 Ἐπεμπίπτω
619 3241 728 3278 irruo,
755 3239 896 3272 adorior.
924 3238 957 3274 τί
983 3238 1070 3287 δῆτα
1092 3238 1254 3285 ποίμναις
1290 3244 1381 3273 ctum
1413 3240 1498 3272 illud
1531 3241 1571 3272 ab
1603 3241 1834 3280 ingruentium
1863 3240 2125 3271 adversariorum
2157 3240 2228 3280 1111,

238 3278 333 3328 τήνδ’
351 3282 554 3330 ἐπεμπίπτει
572 3284 668 3330 βάσιν
686 3287 741 3318 Αἰ.
762 3284 820 3319 42.
857 3287 996 3319 Minime
1016 3288 1126 3320 simile
1143 3291 1196 3319 est
1212 3290 1253 3320 ab
1291 3286 1378 3333 ἔρως
1410 3284 1474 3333 γὰρ
1505 3284 1631 3332 ἄνδρας
1658 3284 1697 3319 οὐ
1723 3285 1848 3331 μόνους
1880 3285 2064 3334 ἐπέρχεται
2089 3285 2242 3321 Phaedt.‘,

240 3331 310 3362 Erf.
338 3336 563 3372 comparatum
596 3330 758 3379 ἔρχεσθαι
791 3331 882 3367 ὁδόν.
928 3334 1083 3374 Figuram
1106 3335 1254 3366 illustrat
1290 3331 1419 3375 607,1.
1449 3334 1687 3366 Exhauserunt
1705 3334 1765 3365 hoc
1782 3335 1972 3365 Hemsterh.
1994 3333 2035 3365 ad
2052 3334 2190 3365 Lucian.
2211 3327 2243 3370 1,
2281 3331 2287 3337 ’

1270 3377 1357 3421 1206
1384 3381 1459 3421 Bip.
1480 3385 1515 3412 et
1533 3381 1648 3412 Valck.
1672 3381 1711 3411 ad
1737 3380 1861 3412 Phoen.
1888 3376 1986 3420 1379,
2002 3381 2043 3412 ad
2060 3380 2183 3412 Herod.
2208 3383 2237 3408 ⁴·

240 3378 320 3408 Lob.
343 3387 488 3418 monogr.
512 3380 564 3418 flg.
586 3389 631 3418 gr.
654 3391 687 3421 p.
712 3377 754 3412 14
771 3378 815 3423 (a.
838 3378 952 3423 1832).

955 98 965 115 '
976 103 1261 174 Επεμβαίνω
1286 135 1348 143 -
1371 101 1382 118 ’
1393 98 1666 174 Επέρχομαι

236 1918 351 1958 δοκεῖς
369 1914 404 1965 μ’
432 1918 524 1980 {3222
545 1921 598 1952 ΕΙ·
617 1918 700 1953 266·
721 1924 857 1967 πρῶτον
886 1920 949 1966 μὲν
975 1919 1148 1967 εὐσέβειαν
1166 1931 1254 1955 moa
1271 1917 1273 1948 ς
1290 1911 1329 1941 ad
1347 1910 1430 1942 Poll.
1452 1907 1487 1950 9,
1511 1907 1576 1942 153
1594 1914 1629 1941 et
1647 1911 1807 1944 Abrescb.
1837 1911 1877 1942 ad
1895 1911 2016 1943 Aesch.
2038 1912 2129 1944 Pers.
2151 1900 2252 1945 260⁴.

1271 2042 1273 2046 s
1288 2013 1512 2049 κάπαπειλῶν
1531 2014 1590 2049 ὧδ’
1608 2014 1783 2064 ἐπεξέρχει
1801 2014 1948 2062 θρασύς;
1977 2018 2060 2049 Ant.
2077 2015 2158 2058 752,
2178 2017 2255 2073 seb

1271 2123 1273 2152 '2
1289 2109 1370 2142 adeo
1386 2112 1559 2142 miniteris,
1590 2112 1664 2142 Alio
1681 2115 1810 2152 spectat
1826 2111 1986 2151 Hesychii
2003 2112 2100 2152 illud,
2129 2110 2204 2145 ἐπε
2248 2117 2251 2121 ’

1270 2156 1433 2205 1χεταιι
1464 2155 1606 2191 ἐκδικεῖ.
1645 2158 1710 2190 Sed
1734 2158 1910 2198 coyz'tando
1935 2162 1970 2191 et
1995 2158 2173 2191 scrutando
2206 2181 2208 2184 -
2246 2159 2248 2161 ’

1270 2227 1272 2236 ,
1289 2207 1366 2246 qui:
1394 2202 1464 2238 οὐδ’
1482 2203 1510 2237 εἰ
1530 2202 1624 2238 πάντ’
1644 2203 1840 2245 ἐπεξέλθοις
1859 2209 1998 2239 σκοπῶν
2016 2207 2082 2238 inc.
2105 2207 2146 2238 fr.
2166 2201 2252 2247 659ι

2082 7 2094 42 κ’

1986 119 2018 167 [l
2035 129 2070 164 pt
2089 119 2241 156 641-ss
2262 111 2271 121 ⁵

1364 221 1692 270 Wilnevapttm.
1715 226 1754 257 In
1768 225 1823 258 OG
1840 223 1929 258 1733
1943 236 1987 259 m.
2008 237 2084 259 cum
2102 229 2232 268 legatur
2251 246 2257 257 ι

1294 282 1336 315 με
1353 269 1413 304 καὶ
1429 269 1496 305 τότ’
1515 270 1679 318 ἐνάριΕον,
1704 274 1757 304 1.ss
1776 270 1975 318 ἐξενάριξαν,
1995 275 2114 307 Elmsi.
2135 280 2171 307 et
2187 275 2239 308 He

1294 316 1553 364 ἐπενάριξον
1572 321 1594 351 i.
1617 329 1648 360 q.
1672 318 1855 366 ἐπίσφαττε
1873 326 2103 354 omi-exerunt.
2124 321 2242 368 ἐπισφ

1291 375 1330 396 eo
1348 375 1449 397 sensu
1468 367 1646 408 aliquoties
1672 377 1724 408 ap,
1748 368 1865 408 Eurip.
1888 369 2024 408 legitur,
2053 365 2205 402 ἐπιθύειν
2223 370 2263 402 Ε

1291 412 1347 444 Or.
1369 410 1448 444 561.
1478 414 1600 445 Aesch.
1624 415 1686 454 Ag.
1712 411 1811 446 1513.
2270 423 2272 427 ’

1361 464 1631 517 Ἔπενδύτης
1667 472 1836 504 indusium
1863 483 1890 504 s.
1918 473 2087 506 subucula.
2124 472 2240 521 λινογε
2262 468 2279 501 s

1290 515 1354 561 [sic
1364 519 1434 550 cod.
1452 519 1556 550 Bekk.
1581 520 1678 559 vulgo
1691 517 1906 564 νεοπλυνεῖς]
1921 514 1950 552 τ’
1968 518 2153 555 ἐπενδύτας
2170 522 2273 554 Naua

1291 566 1333 596 fr.
1356 562 1435 598 391.
1465 563 1621 611 ἀνδρεῖον
1647 565 1851 613 χιτωνίσκον
1882 570 2126 610 interpretatur
2151 569 2247 601 Euat.

1293 609 1394 652 1166,
1416 610 1473 645 51.
1500 612 1539 647 τὸ
1566 611 1735 647 ἐσώτατον
1763 612 1894 659 ἱμάτιον
1926 614 2101 662 (χιτώνιον
2127 615 2271 648 dic-end

1290 658 1388 702 erat),
1410 658 1428 692 ὃ
1445 657 1504 693 καὶ
1522 657 1736 706 ὑποκάμισον
1754 658 1888 708 λέγεται
1902 656 1996 694 Sui‘d.
2027 663 2080 694 De
2096 668 2174 694 tono
2192 674 2222 696 v.

1290 716 1323 747 p.
1343 703 1425 746 436,
1450 704 1502 739 10.

1360 759 1368 772 '
1379 761 1406 798 E
1418 775 1443 798 π
1452 775 1468 797 ε
1478 777 1495 798 ν
1507 762 1528 798 θ
1540 776 1557 811 ρ
1568 765 1596 798 ὠ
1607 776 1625 798 σ
1635 777 1656 799 κ
1666 779 1706 799 ω.
1751 767 1888 808 Proprie
1923 768 2042 799 insilio.
2089 760 2274 816 ἐπενθορο

1289 809 1362 845 ἄνω
1388 813 1442 844 Tr.
1465 810 1544 844 917.
1586 813 1670 845 Cum
1699 816 1805 853 figura
1830 816 1936 855 irruo,
1965 816 2083 855 inyruo
2108 815 2149 847 de
2175 817 2266 858 imp·

1289 860 1379 899 gravi
1398 865 1433 891 et
1450 861 1605 893 exitioso.
1636 855 1688 893 ἐπ’
1705 859 1807 894 αὐτὸν
1827 859 2058 908 έπενθρώσκει
2074 861 2092 896 ὁ
2111 859 2193 901 Διὸς
2209 873 2246 910 γε

1288 913 1349 940 τας
1366 907 1424 939 OR
1440 903 1508 938 469
1526 907 1577 939 ch.

1361 961 1627 999 Ἐπεντείνω
1645 965 1783 1007 desuper
1805 967 1955 999 eaetendo.
1984 966 2100 1014 ὥσπερ
2125 962 2191 1015 εἶχ’,
2208 962 2273 1002 ἐπ”

1288 1010 1406 1050 ταθείς
1431 1014 1512 1045 Ant.
1536 1010 1625 1045 1235
1651 1015 1686 1044 in
1708 1023 1815 1045 ensem
1836 1018 2009 1055 protentus
2027 1026 2057 1047 v.
2078 1016 2151 1047 Erf.
2181 1016 2233 1048 De
2258 1040 2269 1055 z

1289 1057 1355 1091 451
1377 1071 1409 1092 v.
1431 1058 1613 1094 ἐπεντύνω.
2007 1060 2040 1105 (I
2057 1073 2091 1104 p.
2112 1059 2181 1095 643
2199 1073 2261 1095 ωι-

1359 1115 1461 1153 Ἔπε
1473 1117 1643 1153 ντέλλω
1660 1120 1794 1151 mando.
1817 1121 1938 1152 fortius
1955 1130 2055 1162 quam
2083 1119 2245 1156 ἐντέλλω.

1290 1160 1363 1213 δῆτ’
1380 1164 1420 1200 ἂν
1437 1164 1524 1200 ἄλλο
1541 1160 1633 1200 τοῦτ’
1651 1164 1866 1205 ἐπεντέλλοις
1886 1166 1951 1209 ἔτι;
1979 1169 2062 1201 Ant.
2082 1165 2164 1201 218.
2266 1166 2268 1170 ’

1332 1286 1346 1292 „
1358 1230 1405 1293 ’,Ε
1416 1248 1463 1270 πε
1474 1229 1574 1296 ντΙύν
1586 1250 1619 1291 ω’
1640 1239 1780 1278 instruo,
1808 1247 1912 1270 armo.
1949 1234 1994 1296 ἥδ
2047 1233 2100 1295 μ’,
2111 1236 2164 1272 ἐπ’
2191 1232 2259 1273 αύτ

1287 1282 1610 1365 Ξξὲίθῗῗξὲἒυῗῗ
1626 1282 2018 1376 ρῗῗιῗέεἷῧῖἷῑέςῗηῖἓι
2042 1284 2203 1375 3133}-
2228 1298 2258 1362 ‘:‘

1291 1373 1500 1412 ἐπεντύνοντ’
1533 1389 1637 1419 (τοι-1.,
1675 1388 1759 1420 quae
1785 1380 1948 1420 scriptura
1975 1381 2073 1422 longe
2102 1381 2219 1421 elegan
2244 1390 2257 1408 f·

1291 1426 1392 1458 schol.
1414 1427 1561 1467 explicat
1579 1423 1636 1459 εύτ
1659 1423 1827 1467 επίζοντα,
1849 1431 1888 1459 ut
1904 1427 2050 1467 Hesych.
2074 1427 2229 1462 ἐπέντυ

1291 1471 1482 1518 εὐτρέπιζεν
1510 1482 1552 1505 ex
1570 1475 1608 1505 ll.
1629 1437 1655 1507 ἐξ
1670 1470 1750 1505 374.
1780 1474 1907 1514 Musgr.
1937 1472 2186 1509 ἐπαντείνοντα.
2234 1478 2241 1490 ·

1290 1520 1435 1552 habilius
1468 1525 1558 1552 certe
1582 1521 1730 1552 Brunck.
1760 1528 1803 1552 ex
1829 1523 2002 1554 nonnullis
2027 1522 2120 1554 codd.
2158 1520 2174 1555 ἐ
2247 1559 2250 1562 ,

1289 1577 1400 1609 νοντα,
1423 1578 1441 1599 a
1459 1568 1560 1600 schol.
1583 1566 1844 1612 ἐπεμβάλλοντα
1860 1574 1895 1600 et
1912 1566 2130 1614 ἐμβάλλοντα
2155 1578 2222 1611 exp
2245 1570 2258 1598 'r‘

1290 1619 1374 1647 tum.
1412 1615 1526 1646 Tertia
1544 1616 1709 1657 scriptura
1726 1617 1760 1647 in
1779 1617 1978 1657 quibusdam
1995 1617 2092 1648 libris
2110 1617 2247 1662 appingi

1291 1660 1537 1696 ἐπεκτείνοντα.

1360 1717 1516 1761 Ἐπεξε
1528 1719 1658 1767 ργάζο
1670 1732 1746 1767 μαι
1763 1721 1909 1764 conficio.
1937 1719 2080 1757 ὀλωλότ’
2095 1716 2222 1769 ἄνδρ’ἐ
2242 1711 2251 1749 ·¹

1289 1767 1437 1814 ειργάσω
1463 1770 1544 1800 Ant.
1569 1765 1658 1800 1288
1675 1779 1720 1800 m.
1748 1770 1868 1810 Inepte
1886 1770 1988 1802 schol.
2010 1768 2213 1816 ἐπέσφαξας.
2244 1811 2247 1817 Δ

1290 1816 1383 1856 dicit,
1412 1816 1583 1848 hominem
1596 1816 1766 1857 perditum
1784 1826 1858 1848 sese
1877 1826 1963 1848 nova
1979 1818 2121 1858 insuper
2137 1818 2233 1860 plaga
2255 1822 2257 1825 ’

1290 1868 1386 1905 cepta
1403 1863 1522 1894 confici
1538 1865 1696 1904 penitus3
1725 1864 1766 1895 de
1785 1874 1851 1905 qua
1868 1865 2038 1896 sententia
2055 1876 2087 1896 v.
2108 1865 2214 1897 Hems
2243 1867 2245 1869 ’

1359 1962 1404 2002 Ἐ
1413 1979 1438 2002 π
1447 1979 1462 2001 ε
1473 1965 1489 2006 ξ
1499 1966 1515 2001 έ
1525 1979 1542 2015 ρ
1551 1979 1575 2014 χ
1586 1980 1603 2002 ο
1614 1981 1638 2013 μ
1646 1980 1687 2002 αι
1707 1979 1894 2010 persequor,
1915 1974 1949 2002 et
1966 1969 2122 2010 faciendo
2146 1970 2226 2012 quid

1289 2061 1479 2109 περαιτέρω
1495 2062 1680 2109 χωρήσεις,
1712 2066 1824 2104 peryis
1848 2066 1915 2104 ita,
1941 2068 1979 2096 ut
1991 2075 2073 2105 prae
2093 2068 2250 2106 proteu-u

1359 2272 1511 2309 **Ἐπέ
1523 2273 1678 2321 ρεσθαι
1697 2278 1906 2315 interroyare.
1926 2273 1985 2309 καί
1998 2274 2026 2310 σ’
2043 2274 2192 2314 οἰκτίσας
2222 2317 2224 2319 ‚
2244 2281 2252 2318 fl

1289 2320 1461 2368 ’πέρεσθαι
1487 2323 1541 2355 OC
1561 2320 1640 2355 557.
1680 2324 1780 2355 Tricl.
1810 2320 1905 2356 θέλω
1931 2321 1960 2356 σ’
1985 2321 2144 2369 ἐρέσθαι,
2172 2318 2253 2366 LA',

1289 2367 1383 2403 θέλω
1400 2380 1431 2403 τι
1451 2367 1599 2416 ἐρέσθαι,
1621 2367 1654 2413 [a
1673 2380 1716 2402 m.
1736 2380 1800 2402 sec.
1824 2366 1975 2416 ἔρεσθαι]
1989 2371 2079 2403 unde
2092 2380 2204 2402 veram

1288 2421 1421 2458 pturam
1441 2417 1565 2457 Reisig.
1588 2418 1688 2449 eruit.
1727 2414 2000 2451 Αὐθυπότακτον
2017 2421 2163 2449 eatenus·
2175 2417 2210 2449 id
2235 2417 2250 2455 ,ζ

1289 2466 1369 2495 bum
1387 2464 1498 2504 dicas,
1528 2465 1614 2505 quod
1638 2474 1798 2505 praesens
1817 2465 1915 2504 vulgo
1932 2474 1998 2496 non
2016 2466 2160 2506 legitur,
2188 2469 2253 2502 sai.

1289 2516 1428 2543 accentu
1448 2521 1543 2543 secus
1562 2522 1598 2542 ac.
1619 2513 1715 2551 vulgo
1733 2513 1771 2543 nt
1788 2512 2005 2543 statuendum
2024 2523 2055 2546 v.
2078 2509 2254 2558 ἔρεσθαιη,

1358 2579 1366 2591 ’
1379 2578 1469 2615 Επέ
1480 2592 1531 2629 ρχ
1542 2593 1560 2615 ο
1571 2593 1626 2627 μοι
1637 2593 1657 2615 ι.
1687 2581 1700 2624 ΙΙ
1725 2582 1862 2623 Proprie
1880 2582 2029 2614 accedere
2041 2606 2050 2623 ‚
2078 2577 2220 2622 myndi,
2240 2571 2243 2582 s

1289 2639 1364 2661 eum
1391 2634 1510 2670 quarto
1526 2639 1616 2670 casu,
1650 2630 1703 2660 vel
1728 2630 1829 2661 nude.
1866 2627 1955 2662 θεῶν
1986 2627 2024 2662 δὲ
2051 2627 2155 2666 ναοὺς

1288 2674 1486 2723 παννυχίοις
1504 2674 1632 2713 πάντας
1652 2674 1856 2720 ἐπέλθωμεν
1870 2678 1942 2708 Ant
1959 2673 2096 2722 1531111.
2116 2675 2165 2723 νῷ
2182 2639 2222 2708 x}
2235 2693 2240 2699 ·

1289 2721 1423 2756 θόντοιν
1442 2721 1569 2768 δόμους
1582 2724 1635 2754 El.
1652 2719 1741 2754 1297
1760 2724 1807 2754 sic
1824 2723 1910 2755 Flor.
1928 2719 1970 2757 Γ;
2001 2720 2218 2757 ἐπελθόντων
2238 2734 2245 2744 ²

1290 2781 1321 2804 οι
1339 2780 1502 2811 super-scr.
1520 2772 1659 2802 fortasse
1674 2771 1714 2801 ab
1729 2771 1761 2803 S.
1797 2769 1855 2803 τὸν
1873 2768 1976 2803 αὐτὸν
1990 2769 2038 2803 εἰς
2053 2768 2158 2804 τόπον
2175 2765 2236 2804 Tr*

1289 2815 1446 2851 ἐπελθών
1466 2819 1520 2849 Αἰ.
1541 2814 1621 2849 438.
1642 2818 1706 2849 Per
1722 2818 1845 2848 tmesin
1862 2811 1954 2851 τοῦτ’
1972 2811 2024 2850 ἐπ’
2047 2815 2143 2864 ἦμαρ
2168 2813 2199 2850 ἔ

1289 2865 1347 2897 OR
1366 2860 1432 2896 199
1449 2865 1501 2896 ch.
1531 2863 1564 2896 id
1582 2864 1649 2895 dies
1673 2864 1873 2904 awo-editur.
1897 2883 1937 2888 -
1972 2864 1986 2906 n
2011 2863 2244 2896 Τηὼιοίῐυι·’

1289 2922 1381 2943 mum
1398 2912 1439 2943 ad
1465 2913 1564 2943 initas
1581 2913 1816 2943 controversias
1839 2912 2085 2950 significandas.
2121 2909 2170 2949 εἰς
2215 2916 2236 2936 »⁸

1290 2957 1404 2992 στάσιν
1436 2952 1562 2992 τοιάνδ’
1588 2955 1743 2992 ἐπελθών
1778 2958 1834 2990 Tr.
1859 2955 1950 2990 1180
1983 2959 2061 2990 dein
2088 2958 2128 2990 ad
2159 2967 2178 2990 1·
2198 2971 2201 2984 κ
2234 2958 2239 2962 ‘

1289 3015 1429 3046 sparsos.
1480 3002 1586 3038 τοιάδ’
1608 3003 1735 3051 ἐρεμνὴ
1771 2999 1835 3051 σῖγ’
1868 3002 2050 3051 ἐπέρχεται
2082 3003 2181 3050 φάτις

1290 3050 1370 3085 700.
1399 3053 1675 3085 Subaudiendum
1688 3057 1802 3084 autem
1814 3050 1944 3089 πάντας
1957 3053 2010 3084 vel
2024 3050 2175 3086 πολίτας.
2214 3055 2237 3091 “;

1291 3100 1331 3131 ad
1348 3099 1558 3140 continyenda·
1575 3100 1758 3131 notionem.
1801 3097 1855 3144 τῷ
1872 3096 1900 3131 δ’
1921 3096 2104 3146 ἐπέρχεται
2120 3097 2216 3146 χαίρε
2233 3102 2242 3108 “

1290 3144 1350 3180 καὶ
1375 3143 1552 3192 στέρεσθαι
1569 3146 1625 3178 Tr.
1649 3143 1714 3178 135
1732 3146 1783 3177 ch.
1820 3147 1989 3178 Postremo
2013 3140 2053 3178 ad
2077 3147 2182 3178 animi
2224 3162 2225 3166 =
2247 3181 2248 3184 Ἴ
2275 3142 2278 3146 ’

1290 3196 1320 3225 et
1338 3193 1544 3235 affectiones,
1564 3194 1600 3224 in
1617 3197 1734 3234 pectus
1760 3202 1832 3224 sese
1858 3194 1953 3234 quasi
1978 3194 2190 3225 insinuantes
2199 3203 2255 3233 ςμ,
2277 3238 2279 3241 ¹
