2288 3600
43 137 274 186 ·...841.]
789 123 871 176 Τοὶ
898 155 960 163 -

41 337 173 376 ’ἕντοι
196 350 228 372 v.
258 336 387 383 μέντοι.
414 337 430 380 ΙΙ

26 432 117 480 μή
141 444 210 467 τοι
243 443 275 464 v.
305 430 422 489 μὴν
642 474 657 488 u

59 490 88 522 ι,
116 477 210 514 οὗτοι
222 506 230 513 .
245 505 252 512 .
266 506 273 514 .
286 489 335 525 γε,
364 489 475 512 ουτοι.
488 504 495 511 .
510 504 516 510 .
530 476 591 523 μή,
621 489 716 512 ουτοι
733 476 783 524 μή
797 503 804 511 .
819 503 826 510 .
840 503 847 510 .
860 475 956 518 ποτέ,

26 523 64 562 ἰ
77 553 86 560 .
99 553 107 562 .
119 524 294 571 οὐδαμῶς,
323 519 398 559 ἀλλ’
416 522 457 559 οὔ
474 536 528 559 τοι
540 551 547 558 .
563 551 570 558 .
587 550 593 557 .
607 536 658 571 γε,
686 536 719 558 v.
741 523 792 559 οὐ.

95 574 314 615 Praeponam
336 573 513 615 particulis
530 572 628 613 longe
647 573 873 614 paucioribus,
894 572 961 603 nisi

27 619 33 646 ''-
50 630 84 659 ο
106 622 197 654 inter
222 621 305 653 duas
321 620 472 652 medium
488 620 598 652 locum
615 623 749 660 teneat,
780 628 958 659 numerem

25 666 29 671 '
48 674 101 706 ’,ο
115 669 400 700 enumeravimus.
422 684 464 690 —
490 666 504 709 ΙΙ
527 664 595 700 τοὶ
620 664 668 700 ἄν
695 676 771 698 οιιιιι
787 667 884 698 iuxta
901 675 961 708 po-

83 742 91 758 ,
118 715 204 748 crasi
220 715 429 756 coalescunt3
459 724 499 746 ea
515 723 591 746 cum
608 714 645 745 in
662 714 758 746 libris
776 717 878 755 saepe
895 721 962 745 non

66 763 293 805 exprimatur,
332 762 390 793 sed
416 761 513 803 quasi
532 761 652 793 vocalis
678 761 841 801 elidatur,
868 757 897 793 τ’
921 756 962 793 ἄν

35 810 191 850 speclea,
219 810 328 841 varios
345 809 424 840 olim
450 817 575 840 errores
592 809 745 850 peperit:
775 809 817 840 cf.
840 807 959 839 Elmsl.

26 877 41 887 >
80 853 181 889 1351.
208 857 242 888 Is
259 859 373 888 tamen
390 855 568 897 aliquando
583 855 709 887 iniuria
726 864 842 886 earum
859 856 965 895 parti-

21 899 31 911 ”
50 914 103 945 fm
115 907 277 946 patronus
294 903 439 943 exstitit,
468 903 564 934 velut
587 901 616 947 γ’
633 899 673 935 ἄν
691 901 749 934 OR
765 898 866 942 1445,
888 911 964 933 cum

43 960 107 991 ue
122 951 216 983 codd.
245 947 273 983 τ’
296 947 337 983 ἄν
362 959 440 991 prae
467 959 502 981 se
519 950 646 989 ferant,
676 946 737 982 τάν
755 949 899 981 correxit
914 945 965 992 [id

29 1004 32 1005 ’
65 997 169 1031 Dind.
212 994 376 1041 recepit];
424 998 550 1028 rectius
580 996 795 1028 Hermannus
829 999 965 1027 secutus

23 1043 45 1086 3
54 1040 93 1080 Γ.
112 1045 179 1077 LB.
199 1044 288 1076 Hinc
300 1048 439 1076 exortus
452 1043 608 1075 Monkius
620 1047 684 1083 est,
714 1044 774 1084 qui
789 1043 843 1075 El.
861 1039 963 1075 1278.

27 1093 45 1130 'ij
59 1111 65 1119 ι
77 1102 95 1125 ν
111 1092 307 1123 restitutum
323 1092 394 1123 ibat
409 1087 484 1128 τᾶν,
504 1091 569 1123 etsi
586 1091 673 1122 nihil
687 1095 750 1130 est,
766 1090 855 1131 quod
872 1091 967 1121 eius-

60 1139 281 1171 mutationem
299 1138 451 1170 suadeat.
488 1135 588 1184 χερσὶ
611 1133 672 1170 τᾶν
698 1135 803 1182 θιγὼν
829 1135 965 1181 toxotis

74 1195 160 1232 σφας
185 1185 242 1217 OB
262 1181 362 1218 1469.
391 1181 419 1218 δ’
438 1182 479 1218 ἄν
505 1185 598 1217 codd.
620 1188 654 1216 et
671 1184 771 1216 Tricl.
792 1182 854 1218 τᾶν
874 1184 933 1215 LA
951 1194 969 1215 a

35 1233 138 1270 'tiore
151 1241 264 1270 manu,
293 1230 332 1265 οὐ
346 1229 406 1266 τᾶν
418 1229 557 1275 (οὐτάν)
573 1227 647 1265 ποτ’
665 1230 780 1277 ὀμφῆς
797 1234 862 1310 τῆξ
879 1229 969 1276 ἐμῆς

39 1280 63 1320 1⁴·
110 1290 129 1313 ο
146 1279 201 1312 OC
222 1276 323 1312 1351.
353 1275 443 1316 Ζεὺς
459 1276 520 1312 τᾶν
540 1276 690 1324 συνέγνω
708 1279 763 1311 Tr.
783 1276 830 1310 27
858 1303 866 1310 .
894 1278 969 1309 Eli-

32 1325 66 1371 ἠ,
79 1335 166 1368 quae
182 1327 365 1367 ferebatur,
394 1336 436 1358 ne
454 1326 545 1359 Pors.
565 1327 702 1367 quidem
719 1326 760 1358 ad
776 1326 864 1358 Med.
885 1321 966 1357 863.

35 1401 42 1418 ,
64 1374 142 1406 aes.
171 1373 194 1405 Ι.
216 1383 244 1406 c.
266 1374 421 1406 commoti
440 1378 531 1405 sunt.
570 1371 672 1419 φύγοι
694 1370 756 1406 τᾶν
780 1372 835 1419 χώ
861 1371 970 1409 κακὸς

35 1420 46 1462 ,’
57 1417 212 1466 ρείσσονα
229 1421 284 1452 Ai.
300 1417 380 1453 456.
402 1424 476 1462 post
493 1420 565 1452 Erf.
583 1421 761 1452 scribitur:
792 1421 852 1452 LA
868 1413 897 1466 γ’
914 1416 967 1453 ἄν.

36 1465 103 1514 ’γὲ
117 1468 214 1500 iuxta
231 1472 267 1500 et
282 1465 340 1500 καί
360 1468 508 1509 positum
525 1468 669 1500 otiosum
687 1471 751 1500 est.
787 1466 916 1513 πρέπον
933 1477 971 1512 γε

34 1530 65 1550 ιη
105 1512 268 1559 δαίμονος
290 1512 422 1559 τούμοῦ
437 1512 518 1548 τάδε
535 1511 616 1546 534.
643 1511 672 1548 τ’
695 1512 738 1559 ἦν
761 1511 802 1548 ἄν
820 1515 967 1547 Brunck.

58 1565 296 1594 ·ntroversum
321 1565 373 1593 est
397 1559 488 1607 ἔρροι
507 1558 535 1594 τ’
561 1558 601 1595 ἂν
627 1559 732 1598 αἰδὼς
757 1559 918 1596 ἁπάντων
943 1558 972 1595 τ’

47 1613 61 1632 ἕ’
77 1619 111 1643 ια
127 1605 262 1642 θνατῶν
280 1608 335 1640 ΕΙ.
356 1605 437 1640 249.
474 1609 665 1641 Eximenda
690 1609 790 1650 plane
816 1614 897 1641 sunt
914 1609 969 1640 ΕΙ.

39 1655 128 1697 ἐμοὶ
149 1653 209 1689 τάν
236 1657 315 1688 ferri
334 1665 400 1688 non
418 1659 551 1696 potest,
579 1659 614 1688 et
634 1652 735 1695 1278,
764 1657 805 1688 de
825 1666 890 1697 quo
906 1658 973 1688 iam

38 1712 120 1750 uns.
156 1703 253 1735 Adde
279 1701 376 1736 ἐπεὶ
400 1700 477 1736 τᾶν
504 1701 543 1736 οὐ
561 1701 695 1748 μακρὰν
722 1700 808 1742 ἔζων
828 1702 896 1750 ἐγώ
914 1703 968 1735 El.

38 1747 131 1788 ,ΒΑ
165 1747 268 1783 ἔπειτ’
294 1747 345 1791 ἄν,
383 1751 589 1792 adscriptum
613 1754 727 1782 autem
762 1761 806 1782 m.
835 1760 900 1782 rec.
931 1751 973 1782 ad

52 1805 145 1829 ⁴‘uem
170 1795 244 1830 ἐπεί
265 1807 318 1830 τοι
342 1794 382 1830 ἄν
395 1822 403 1837 ,
433 1797 523 1829 haud
540 1797 642 1829 dubie
659 1799 700 1829 ab
717 1807 767 1839 eo,
788 1799 847 1839 qui
865 1799 973 1830 crasin

43 1846 192 1876 turus
211 1848 312 1876 esset.
352 1842 375 1889 ἦ
408 1842 480 1878 τᾶν
507 1841 685 1876 001366.
725 1842 887 1889 μεντᾶν
914 1846 970 1877 Ai.

73 1895 123 1924 nt.
139 1888 219 1924 687.
246 1889 318 1924 τοὶ
334 1889 401 1936 ἄρα
418 1892 453 1923 in
470 1889 556 1937 τᾶρα
574 1892 739 1932 coalescit,
759 1893 872 1932 ipsum
889 1901 972 1933 quo-

38 1962 51 1978 ¹
65 1939 88 1970 b
103 1939 222 1979 Anglis
239 1942 314 1980 post
330 1939 534 1970 Elmsleium
551 1939 591 1970 ad
604 1939 709 1971 Arist.
727 1939 870 1972 Acharn.
889 1935 969 1971 323.

55 1984 57 1987 ’
78 1985 143 2018 ndo
167 1986 292 2017 iniuria
307 1986 419 2026 poetis
438 1986 561 2018 Atticis
578 1986 674 2017 reddi
698 1987 793 2018 solet.
829 1986 891 2018 Pro
906 1984 974 2019 τοὶ

25 2033 66 2079 *9
93 2041 177 2074 quae
195 2033 448 2065 Kuehlstaedtii
464 2033 638 2065 sententia
655 2034 764 2065 fuisse
782 2033 916 2065 videtur
931 2034 973 2065 de

65 2082 106 2125 tr.
127 2089 161 2121 p.
174 2076 231 2120 44,
252 2080 318 2112 dici
335 2089 402 2112 non
420 2083 541 2121 potest,
564 2080 651 2121 quod
668 2077 735 2126 ἄρα
760 2081 974 2121 interrogati-

43 2126 131 2159 nisi
146 2127 340 2168 alloquendi
356 2128 512 2159 formulis
529 2136 682 2168 perraro,
704 2128 880 2169 particulis
898 2131 973 2160 ato-

27 2180 29 2182 ·
47 2176 94 2211 snt
109 2174 276 2206 encliticis
295 2184 470 2215 nunquam
486 2175 710 2215 postponitur.
738 2174 807 2207 Nec
824 2184 973 2216 unquam

9 2218 23 2255 ,⁴
43 2221 174 2261 „scribi
199 2221 355 2262 debebit;
386 2231 463 2252 nam
488 2222 554 2253 etsi
578 2222 790 2253 verissimum
815 2225 868 2254 est
891 2219 970 2267 ἄρα,

11 2269 24 2311 f⁴
48 2304 53 2315 .
70 2275 155 2307 onga
166 2268 294 2307 syllaba
306 2277 390 2310 opus
409 2269 463 2308 sit,
484 2277 544 2310 pro
557 2266 624 2313 ἄρα
641 2269 749 2310 poetis
764 2269 886 2300 Atticis
905 2278 973 2301 non

9 2310 53 2349 ζ’
93 2315 267 2356 usurpari,
296 2318 409 2347 tamen
426 2315 623 2357 producitur
648 2327 670 2348 α
695 2316 730 2346 in
747 2313 836 2360 τᾶρα
854 2325 974 2348 neces-

44 2392 51 2398 ,,
73 2365 211 2404 propter
232 2363 339 2394 crasin
361 2363 479 2394 factam
492 2386 500 2402 ‚
530 2363 664 2394 etiamsi
681 2363 717 2394 in
734 2359 800 2408 ἄρα
817 2364 974 2405 corripia-

9 2408 137 2447 misi
160 2409 267 2448 igitur
283 2410 384 2441 etiam
400 2407 526 2446 τοῦπος
545 2414 579 2441 et
603 2407 747 2455 τοῦργον
764 2411 969 2451 probaveris,

15 2451 214 2498 “j‘abiicies.
247 2455 339 2494 Quae
358 2457 439 2489 Lob.
460 2457 538 2488 olim
555 2457 596 2488 ad
613 2456 796 2488 Porsonum
812 2455 869 2500 (ad
881 2457 970 2490 Med.

16 2510 19 2512 “
58 2515 63 2541 2
71 2503 288 2535 refutandum
314 2504 468 2545 scripsit,
496 2507 638 2535 eatenus
656 2513 736 2536 vera
753 2508 855 2545 sunt,
884 2504 974 2545 quod

13 2572 15 2574 -
136 2546 165 2582 τ’
181 2547 248 2596 ἄρα
271 2551 474 2583 defendebat
487 2575 495 2591 ,
523 2551 565 2582 de
583 2551 801 2592 productione
819 2555 894 2593 post
911 2552 974 2583 eli-

12 2598 17 2631 ’.
63 2599 81 2622 ’·
112 2610 115 2623 2
138 2605 191 2628 em
209 2606 368 2638 securus;
399 2601 510 2630 cetera
532 2598 685 2639 quamvis
698 2598 892 2630 dubitanter
909 2599 974 2630 im-

77 2643 127 2679 vit
158 2644 287 2677 Buttm.
308 2655 356 2685 gr.
378 2645 454 2676 mai.
491 2655 524 2686 p.
549 2641 626 2676 124.
657 2648 727 2676 not.
748 2642 801 2688 **)
833 2648 868 2676 et
885 2645 975 2677 haud

17 2696 23 2732 '⁴
47 2727 54 2737 ι
82 2691 196 2724 aLob.
217 2691 346 2723 dudum
368 2692 554 2732 improbata
571 2694 662 2723 sunt.
704 2691 804 2723 Certa
821 2693 976 2733 exempla

3 2735 59 2771 ’,
82 2740 156 2771 unt.
189 2736 399 2784 χ’ωρήσομαι
414 2736 497 2784 τᾶρ’,
527 2736 625 2782 οἷπερ
645 2736 792 2783 ἐστάλην
819 2736 900 2772 ὁδοῦ
918 2739 971 2771 ΕΙ.

49 2780 278 2818 sumamma
293 2782 367 2830 τᾶρ’
386 2784 402 2818 ἐ
425 2785 453 2818 ώ
471 2785 526 2818 OC
546 2782 647 2817 1442.
684 2785 779 2817 Adde
797 2782 926 2831 οὐτᾶρα
945 2796 972 2818 s.

47 2828 49 2832 '
75 2847 99 2858 ιι
126 2831 182 2863 Tr.
204 2828 283 2864 322.
306 2832 366 2865 Ph.
391 2797 491 2864 1253.
528 2832 748 2865 Scribendum
764 2829 852 2877 τᾶρα
868 2833 977 2865 videri

73 2873 145 2911 ¹68.
171 2879 209 2911 in
232 2889 264 2912 v,
289 2876 357 2925 ἄρα
380 2880 540 2912 diximus.
587 2879 654 2911 Sed
679 2880 807 2911 iniuria
831 2881 921 2913 Reis.
943 2883 977 2912 et

78 2949 87 2959 .
112 2922 199 2971 τᾶρα
222 2927 417 2958 intulerunt
443 2925 498 2959 OG
516 2923 596 2959 534.
628 2943 735 2957 -.-
758 2925 774 2968 ΙΙ
796 2924 972 2973 τοίγαρ,

20 2966 51 2983 ’
74 2990 77 2996 ι
97 2974 197 3018 ροῦν
232 2977 266 3004 et
295 2970 407 3006 τοίνυν
433 2974 559 3015 quippe
594 2974 635 3004 ab
661 2973 759 3004 initio
784 2974 976 3006 sententiae

16 3025 18 3033 ’
46 3021 59 3063 ξ
81 3015 285 3061 *quanquam
308 3017 419 3053 τοίνυν
453 3029 525 3052 raro
548 3018 596 3063 (v.
628 3020 707 3052 Lob.
736 3020 777 3052 ad
794 3020 918 3060 Phryn.
939 3030 973 3062 p.

21 3065 181 3152 {jffpoi'lita
192 3091 200 3106 ,
229 3067 284 3146 {ui
301 3067 384 3099 iuris
402 3068 560 3145 vocabulla
577 3067 733 3146 iubetpnigs
752 3068 977 3146 οεεὲὴνρἑιέ-

22 3117 63 3137 '¹⁵‘
141 3111 208 3146 τοὶ
264 3116 406 3147 ”’τα...
448 3115 794 3147 emaescrieatur
865 3139 871 3146 .
967 3139 974 3146 .

22 3152 74 3197 L
127 3157 170 3205 δὴ
199 3124 301 3194 τανῖίν
330 3171 367 3206 γε
395 3126 559 3202 εέΡαι-ιιῐὶσ
577 3161 662 3192 male
689 3161 815 3192 iunctis
841 3162 978 3201 syllabis

20 3242 32 3302 {L
56 3284 65 3290 „
82 3252 241 3286 >Praeter
258 3263 316 3295 ea,
345 3264 430 3296 quae
448 3255 516 3287 iam
541 3255 611 3286 suis
629 3255 710 3287 locis
727 3254 915 3295 tetigimus,
938 3255 979 3287 de

76 3300 265 3341 scriptura
282 3301 528 3342 disputandum
546 3302 674 3342 paucis.
716 3303 843 3342 Aperte
860 3302 979 3334 vitiose

22 3358 75 3394 εὖ
106 3346 194 3379 Alet.
216 3348 256 3379 fr.
278 3344 335 3388 93,
355 3345 400 3380 2:
425 3345 475 3385 τίς
506 3346 549 3394 δή
580 3344 652 3382 ποτ’
686 3345 789 3393 ὄλβον
817 3345 841 3393 ἢ
874 3346 979 3395 μέγαν

23 3394 26 3412 1
223 3390 247 3439 ἢ
277 3394 418 3442 σμικρὸν
445 3393 469 3440 ἥ
493 3405 563 3429 τοι
588 3393 753 3440 μηδαμοῦ
770 3392 976 3440 τιμωμένον.

91 3472 96 3480 ·
133 3458 222 3496 soph.
240 3461 280 3488 11.

24 3426 28 3460 ι

25 3511 32 3564 ’ί

988 122 1176 176 Τοιόσδε
1238 126 1241 130 ’
1915 122 2014 174 737

184 245 349 279 eiusmodi
373 243 631 276 consociationes
657 243 733 275 aliis
751 243 832 276 locis
850 252 956 284 quae·
992 243 1063 274 Hoc
1075 243 1166 274 enim
1179 246 1254 283 post
1267 239 1408 287 σμικρόν
1425 241 1558 273 illatum
1573 241 1674 281 plane
1687 242 1892 273 contrarium
1905 241 2005 283 quid-

34 287 88 326 ⁴·:
119 293 135 336 ΙΙ
161 290 273 327 ἀλλά
303 295 338 324 et
361 288 474 325 ἀλλά
504 300 549 335 γε
575 288 728 335 μέντοι
764 301 795 322 v.
826 287 952 336 μέντοι,
993 291 1069 322 dam
1086 290 1277 330 exspectari
1294 290 1400 320 iubet.
1429 284 1624 331 Ceterumfi
1641 287 1876 321 ’torBrunckio
1889 289 2005 320 deberi

453 335 603 371 καίτοι
629 347 657 369 s.
684 334 743 370 καί
758 348 812 371 τοι
829 348 860 370 v.
881 337 904 370 l.
926 346 954 369 c.
994 341 1075 379 puto
1101 337 1234 368 articuli
1258 336 1428 375 eleganter
1460 335 1540 367 dicti
1566 335 1700 375 ignaro,
1737 345 1790 377 ap.
1827 334 2009 368 stobaeum

37 398 49 412 -ι
72 397 111 434 γε
126 386 208 420 ibid.
229 383 241 431 ΙΙ
258 384 430 431 μέντοι,
461 381 595 429 μεντᾶν,
623 381 739 429 μέντοι
755 395 793 430 γε
820 395 851 417 v.
874 382 959 428 μὲν-
994 384 1087 416 enim
1105 384 1199 415 nulla
1215 393 1292 415 cum
1309 384 1496 424 scripturae
1514 382 1740 423 discrepantia

423 429 447 477 ή
473 430 526 465 τοί
546 441 584 476 γε
610 431 691 463 ibid.
719 431 734 474 ΙΙ
759 427 806 465 οὔ
830 442 900 464 τοι
925 434 959 462 et
995 434 1062 463 tur.
1090 430 1222 462 Deinde
1240 430 1296 462 OG
1313 426 1394 462 500.
1422 439 1482 471 pro
1501 426 1537 462 ἐν
1553 427 1596 463 τά
1622 439 1651 462 ει
1667 440 1706 462 τι
1723 438 1912 475 πρασσετον
1930 430 2012 462 Bor-

1829 380 1874 416 τό
1882 393 1900 415 ν
1926 382 2011 424 legi-

997 487 1087 510 nem.
1112 478 1154 509 ad
1178 477 1269 509 Xen.
1298 475 1450 518 Sympos.
1480 487 1514 518 p.
1542 473 1589 508 20
1616 502 1623 509 .
1654 486 1721 510 τοι
1748 477 1955 518 corrigebat,
1983 475 2015 510 τι

998 524 1198 564 languidum
1215 529 1327 565 ratus;
1357 524 1444 565 quod
1464 533 1529 556 non
1548 533 1633 565 opus
1650 524 1810 556 refutare.
1857 524 2016 566 Denique

1000 573 1059 604 LA
1076 581 1120 603 m.
1138 581 1205 604 sec.
1227 575 1262 603 et
1279 580 1392 613 apogr.
1413 572 1571 612 pleraque
1590 567 1664 604 ἀλλ’
1682 568 1787 615 ἐξερῶ
1803 581 1857 604 τοι
1873 572 1940 604 πᾶν
1959 570 2014 603 ΕΙ.

999 615 1078 659 378,
1109 619 1198 660 quod
1225 628 1291 650 non
1317 619 1485 660 ineptum,
1515 619 1582 650 nisi
1600 619 1722 650 melius
1740 618 1822 659 quid
1838 622 2013 659 prostaret,

1000 664 1068 699 σοὶ
1093 666 1184 698 enim
1202 666 1261 698 LA
1278 676 1322 698 m.
1344 675 1395 707 pr.
1737 663 1790 709 (11
1807 674 1842 706 p.
1862 662 1943 707 840,
1965 662 2019 710 6.)

1071 721 1210 770 Τοίγα
1263 725 1376 763 iqitur,
1395 723 1551 764 proinde.
1581 723 1666 756 Cum
1683 723 1811 765 futuro.
1847 723 1945 771 τοίγα
1966 735 2019 758 τοι

1003 733 1240 815 ...akobis-‘zie'
1277 767 1417 815 ὑπάρξει
1443 772 1525 803 Ant.
1547 768 1612 803 931
1634 780 1688 803 an.
1734 769 1853 818 τοίγαρ
1881 734 2019 817 notgero»

1001 819 1056 851 Tr.
1077 815 1177 850 1249.
1206 816 1324 864 τοίγαρ
1347 816 1386 851 τὸ
1412 815 1531 851 λοιπὸν
1561 815 1747 863 εἰσόμεσθα
1765 819 1828 862 μὲν
1845 816 1941 856 θεοῖς
1966 817 2019 852 εἵ-

999 877 1069 900 ιιειν
1088 866 1143 898 Ai.
1165 861 1245 898 666.
1282 863 1398 912 τοίγαρ
1415 862 1458 897 τὰ
1475 864 1537 910 μὲν
1556 863 1698 905 δόξαντα
1715 863 1864 911 δηλώσω
1881 866 1934 898 ΕΙ.
1954 862 2013 898 29.

1002 913 1088 945 Οιιιιι
1105 914 1321 954 imperativo:
1347 909 1463 958 τοίγαρ
1482 911 1521 946 σὺ
1541 910 1632 951 δὲξαι
1657 923 1699 959 με
1716 913 1767 946 ΕΙ.
1793 910 1893 946 1165.
1934 913 2020 946 Cum

1001 962 1149 1001 optativo
1166 969 1240 991 vero
1253 971 1263 990 :
1286 958 1404 1006 τοίγαρ
1423 958 1460 993 σέ
1485 953 1514 992 τ’
1538 957 1639 993 αὐτὸν
1651 985 1658 991 .
1673 985 1679 992 .
1696 952 1834 998 .”Ηλιος
1852 958 1930 1006 δοίη
1947 958 2020 1005 βίον

1000 1009 1155 1040 τοιοῦτον
1173 1004 1244 1040 οἷον
1261 1004 1355 1051 κάμὲ
1372 1005 1519 1087 γηράναι
1537 1005 1620 1040 ποτέ
1638 1006 1693 1040 00
1710 1004 1792 1040 868.
1819 1005 1937 1054 τοίγαρ
1957 1017 2020 1054 σφε

1005 1079 1012 1087 .
1030 1080 1037 1087 .
1058 1052 1206 1091 ,κακοὺς
1239 1057 1358 1091 κακῶς
1391 1064 1415 1099 φ
1442 1052 1564 1099 είρειαν
1592 1055 1646 1087 Ai.
1669 1051 1771 1086 1389.
1809 1054 1895 1086 Cum
1918 1064 2021 1095 prae-

1002 1105 1111 1134 sente.-
1143 1099 1242 1146 τοίγα
1289 1095 1317 1133 σ’
1343 1099 1361 1135 ὁ
1386 1098 1520 1146 δαίμων
1544 1099 1615 1134 είσο
1641 1100 1664 1147 ξι
1690 1099 1753 1146 μὲν
1780 1098 1820 1134 οὗ
1843 1099 1876 1135 τί
1900 1112 1956 1135 πω
1974 1101 2022 1139 ὡς

1004 1146 1127 1182 αὐτίκα
1143 1147 1198 1180 OC
1219 1146 1246 1180 1·
1264 1145 1321 1182 70.
1347 1145 1466 1193 τοίγαρ
1483 1146 1522 1182 τὸ
1541 1147 1599 1181 σὸν
1642 1146 1779 1195 άκημα.
1796 1176 1803 1183 .
1820 1159 1863 1182 ,ιι
1886 1150 2023 1182 ατοῦσιν

1007 1192 1108 1228 1380.
1145 1193 1262 1241 τοίγαρ
1281 1192 1322 1228 δι’
1341 1192 1448 1242 ὀρθῆς
1465 1193 1569 1241 τήνδε
1585 1193 1794 1241 ναυκληρεῖς
1819 1193 1863 1229 πό
1889 1207 1917 1229 ιν
1938 1198 2018 1229 Ant.

1006 1239 1086 1276 994.
1115 1254 1146 1274 v.
1168 1252 1193 1274 s.
1221 1239 1440 1287 ναυκληρέω.
1467 1240 1586 1288 τοιγὰρ
1613 1239 1667 1276 Ἰὼ
1686 1241 1740 1276 δεῖ
1757 1240 1903 1289 φυλάξαι
1921 1243 2019 1275 Herc.

1007 1290 1111 1322 Taen.
1133 1291 1173 1323 fr.
1194 1286 1275 1321 217.
1304 1289 1359 1322 Sic
1373 1290 1499 1322 Dind.:
1520 1290 1690 1322 Athenaei
1707 1290 1785 1323 libri
1802 1287 1835 1323 9.
1856 1300 1889 1331 p.
1907 1287 1976 1322 375
1986 1290 2019 1323 d.

1005 1335 1210 1384 τοιγαριώδη
1230 1333 1388 1381 φυλάξαι.

1077 1403 1134 1441 Το
1147 1418 1217 1453 ιγα
1228 1417 1245 1453 ρ
1256 1418 1274 1440 ο
1285 1409 1304 1440 ῦ
1316 1418 1334 1439 ν
1350 1406 1489 1447 proinde
1499 1408 1612 1447 iyitur.
1634 1406 1720 1439 Cum
1729 1407 1847 1448 futuro
1859 1417 1870 1438 :
1887 1417 2025 1453 τοιγαρ-

1009 1457 1068 1488 οῦν
1093 1452 1201 1494 τεύξει
1225 1452 1318 1500 τάχα
1344 1454 1402 1496 OB
1421 1451 1521 1486 1519.
1558 1455 1644 1487 Cum
1666 1457 1862 1495 praesente:
1887 1464 2026 1500 τοιγαρ-

1009 1504 1068 1535 οῦν
1086 1527 1093 1533 .
1110 1526 1117 1534 .
1134 1526 1141 1533 .
1161 1499 1199 1534 εὖ
1226 1505 1343 1547 φρονῶ
1366 1499 1410 1535 τὰ
1436 1499 1480 1534 σά
1501 1502 1556 1534 Ai.
1578 1498 1657 1534 490.
1694 1501 1781 1534 Cum
1806 1503 2023 1542 imperativo:

1008 1547 1335 1635 τοἰιγοιροῦέὃτὸΕιῖὸν1
1367 1548 1470 1628 ρέσον
1496 1551 1638 1595 πρᾶγμα
1655 1549 1717 1581 Ph.
1739 1545 1820 1581 341.
1846 1550 2026 1595 τοιγαροῦν

1011 1607 1060 1629 σω
1085 1607 1124 1629 ου
1142 1608 1162 1629 τ
1206 1607 1222 1629 ε
1288 1621 1295 1628 .
1413 1621 1421 1628 .

1079 1651 1213 1688 Τοίνῦ
1221 1665 1239 1686 ν
1266 1657 1378 1695 iyitur.
1415 1651 1537 1688 τούτου
1555 1652 1604 1701 χά
1627 1665 1656 1687 ιν
1681 1651 1794 1688 τοίνυν
1814 1664 1851 1687 σε
1869 1651 2023 1696 προσθέ-

1010 1699 1089 1735 σθαι
1106 1699 1214 1739 πέλας
1257 1701 1348 1749 ώρας
1366 1699 1505 1736 θέλουσι
1523 1701 1578 1734 OG
1616 1698 1674 1734 04.
1701 1698 1822 1745 ἄπειμι
1837 1699 1951 1735 τοίνυν
1969 1702 2022 1734 ΕΙ.

1012 1746 1115 1783 1050.
1143 1749 1201 1780 OR
1217 1712 1297 1782 4324.
1332 1753 1401 1782 τῶν
1420 1746 1529 1782 Λαΐου
1546 1746 1658 1803 τοίνυν
1675 1759 1725 1786 τις
1741 1746 1785 1793 ἦν
1825 1747 2026 1794 εννημάτων

1012 1793 1115 1828 1167.
1151 1797 1219 1829 πᾶν
1243 1794 1376 1837 τοίνυν,
1405 1795 1435 1829 εί
1458 1795 1517 1829 καὶ
1541 1798 1624 1830 τοῦτ
1657 1793 1761 1840 ἔτλη,
1788 1806 1811 1828 κ
1834 1793 1888 1829 ύοι
1911 1806 1962 1834 τις
1987 1792 2028 1829 ἂν

1011 1843 1066 1875 Tr.
1081 1840 1138 1875 71.
1165 1845 1306 1877 τοιαῦτα
1320 1842 1434 1878 τοίνυν
1451 1841 1595 1888 εἰσορῶν
1614 1840 1811 1888 ὑπέρκοπον
1828 1840 1937 1888 μηδὲν
1955 1840 2030 1876 ποτ’

1010 1889 1131 1936 εἴπῃς.
1148 1916 1155 1923 .
1171 1889 1273 1928 ,ἔπος
1299 1891 1355 1925 Ai.
1377 1887 1456 1923 127.
1487 1908 1528 1914 -
1554 1890 1822 1931 Adsigniflcatur
1848 1891 1931 1922 lenis
1955 1900 2031 1922 cum

1011 1937 1241 1978 indiynatione
1258 1940 1365 1970 irrisio
1377 1949 1388 1968 :
1414 1935 1456 1970 τὰ
1473 1934 1591 1982 λῷστα
1608 1935 1718 1971 τοίνυν
1735 1935 1842 1970 ταῦτά
1866 1932 1899 1980 μ’
1917 1934 2028 1983 ἀλγύ-

1009 1995 1058 2018 νει
1083 1982 1189 2018 πάλαι
1206 1985 1264 2017 OR
1291 1981 1393 2018 1067.
1429 1985 1565 2025 Optima
1589 1985 1786 2026 cupientem

1803 1984 1931 2026 Oedipo
1950 1994 2026 2016 sese

1011 2032 1151 2064 suadere
1170 2033 1304 2064 dixerat
1320 2034 1463 2064 Iocasta.
1796 2049 1798 2051 v

1079 2099 1108 2137 T
1119 2105 1187 2136 οῖο
1198 2114 1214 2140 ς
1231 2103 1319 2135 talis.
1348 2103 1389 2134 In
1403 2102 1564 2134 diverbiis
1582 2102 1687 2144 semel
1702 2102 1829 2142 legitur
1846 2102 1901 2133 Αἰ.
1921 2098 2017 2134 562.;

1009 2151 1104 2183 τοῖον
1122 2147 1282 2194 πυλωρὸν
1308 2147 1447 2196 φύλακα
1463 2145 1615 2206 Τεῦιιρον
1639 2146 1727 2195 ἀμφί
1745 2158 1798 2182 σοι
1825 2145 1949 2193 λείψω.
1986 2150 2025 2180 In

1898 2253 2029 2335 τ’ζὲἐέἷῖ

1010 2338 1068 2370 Ai.
1088 2335 1154 2370 251
1176 2339 1232 2370 ch.
1259 2336 1339 2372 τοῖά
1357 2335 1696 2382 μοι...άνεστέναζες
1721 2334 1894 2383 ὠμόφρων
1921 2335 2029 2385 ἐχθο-

1011 2382 1086 2418 δόπ’
1110 2379 1299 2431 Ἀτρείδαις
1325 2386 1380 2417 Ai.
1401 2381 1469 2416 929
1487 2385 1540 2416 ch.
1571 2401 1613 2407 —
1635 2384 1775 2417 Oenom.
1801 2385 1843 2416 fr.
1870 2381 1958 2425 421,
1992 2382 2024 2416 1.

1010 2197 1591 2280 {¹3¹1}ss&egsssssffiffizt‘i
1621 2194 1753 2276 ἵρῗέἔν
1777 2194 2028 2276 ἷξὲἐχε“’μ”

1010 2302 1069 2337 γος
1086 2292 1170 2323 Ant.
1195 2288 1262 2323 124
1279 2292 1332 2323 ch.
1368 2288 1462 2328 τοίας
1481 2254 1675 2335 ἐρέσσδίιῖιν
1693 2240 1897 2327 ἀπειλὰςξᾚ

1009 2434 1083 2464 iure
1097 2433 1244 2464 Brunck.
1265 2432 1401 2464 videtur
1418 2432 1595 2473 scripsisse
1611 2428 1705 2464 τοίαν
1725 2427 1845 2477 Πέλοψ
1858 2456 1865 2463 .
1880 2457 1887 2465 .
1904 2457 1911 2464 .
1923 2428 2026 2477 ’ίυγγα

1010 2476 1223 2525 θηρατηρίαν
1286 2477 1359 2526 ἔχει
1374 2488 1434 2520 pro
1450 2475 1576 2513 τοιάνδ’
1602 2475 1637 2510 ἐν
1654 2475 1742 2524 ὄψει.
2008 2491 2011 2493 “

1081 2546 1269 2583 Τοιόσδε
1290 2550 1378 2581 talis.
1415 2552 1431 2588 ΙΙ
1462 2549 1622 2580 universe
1644 2549 1687 2580 de
1709 2550 1757 2580 rei
1772 2548 1953 2581 hominisve
1970 2552 2030 2580 aut

1011 2595 1123 2636 forma
1142 2601 1201 2629 aut
1218 2596 1328 2628 indole
1344 2605 1383 2635 ac
1399 2597 1537 2628 ratione.
1566 2593 1654 2628 ὅπου
1667 2589 1729 2628 ’στ’
1747 2593 1898 2629 ἐνταῦθα
1915 2594 2028 2630 δίστο-

1013 2653 1077 2687 μος
1107 2641 1216 2688 πέτρα
1243 2641 1359 2676 τοιάδε
1391 2643 1452 2675 Ph.
1477 2640 1530 2675 17.
1560 2640 1658 2688 φίλος
1687 2638 1712 2687 γ’
1746 2641 1815 2682 ὤν,
1843 2642 1898 2689 χώ
1926 2640 2028 2688 λόγος

1003 2688 1144 2723 γτοιόσδε
1163 2701 1228 2735 μου
1251 2687 1355 2722 1385.
1384 2686 1512 2723 τοιάνδ’
1529 2686 1566 2723 ἕδ
1590 2701 1629 2722 αν
1643 2689 1701 2722 OR
1717 2686 1772 2722 13.
1801 2688 1869 2735 ἐγὼ
1888 2689 1950 2735 μὲν
1969 2687 2028 2723 οὖν

1011 2735 1163 2771 τοιόσδε.
1179 2763 1186 2770 .
1202 2763 1209 2770 .
1226 2735 1409 2783 σὺμμαχος
1439 2734 1534 2770 πέλω
1587 2733 1642 2769 44.
1682 2734 1736 2769 διὰ
1763 2734 1872 2782 τύχης
1901 2733 2030 2771 τοιᾶσδ’

1014 2782 1074 2816 ίών
1092 2782 1171 2817 773.
1200 2782 1240 2818 τό
1267 2795 1290 2829 η
1314 2781 1431 2817 τοιάδε
1449 2781 1527 2816 777.
1557 2780 1717 2817 *τοιόσδε
1742 2780 1768 2816 δ’
1795 2782 1903 2830 ἐκφύς
1924 2780 2024 2816 1084.

1016 2829 1106 2872 [secl.
1128 2832 1232 2864 Dind.
1286 2828 1408 2864 τοιόνδ’
1441 2828 1574 2876 ἀλήτην
1605 2830 1660 2862 OG
1688 2827 1743 2862 50.
1791 2828 1913 2864 τοιόνδ’
1947 2828 2028 2875 ἐμὸν

1013 2876 1175 2924 φρόνημα
1199 2881 1280 2911 Ant.
1301 2874 1383 2910 207.
1416 2875 1522 2911 τοιάδ’
1537 2902 1544 2909 .
1561 2902 1568 2909 .
1583 2902 1591 2909 .
1609 2875 1790 2924 ἐπέρχεται
1844 2877 1918 2916 άτις
1943 2874 2023 2909 700.

1012 2923 1150 2970 τοιᾷδε.
1167 2950 1174 2957 .
1191 2924 1300 2971 ,νόσῳ
1334 2922 1414 2957 732.
1459 2923 1630 2969 *τοιῷδε.
1646 2950 1653 2957 .
1670 2923 1786 2969 ,νόμῳ
1846 2922 1900 2957 13.
1928 2922 2025 2968 [secl.

1013 2971 1132 3015 Dind.]
1161 2971 1291 3006 τοιόνδε
1308 2969 1466 3018 χρησμόν
1483 2972 1538 3004 ΕΙ.
1558 2968 1613 3004 38.
1651 2968 1744 3017 λόγῳ
1759 2969 1797 3004 δὲ
1813 2975 1890 3019 χρῶ
1906 2969 2029 3016 τοιῷδε

1013 3014 1071 3050 44.
1098 3017 1222 3053 τοιοῦδ’
1248 3017 1369 3065 ἀνδρός
1387 3019 1447 3050 Ph.
1468 3015 1549 3050 235.
1578 3011 1644 3052 εἴθ’
1670 3016 1800 3064 ὤφελες
1825 3017 1940 3052 τοιάδε
1965 3016 2028 3062 τὴν

1013 3065 1153 3112 γνώμην
1171 3063 1257 3100 εἶναι
1280 3067 1334 3099 ΕΙ.
1358 3062 1460 3097 1021.
1487 3063 1668 3098 τοιόνδε...
1683 3068 1863 3111 μνηστῆρα
1889 3066 1944 3098 Tr.
1968 3063 2023 3098 15.

1014 3112 1050 3148 ἐν
1076 3110 1136 3146 οὖν
1163 3111 1252 3161 ῥόπη
1276 3110 1392 3159 τοιᾷδε
1416 3110 1564 3157 κειμένῳ
1581 3109 1637 3144 82.
1666 3109 1796 3145 τοιόνδε
1812 3115 1924 3146 κεῖται
1942 3123 2018 3156 προ-

1015 3158 1115 3197 πετές
1138 3158 1221 3198 701.
1258 3158 1382 3205 τοιῷδε
1436 3157 1540 3204 ίλτρῳ
1567 3156 1668 3190 1142.
1715 3156 1762 3196 είς
1786 3157 1889 3205 λόγου
1917 3157 2029 3192 στάσιν

1015 3205 1142 3242 τοιάνδ’
1176 3204 1332 3240 ἐπελθών
1368 3170 1468 3239 1180.
1513 3199 1638 3238 τοιάνδ’
1672 3203 1725 3238 ἀεί
1758 3217 1817 3250 μοι
1846 3204 2030 3263 σύμμαχον

1016 3266 1064 3288 πα
1087 3252 1221 3287 εστάναι
1246 3255 1301 3286 Ai.
1325 3251 1404 3286 117.
1443 3251 1478 3286 ἐν
1503 3251 1621 3296 τοιᾷδε
1646 3250 1803 3297 κείμενος
1827 3253 1920 3299 κακῇ
1939 3265 1978 3286 τυ
2007 3263 2030 3313 η

1018 3299 1062 3334 32
1090 3326 1097 3334 .
1126 3299 1230 3346 πεῖρά
1246 3312 1296 3339 τις
1321 3298 1471 3347 ζητητέα
1486 3297 1602 3332 τοιάδε
1620 3296 1699 3331 471.
1730 3294 1793 3332 ὄντ’
1823 3298 1891 3346 ἐγὼ
1906 3263 2020 3333 τοιόὲδ

1018 3346 1096 3394 ἐμοὶ
1122 3345 1247 3382 οὔκουν
1271 3343 1530 3393 ἀντατιμάσαιμ’
1555 3343 1596 3379 ἄν
1624 3343 1725 3378 1338.
1750 3363 1791 3370 -
1810 3348 1965 3380 Pluralis.
1995 3344 2031 3380 ἐν

1017 3393 1165 3429 τοιοίσδε
1189 3393 1349 3441 βόσκεται
1376 3395 1504 3442 χώροις
1531 3394 1587 3425 Tr.
1611 3390 1688 3426 144.
1729 3391 1883 3427 τοιούσδε
1907 3392 2033 3440 λόγους
