2288 3600
59 0 314 26 12„‚·fv¹-f.>'
341 0 366 24 ζ».
392 0 508 26 ,γλ-ἰ·

62 24 130 47 -·,,(ν·-
172 31 174 33 -
228 37 234 42 „

78 54 86 62 ι
100 46 123 60 7..

35 146 76 206 51.
99 141 311 191 ιιι-ιιι]

77 550 112 568 n.
134 534 181 569 ὥν
199 540 233 568 et
251 532 376 582 ἕρπων,
397 536 462 568 etsi
479 544 545 567 non
564 536 661 568 video
683 536 762 577 quid
782 537 827 567 sit
852 531 915 568 κᾶν
933 534 1009 580 ὤν).

24 621 41 627 .
56 582 119 616 *OG
145 578 215 615 590
231 583 318 624 quod
335 586 388 615 est
404 583 440 614 in
458 583 516 614 LA
533 579 608 616 ἀλλ’
626 580 656 615 εἰ
672 579 805 616 θέλοντ’
821 580 861 616 ἄν
879 579 908 628 γ’
934 581 1014 616 οὐδὲ

26 629 32 634 “
55 644 57 646 ·
89 627 198 676 εύγειν
211 627 318 663 καλόν
328 639 429 662 sensu
444 639 568 662 cassam
581 639 656 662 esse
665 630 791 662 dudum
802 630 1014 662 intellectum

92 677 194 710 Dind.
217 687 244 709 c.
266 678 424 710 Goebelio
441 674 516 710 ἀλλ’
534 674 573 710 οὐ
591 674 789 719 θελόντων].
811 677 927 709 Herm.
946 678 1015 709 sola

61 737 71 753 ο
82 725 216 757 nctione
234 725 332 756 aliter
348 725 457 766 posita
474 735 492 756 a
510 725 657 764 Reisigio
673 724 866 770 discrepans
892 721 968 757 ἀλλ’
986 722 1015 757 εἰ

32 809 34 811 ,
61 777 160 806 οντας
175 768 204 818 γ’
218 768 298 805 οὐδὲ
312 770 363 805 σοὶ
382 769 516 818 φεύγειν
532 769 650 809 καλόν,
670 771 748 812 quid
764 773 804 811 εἰ,
825 780 900 803 cum
913 774 942 803 te
955 781 1014 803 vo-

12 856 15 858 *
43 816 46 821 '
82 820 231 859 recipere,
251 828 292 850 ne
310 818 367 850 tibi
390 819 519 860 quidem
537 818 689 850 decorum
713 821 759 850 eat
776 819 918 850 exaratam
934 828 1011 850 esse.

61 865 176 898 Herm.
199 866 221 897 1.
243 876 270 898 c.
293 865 422 898 Schaef.
445 867 485 899 ad
504 866 592 897 Plut.
615 866 684 898 vit.
707 870 731 897 t.
755 867 813 897 lv.
843 875 876 907 p.
899 863 978 898 347.

91 936 184 968 VIII.
207 936 371 968 Reticctur
382 936 517 968 verbum
530 937 679 968 omnium
689 935 874 968 modorum.
896 937 1011 968 Herm.

27 991 88 1030 Ρ.
108 980 150 1017 ἄν
166 993 200 1024 p.
224 980 301 1016 187.
329 980 399 1017 οὐδ’
417 980 458 1017 ἂν
477 981 528 1023 σύ,
550 983 697 1030 σώφρων
715 980 743 1029 γ’
769 980 854 1017 οὖσα
873 984 924 1015 El.
947 980 1014 1016 365

32 1033 43 1070 s
62 1027 127 1065 οὐκ
141 1027 240 1076 ἤρας.
270 1027 338 1064 οὔτ’
355 1027 396 1064 ἂν
415 1029 453 1064 σὺ
470 1029 592 1064 κείνων
609 1029 718 1078 χωρὶς
735 1027 805 1064 οὔτ’
823 1028 938 1064 ἐκεῖνα
954 1032 1014 1064 σοῦ

43 1097 58 1123 .·
81 1074 146 1109 115
164 1087 209 1110 sc.
239 1076 384 1123 πέρσειν.
405 1075 520 1111 παλαί’
538 1074 578 1112 ἂν
597 1071 642 1110 sc.
663 1075 719 1123 εἴη
750 1077 811 1109 Ph.
833 1074 902 1110 493
930 1074 1015 1122 [πα-

107 1125 234 1165 Dind.;
256 1135 287 1158 v.
308 1134 409 1166 supra
426 1126 486 1165 111,
508 1122 557 1169 5].
613 1122 686 1158 δοιο
705 1122 786 1170 μέν,
815 1128 889 1158 πῶς
903 1122 931 1158 δ’
951 1123 1015 1159 οὐκ

55 1171 58 1174 '
99 1168 289 1219 ἀσχάλλοις
319 1168 347 1204 δ’
377 1170 461 1210 ἴσως
479 1172 536 1204 OR
553 1168 598 1204 93
626 1197 633 1203 .
678 1172 839 1204 Heindor.
860 1174 901 1204 ad
925 1172 1010 1204 Plat.

47 1216 52 1235 s
75 1232 120 1250 ·-·.
141 1228 175 1260 p.
201 1215 279 1259 135,
300 1229 401 1261 quem
419 1221 573 1260 sequitur
592 1220 717 1260 Reisig.
739 1220 780 1252 de
798 1229 831 1260 p.
846 1217 886 1252 άν
896 1229 930 1261 Ρ.
949 1216 1014 1252 108

34 1263 140 1303 ,luite
159 1266 350 1306 distinguit,
370 1263 470 1311 ἥδοιο
489 1264 564 1311 μέν,
586 1270 659 1300 πῶς
676 1263 703 1299 δ’
720 1263 801 1306 olm
825 1263 866 1301 ἂν
878 1264 1014 1314 ἀσχάλ-

47 1310 60 1346 ”,
88 1309 117 1346 δ’
134 1310 230 1347 ἴσως.
260 1314 324 1347 Sed
342 1314 441 1346 initio
459 1314 648 1346 sententiae
665 1311 706 1348 ἅν
725 1323 898 1355 nunquam
915 1315 1014 1355 poni—

36 1354 60 1394 f.
92 1359 178 1393 Cum
195 1361 338 1392 nuntius
356 1362 508 1393 dicturus
527 1364 616 1392 esset
632 1358 732 1406 ἥδοιο
751 1359 814 1406 μὲν
832 1358 885 1403 ἄν,
906 1362 1014 1393 inter-

39 1404 172 1447 ‘fiebat
189 1417 224 1440 se
242 1409 450 1449 interpositis
468 1412 541 1442 πῶς
559 1405 586 1440 δ’
605 1406 668 1442 οὐκ
685 1406 726 1441 ἅν
737 1434 744 1448 ,
777 1418 880 1450 quare
907 1409 1012 1450 parti·

87 1454 167 1488 huic
183 1456 359 1488 enuntiato
376 1455 538 1496 adhaesit,
560 1453 627 1489 άπὸ
644 1457 760 1489 κοινοῦ
778 1455 816 1487 ad
836 1460 1014 1498 utramque

52 1501 56 1509 “
92 1501 171 1534 nda
187 1504 402 1535 sententiam.
448 1503 536 1534 Num
555 1502 677 1534 Phinei
703 1503 744 1534 fr.
767 1499 835 1535 637
877 1500 947 1536 οὐδ’
973 1499 1013 1536 ἂν

56 1550 71 1595 Ὶέ
88 1547 260 1596 σπόρειον
285 1547 321 1583 ἐν
345 1546 498 1584 Σκύθαις
522 1546 614 1595 ὕδωρ
638 1550 703 1582 huc
730 1550 945 1582 referendum
970 1551 1015 1582 sit

89 1609 94 1625 t
110 1610 116 1624 ι
139 1597 197 1629 illo
214 1606 313 1629 versu
332 1606 397 1629 non
415 1598 629 1638 perspicitur.
675 1597 743 1629 Nec
772 1597 959 1630 advocanda
975 1607 1014 1629 ea

51 1643 62 1678 ’,ἶ
71 1660 86 1671 ιι
94 1644 152 1686 pla
167 1644 226 1676 ubi
245 1645 384 1676 verbum
400 1654 507 1676 unum
525 1645 680 1685 pluribus
697 1645 855 1676 membris
874 1649 1014 1677 senten—

66 1688 254 1724 *commune
271 1695 335 1731 est,
357 1692 451 1724 velut
468 1691 526 1724 ΟΒ
542 1688 623 1724 858.
652 1691 720 1724 OC.
746 1688 846 1724 1528.

36 1759 37 1762 ’
54 1762 74 1787 -'‹
87 1761 148 1794 IX.
179 1762 244 1794 Sed
262 1766 394 1802 praeter
411 1763 511 1794 verba
527 1762 708 1803 modosque
726 1763 827 1794 etiam
853 1763 928 1794 aliis
957 1772 1015 1794 vo-

49 1848 61 1854 -
105 1818 122 1841 s
138 1806 179 1843 ἄν
197 1809 357 1850 applicari
374 1803 547 1842 nonnullis
564 1810 674 1841 visum
693 1813 759 1850 est,
781 1814 816 1841 et
832 1810 872 1841 de
889 1820 908 1842 τ
922 1808 942 1826 '·
958 1807 1015 1844 ’ἄν

51 1897 53 1899 ¹
74 1857 150 1898 *nis
176 1857 409 1898 pronuntiavit
428 1856 558 1890 Schaef.
581 1857 619 1888 ad
639 1857 739 1897 Greg.
762 1856 835 1888 Cor.
857 1867 891 1898 p.
974 1858 1015 1889 ad

40 1903 73 1950 >{2⁴-
93 1899 138 1936 39
155 1904 309 1936 Addend.
327 1908 362 1936 et
379 1904 420 1936 ad
437 1903 492 1936 OC
507 1900 586 1936 965.
609 1903 728 1935 Matth.
742 1904 800 1936 Gr.
813 1904 870 1936 Gr.
882 1902 916 1947 S.
930 1901 1010 1937 599.

35 1953 78 1995 ⁴.—
106 1959 139 1992 Ρ.
162 1947 263 1983 1199.
309 1951 355 1983 Ει
371 1961 452 1983 sane
470 1952 528 1983 vix
556 1951 654 1983 aliter
671 1952 815 1991 sentiet,
844 1953 903 1993 qui
920 1953 1014 1984 illius

50 1996 252 2040 ‘exempla
269 2008 335 2031 non
353 1999 464 2031 omnia
480 1999 633 2030 eiusdem
657 1999 789 2038 generis
814 2008 888 2030 esse
917 2009 1015 2031 accu-

54 2041 72 2085 'j
83 2046 352 2078 consideraverit.
374 2046 443 2078 Nec
460 2049 571 2078 tamen
583 2046 668 2078 male
686 2046 811 2086 Reisig.
832 2047 871 2078 ad
881 2046 936 2078 OC
946 2043 1015 2079 960

48 2088 54 2100 ”
76 2092 137 2125 cit
152 2093 195 2126 ad
211 2094 344 2126 modum
362 2094 456 2125 verbi
474 2094 603 2134 referri,
624 2097 660 2125 et
675 2091 766 2140 τάχα
783 2094 815 2125 ei
832 2095 1014 2135 particulae

74 2149 133 2178 v1·
149 2150 268 2173 sensus
292 2141 493 2173 affinitatem
517 2141 737 2181 agglutinari:
776 2150 841 2173 non
868 2142 1013 2173 multum

69 2200 91 2224 ,1
105 2189 260 2229 interest,
281 2188 311 2220 si
326 2190 367 2220 ab
384 2197 451 2220 uno
469 2189 537 2220 loco
554 2188 760 2228 discesseris,
781 2198 882 2229 quem
900 2189 1013 2220 statim

69 2253 85 2285 -c'
101 2235 224 2268 bimus.
251 2231 328 2281 τάχ’
346 2232 386 2269 ἂν
399 2234 438 2269 τὸ
455 2234 512 2269 σὸν
529 2233 630 2281 γέρας
652 2235 756 2281 τιμὴν
775 2233 854 2279 ἐμοὶ
870 2234 1014 2280 νείμειεν

46 2318 55 2326 ,Ἰ
71 2295 76 2306 ·
96 2307 104 2315 .
130 2279 257 2330 χοῦτος
272 2280 350 2331 τοίγ’
367 2279 408 2317 ἂν
424 2280 586 2330 φρόνησιν
604 2281 640 2316 ἐν
657 2281 738 2316 τούτ
787 2280 888 2328 λάβοι
909 2279 1009 2315 1078.

48 2329 50 2331 ’
114 2339 132 2363 ν
144 2323 228 2374 κᾶμ’
245 2327 284 2363 ἂν
297 2324 439 2378 τοιαύτῃ
457 2328 547 2377 χειρὶ
563 2332 728 2375 τιμωρεῖν
770 2327 842 2363 έλοι
858 2330 916 2362 OR
932 2326 1009 2362 139.

46 2381 49 2387 ”
86 2414 90 2418 ,
130 2374 165 2410 ὲν
183 2374 227 2422 δὴ
240 2379 340 2412 τοῦτο
356 2371 528 2411 τοῦνειδος
543 2374 619 2424 τάχ’
637 2373 678 2410 ἂν
693 2376 779 2424 ὀργῇ
792 2374 931 2422 βιασθέν
945 2374 1013 2409 523

44 2465 46 2469 Ι
67 2426 73 2469 ].
90 2440 92 2442 -
118 2423 224 2466 dubie,
246 2427 388 2466 opinor).
410 2422 450 2457 σύ
467 2435 533 2470 μου
547 2421 713 2471 προύχοις
728 2423 805 2472 τοίγ’
822 2422 862 2458 ἄν
876 2427 942 2458 που
956 2422 1013 2458 τὸν

46 2474 50 2507 ἶ
94 2466 115 2506 ς’
133 2468 213 2505 ἰδὼν
231 2470 339 2518 πάρος
358 2468 459 2504 1116.
503 2469 599 2506 θεοῖς
620 2468 697 2519 τάχ’
720 2469 761 2506 ἄν
785 2466 817 2505 τι
836 2470 1014 2518 μηνίουσιν

78 2518 84 2524 ‘
121 2525 158 2553 ος
173 2516 280 2553 πάλαι
297 2519 353 2552 OG
371 2516 452 2551 965.
481 2519 528 2552 ὡς
543 2515 620 2566 τάχ’
638 2516 678 2553 ἂν
697 2522 790 2566 σαφῆ
808 2517 934 2559 λέξειεν
953 2519 1009 2551 Tr.

46 2599 48 2602 ,
74 2569 82 2575 ”
97 2565 164 2600 :ml
181 2563 258 2614 τάχ’
274 2564 314 2600 ἄν
359 2563 367 2577 ’
383 2564 469 2600 ἴσως
485 2563 671 2609 πύθοισθε,
691 2565 744 2600 κεί
762 2568 820 2600 νῦν
839 2564 952 2600 δυστυ·
969 2570 1010 2607 ὦ,

64 2649 77 2654 Ἴ,
123 2613 214 2648 ένον
230 2607 285 2646 Iti.
304 2611 325 2646 6
354 2612 384 2646 1.
412 2611 490 2662 τάχ’
508 2611 549 2647 ἂν
565 2611 734 2660 γενοίμεθ’
752 2611 856 2647 αὐτοῦ
875 2612 935 2647 σὺν
973 2613 1021 2659 εῷ

95 2670 163 2696 ιοι
179 2658 259 2693 778.
287 2658 364 2709 τάχ’
381 2658 422 2694 ἂν
447 2663 571 2695 κακοῖς
587 2659 696 2707 γελῶν
715 2658 755 2694 ἂν
774 2657 908 2701 ἐξίκοιτ’
925 2659 1014 2708 ἀνήρ

50 2735 55 2742 .
81 2711 83 2713 ’
98 2718 106 2724 ”
154 2708 246 2740 Haec
283 2719 446 2741 summam
478 2709 631 2740 lectionis
666 2709 887 2741 constantiam
919 2717 1015 2740 mon-

46 2751 50 2798 }
139 2755 266 2788 Horum
281 2757 310 2788 si
323 2766 362 2788 ea
379 2757 571 2797 inspexeris
589 2765 672 2797 quae
690 2756 877 2797 optativum
893 2759 1015 2796 poten—

87 2801 104 2822 ‘V
118 2811 209 2845 :prae
225 2812 260 2835 se
278 2803 411 2844 ferunt,
432 2807 546 2844 aperte
562 2801 654 2850 τάχα
671 2813 746 2835 cum
763 2800 805 2836 ἄν
823 2804 870 2835 ita
889 2803 1016 2835 habent

51 2851 54 2870 ³
82 2846 281 2895 λλήλου
298 2852 445 2892 positum
469 2855 508 2882 ut
530 2848 642 2894 (velut
667 2860 726 2882 nos
749 2850 892 2882 dicimus
916 2859 949 2882 es
974 2852 1015 2882 iat

90 2890 99 2909 ⁷
146 2897 263 2938 ”phe-h,
283 2896 375 2942 dass)
397 2895 437 2932 ἄν
461 2898 590 2940 aliquid
618 2898 878 2930 confirmationis
895 2907 938 2929 ex
956 2898 1015 2930 ad-

50 2943 55 2980 ἶ
113 2958 117 2970 ·
138 2945 239 2977 erbio
255 2946 405 2986 accipiat.
436 2945 503 2978 Sed
518 2945 554 2976 in
571 2945 738 2986 exemplis
757 2945 932 2977 indicativi
950 2944 1010 2976 Ph.

59 3024 62 3027 ⁴
81 2987 168 3034 {HR
183 2988 251 3024 523
269 2993 319 3024 vis
336 2993 526 3024 sententiae
543 2993 578 3024 in
597 2993 752 3024 adverbio
769 2991 860 3039 τάχα
877 2992 1012 3033 nititur,

99 3057 102 3072 1
123 3063 142 3082 .-
168 3039 347 3071 elevandae
358 3040 626 3081 mitigandaeque
640 3037 681 3073 ἄν
695 3039 828 3071 additur
841 3039 1016 3077 (vielleicht

57 3096 90 3137 γ’(
104 3098 130 3133 3:
139 3089 175 3118 et
189 3087 225 3118 in
236 3086 288 3118 his
305 3084 346 3120 ἄν
363 3096 430 3119 non
441 3087 553 3119 minus
570 3087 820 3118 adverbiascere
834 3090 869 3118 et
885 3087 927 3118 ad
945 3096 1016 3118 mo-

206 3134 265 3166 vix
282 3135 391 3166 valere
409 3135 535 3166 clarum
551 3138 614 3166 est.
661 3133 706 3165 Et
723 3138 762 3165 ut
777 3130 855 3180 τάχ’
872 3130 913 3167 ἂν
932 3131 1016 3166 ἴσως

111 3213 114 3215 ,
130 3179 146 3208 ·“
162 3181 310 3213 vidimus
321 3182 375 3213 Ai.
390 3177 455 3213 691
477 3182 525 3213 sic
539 3179 623 3214 ἴσως
641 3179 682 3215 ἄν
700 3191 776 3213 cum
793 3181 1016 3222 parallelismo

61 3212 67 3229 ⁵
133 3240 183 3254 «ι-
214 3229 394 3270 composita
417 3232 517 3261 sunt:
563 3222 685 3268 δέξαιτ’
717 3225 758 3261 ἂν
792 3225 1017 3274 εὐπρόσωπος

111 3478 139 3533 ᾗ..
151 3483 241 3518 soph.
255 3484 280 3511 1.

978 123 1070 184 ’‘Av

32 255 56 296 'J
77 251 230 299 ηνίουσιν
254 252 302 287 είς
325 251 422 300 γένος
445 251 553 288 πάλαι
573 249 642 286 965
668 262 735 285 ιιοιι
759 253 849 285 idem
873 253 961 294 quod
979 250 1012 286 οἱ
1046 250 1080 286 τί
1097 263 1156 297 μοι
1169 252 1289 298 γνώμα
1305 246 1383 298 τάχ’
1401 249 1442 286 ἂν
1460 250 1582 287 δώσειν
1596 254 1660 286 τᾶν
1678 250 1771 286 δεινοὶ
1785 250 1912 287 τλασᾶν
1927 251 2020 288 δεινοὶ
2038 251 2064 286 δ’

64 297 74 312 ’
95 297 136 334 ἄν
158 310 191 334 τι
207 298 380 348 μηνίοιεν,
409 301 468 332 sed
493 297 527 334 οἵ
544 310 602 345 μοι
619 297 775 334 δοκοῦσιν
795 296 835 334 ἂν
854 301 1008 346 μηνῖσαι.
1047 297 1213 346 εὑρουσᾶν
1238 297 1323 345 πρὸς
1341 296 1524 344 αὐθαίμων
1541 296 1652 346 πάθη.
1674 299 1782 333 Schol.
1806 294 1886 347 τάχ’
1909 298 2067 334 ἐνδώσειν

30 388 31 391 ¹
63 356 165 380 erm.
186 348 238 380 ad.
260 347 293 379 h.
312 348 335 380 l.
358 347 422 380 Sed
440 349 476 379 in
503 348 557 379 Tr.
582 343 672 379 1107
689 347 902 380 scribendum
928 347 1013 380 duco
1047 343 1108 380 τὰν
1121 344 1234 380 δεινάς
1254 345 1347 392 τάχα
1364 344 1515 387 ἐνδώσει,

102 395 182 427 dum
199 394 409 427 scholiastam
425 391 490 428 κᾶν
506 393 545 428 τὸ
559 391 668 440 μηδὲν
686 393 715 428 ὦ
731 390 796 427 κᾶν
810 391 918 440 μηδὲν
937 391 955 428 ἓ
993 414 1013 420 -
1049 403 1118 426 σειν
1134 391 1210 427 κτλ.
1232 394 1350 425 Elmsl.
1374 393 1421 435 [et
1440 394 1531 425 Dind

69 453 105 482 ν,
127 439 192 487 τήν
217 452 254 488 γε
275 438 444 487 δράσασαν
469 439 551 475 τάδε
574 441 788 489 χειρώσομαι
805 439 874 474 κάκ
889 445 958 474 τῶν
981 452 1008 474 ε.
1049 440 1110 473 hoc
1123 450 1225 473 sensu
1237 450 1313 473 moa:
1324 442 1501 472 remissura
1513 450 1578 472 csse
1589 442 1680 473 mala
1691 443 1860 481 viryinum
1872 451 2068 474 aerumnosa

64 485 178 536 ἕρπων
192 489 335 522 subaudi
352 488 398 529 ὦ,
429 486 492 522 κᾶν
511 492 563 521 est
586 488 644 522 καὶ
670 486 728 522 ἐάν
761 487 880 531 (Dind.
903 485 1009 535 ἕρπω.
1045 497 1286 529 perpessarum.
1314 488 1521 521 Scholiasten
1546 488 1692 520 voluisse
1710 486 1849 522 ἐνδώσει
1867 489 2063 530 verisimile,

2000 131 2064 187 49

1541 345 1656 436 φησὶν,
1677 345 1695 381 ὁ
1712 343 1850 393 Κρέων.
1866 341 1945 394 τάχ’
1962 345 2068 382 ἐνδώ-

1595 398 1634 425 ιιι
1650 391 1747 439 πάθη
1771 395 1998 427 nominativus
2023 396 2068 427 sit

1050 535 1137 576 quod
1154 535 1244 576 apud
1261 535 1404 567 alterum
1422 536 1644 576 interpretem
1661 536 1798 577 plenius
1816 539 1928 568 exstat
1940 536 2067 568 dictum

1048 580 1159 628 τάχα,
1189 579 1293 629 φησί,
1323 579 1462 615 ἐνδώσει
1488 580 1506 615 ὁ
1533 577 1657 628 Κρέων
1681 581 1746 627 τὴν
1770 580 1813 616 τὰ
1838 580 1952 616 πολλὰ
1976 581 2070 617 δεινὰ

1049 627 1177 663 τλᾶσαν
1196 626 1380 675 παρθένον,
1400 627 1555 662 τουτέστι
1571 627 1636 674 τὴν
1654 623 1866 676 Ἀντιγόνην.
1895 630 2069 672 Quidquid

1051 677 1139 709 dicat
1156 677 1271 708 Herm.
1293 677 1352 717 qui
1378 677 1479 709 libros
1505 680 1642 708 secutus
1660 680 1732 717 est,
1761 679 1908 719 profecto
1932 674 1974 711 ἄν
1991 687 2067 710 cum

1052 724 1221 756 infinitivo
1239 724 1346 755 futuri
1364 733 1429 755 non
1449 724 1547 755 aliter
1563 723 1690 756 dictum
1709 728 1819 756 exstat
1840 734 1983 766 usquam
2000 726 2068 757 nisi

1052 772 1087 802 in
1112 771 1260 803 oratione
1286 771 1441 812 obliqua,
1478 770 1610 811 quando
1642 772 1744 803 etiam
1771 772 1806 803 in
1841 775 1930 804 recta
1953 773 2069 804 futuro

1052 818 1215 850 utendum
1243 822 1352 849 esset:
1382 828 1412 848 v.
1445 818 1575 850 Schaes.
1603 818 1645 850 ad
1661 819 1836 851 Demosth.
1866 815 1899 851 4.
1927 829 1962 860 p.
1982 816 2063 851 243.

1052 865 1147 904 Quod
1163 875 1240 897 cum
1257 866 1297 897 ab
1315 865 1376 897 hoc
1392 865 1460 897 loco
1477 865 1723 898 alienissimum
1741 867 1797 907 sit,
1818 875 1881 898 nec
1898 867 1978 899 satis
1995 867 2068 908 pla-

1051 916 1124 945 ceat
1147 913 1329 944 durissima
1351 922 1452 953 quam
1470 913 1585 944 Herm.
1616 914 1818 953 excogitavit
1842 913 1864 944 l.
1887 924 1915 946 c.
1944 923 1979 955 p.
2002 911 2064 946 181

1051 961 1182 1001 ellipsis
1200 957 1333 1000 δώσειν,
1349 957 1409 992 καὶ
1425 954 1503 1006 τάχ’
1523 957 1564 993 άν
1578 969 1623 991 sc.
1641 957 1767 1006 διδοίη,
1787 964 1845 992 aut
1859 971 1934 993 cum
1945 961 2068 993 Sohae-

1053 1008 1122 1039 fero
1139 1005 1180 1041 ἅν
1199 1007 1237 1038 ad
1255 1005 1348 1053 τάχα
1374 1007 1440 1039 erit
1464 1007 1681 1039 referendum
1698 1013 1757 1040 aut
1774 1006 1988 1040 scribendum
2005 1005 2070 1041 άν-

1052 1051 1190 1094 δώσειν,
1218 1054 1305 1095 quod
1332 1063 1416 1086 nove
1434 1054 1561 1085 dictum
1589 1055 1632 1085 sit
1649 1064 1707 1095 pro
1725 1052 1899 1096 ἐκδώσειν,
1918 1055 2068 1087 redditu-

1050 1111 1145 1142 rum,
1173 1103 1245 1134 sive
1270 1102 1383 1142 potius
1407 1101 1656 1133 redivibum-um.
1702 1102 1840 1135 suidas:
1870 1099 2064 1143 ἀνεὸέδοτο,

1050 1145 1278 1194 ἀνεπέμπετο.

1144 1231 1187 1262 X.
1219 1231 1386 1263 Idiomuta
1406 1231 1602 1271 particulae.
1762 1228 1793 1276 (1
1811 1242 1845 1273 p.
1870 1229 1936 1264 124
1953 1242 1982 1264 a.
2004 1231 2071 1278 m.)

1124 1286 1152 1320 1.
1186 1288 1340 1330 Perauepc
1357 1291 1520 1321 omittitur
1537 1287 1590 1323 ἄν.
1627 1290 1671 1322 Et
1696 1290 1852 1331 inprimis
1869 1291 2016 1332 quidem.
2038 1291 2053 1334 ΙΙ

1050 1336 1094 1368 ad
1114 1338 1315 1377 pronomina
1338 1337 1477 1368 relativa
1491 1361 1499 1376 ,
1527 1337 1685 1369 adverbia
1709 1339 1850 1370 relativa
1874 1341 1904 1370 et
1929 1340 2069 1371 coniun-

1049 1385 1171 1415 ctiones
1204 1384 1397 1424 temporales
1429 1384 1560 1424 quando
1594 1394 1668 1416 eum
1701 1387 1911 1417 coniunctivo
1946 1389 2070 1418 structa

1049 1434 1188 1462 exstant.
1212 1431 1311 1463 Certe
1330 1440 1445 1472 prosae
1463 1432 1606 1463 orationi
1623 1432 1657 1463 in
1676 1433 1801 1464 talibus
1818 1430 1860 1466 ἅν
1877 1433 1998 1465 addere
2016 1443 2068 1466 so-

1050 1479 1152 1510 lenne
1170 1482 1239 1518 est,
1268 1479 1334 1510 etsi
1351 1488 1394 1510 ne
1412 1479 1447 1510 in
1466 1478 1528 1510 hac
1544 1479 1680 1520 quidem
1706 1480 1895 1512 omissionis
1913 1481 2069 1522 exempla

1050 1526 1186 1557 desunt.
1218 1527 1258 1557 V.
1280 1526 1395 1557 Herm.
1426 1526 1448 1557 l.
1471 1536 1499 1557 c.
1520 1536 1553 1567 p.
1576 1523 1597 1558 6
1624 1530 1658 1558 et
1675 1536 1708 1568 p.
1734 1524 1798 1559 113
1817 1537 1888 1568 sqq.
1923 1527 2013 1560 Pors.
2035 1533 2069 1560 et

1050 1573 1168 1604 Elmsl.
1189 1572 1228 1604 ad
1248 1569 1430 1604 Med.215.
1452 1573 1651 1605 Brunck ad
1662 1570 1809 1607 oc393.
1832 1575 1952 1607 Aesch.
1971 1575 2064 1617 Sept.

1050 1616 1119 1652 259
1131 1645 1139 1660 ,
1159 1630 1369 1662 ¹quamquam
1396 1620 1562 1652 Porsonus
1579 1622 1716 1662 quidem
1742 1622 1898 1654 familiari
1915 1631 2068 1655 sermone

1050 1667 1202 1699 additum
1235 1665 1277 1700 ἅν
1311 1668 1438 1708 requiri
1472 1669 1573 1699 nimis
1606 1669 1791 1709 praefracte
1820 1671 2064 1710 pronuntiavit.

1051 1715 1284 1746 Hermannum
1308 1719 1423 1746 autem
1448 1716 1549 1746 miror
1572 1715 1612 1747 ad
1637 1716 1763 1748 Alcest.
1783 1713 1828 1748 76
1854 1720 1888 1748 et
1912 1717 1953 1749 de
1970 1727 2005 1759 p.
2026 1715 2068 1751 ἄν

1052 1762 1074 1793 l.
1096 1772 1123 1794 c.
1145 1771 1178 1802 Ρ.
1204 1759 1281 1802 117,
1310 1759 1347 1799 ὃς
1371 1759 1413 1795 ἄν
1440 1762 1609 1794 dicentem
1627 1772 1760 1804 semper
1777 1764 1969 1804 significare
1995 1766 2069 1806 qui-

1052 1818 1191 1850 cunque,
1211 1812 1245 1840 et
1263 1810 1390 1841 soloece
1407 1806 1449 1842 άν
1475 1810 1551 1841 addi
1568 1819 1644 1842 cum
1663 1811 1872 1843 reddendum
1888 1812 1934 1843 sit
1951 1813 1979 1843 is
1998 1814 2065 1853 qui.

1053 1856 1104 1888 Tu
1123 1856 1199 1888 vide
1218 1855 1275 1887 ΟΒ
1291 1852 1372 1888 281.
1395 1855 1449 1888 OC
1471 1853 1572 1889 1332.
1595 1874 1636 1880 —
1664 1858 1715 1889 De
1733 1867 1797 1889 usu
1813 1867 1930 1899 prosae
1947 1859 2069 1891 oratio-

1052 1904 1104 1935 nis
1129 1903 1281 1935 laudasse
1306 1904 1434 1935 suffieit
1460 1903 1575 1936 Stallb.
1604 1904 1645 1936 ad
1671 1905 1801 1937 Phileb.
1826 1915 1861 1946 p.
1890 1902 1932 1937 61
1969 1910 2004 1938 et
2029 1907 2069 1938 ad

1051 1950 1219 1982 Phaedon.
1242 1961 1275 1992 p.
1297 1947 1354 1982 40.
1374 1968 1414 1974 —
1433 1955 1502 1984 τῶν
1520 1949 1557 1984 δὲ
1628 1956 1742 1995 μονῶν
1761 1949 1909 1997 μάλιστα
1927 1947 2070 1987 λυποῦσ’

1051 1995 1087 2031 αἳ
1111 1991 1240 2044 φανῶσ’
1265 1994 1463 2043 αὐθαίρετοι
1489 1997 1547 2030 ΟΒ
1567 1995 1609 2030 12
1638 1996 1669 2030 1.
1698 2001 1807 2040 Vulgo
1833 1998 1869 2033 αἳ
1892 1993 1919 2032 ’ν
1938 2004 2070 2047 φανῶσι

1051 2055 1128 2077 cum
1153 2045 1305 2077 inaudita
1330 2046 1491 2086 elisione,
1520 2047 1599 2087 quia
1625 2056 1724 2079 nemo
1748 2044 1788 2080 ἄν
1813 2047 1872 2079 sed
1898 2045 1934 2080 ἐν
1957 2049 2070 2090 potius

1050 2093 1212 2124 detritum
1230 2096 1375 2134 putaret.
1414 2093 1540 2124 Buttm.
1563 2103 1629 2126 non
1646 2095 1760 2126 minus
1786 2095 1981 2127 inusitatam
1997 2105 2070 2128 cra-

1051 2141 1104 2172 sin
1130 2130 1183 2173 ἁ“’ν
1209 2149 1252 2171 ex
1278 2138 1314 2173 αἱ
1337 2138 1377 2174 ἄν
1403 2141 1564 2172 coaluisse
1590 2141 1773 2174 existimat.
1803 2139 1840 2175 αἲ
1863 2139 1904 2175 ἂν
1930 2142 2001 2174 LA.
2024 2160 2066 2166 —

1051 2184 1132 2232 μένε
1152 2183 1217 2220 ἕως
1234 2184 1302 2232 ἐγὼ
1318 2189 1392 2224 τοῖς
1406 2181 1522 2220 ἐνθάδ’
1539 2185 1645 2221 αὐτοῦ
1659 2185 1827 2234 δημόταις
1839 2186 1928 2228 λέξω
1937 2188 1994 2222 00
2007 2187 2063 2222 77.

1051 2232 1115 2267 οὐκ
1142 2230 1183 2267 ἂν
1208 2232 1376 2280 πριαίμην
1410 2231 1478 2267 οἷσι
1505 2233 1554 2279 μὴ
1582 2232 1675 2269 δοκῶ
1699 2238 1836 2282 φρονεῖν
1862 2233 1964 2268 1666.
1991 2236 2069 2283 πρὶν

1050 2279 1131 2327 πυρὶ
1147 2278 1269 2327 θερμῶ
1286 2279 1374 2315 πόδα
1391 2287 1442 2314 τις
1466 2292 1491 2315 π
1514 2280 1643 2330 οσαύρῃ
1661 2283 1743 2315 Ant.
1765 2279 1832 2315 619
1862 2282 1916 2324 [cf.
1939 2284 2067 2325 Krueg.

1052 2329 1109 2361 Gr.
1131 2330 1146 2360 1
1165 2326 1223 2369 54,
1248 2313 1302 2368 17,
1323 2326 1372 2371 3].
1392 2326 1489 2375 ἄμοχ
1515 2340 1552 2363 ον
1579 2328 1703 2376 ἐξαίρει
1729 2328 1814 2375 βίον,
1845 2327 1911 2364 ἕως
1926 2337 1978 2365 τις
1994 2328 2070 2365 ἀντὶ

1050 2372 1225 2421 παρθένου
1249 2374 1336 2422 γυνὴ
1362 2373 1482 2423 κληθῄ
1496 2378 1552 2409 Tr.
1577 2375 1655 2410 148.
1683 2379 1743 2411 τοῦ
1762 2375 1867 2424 λόγου
1885 2371 1914 2410 δ’
1940 2376 1980 2412 οὐ
1995 2377 2066 2425 χρὴ

1051 2420 1179 2470 φθόνον
1196 2425 1383 2469 προσεῖναι,
1406 2421 1495 2461 Ζεὺς
1513 2422 1593 2458 ὅτου
1611 2423 1775 2470 πράκτωρ
1792 2424 1885 2472 φανῇ
1892 2421 1973 2458 251.
1990 2425 2069 2471 πρὶν

1049 2473 1164 2504 κεῖνος
1180 2467 1281 2504 αὐτὸν
1300 2468 1350 2504 δεί
1410 2468 1490 2504 608.
1520 2468 1586 2509 ἕως
1602 2471 1642 2505 τὸ
1683 2470 1789 2518 αίρειν
1813 2472 1874 2506 καὶ
1889 2471 1928 2506 τὸ
1945 2470 2068 2506 λυπεῖ-

1051 2515 1131 2552 σθαι
1157 2514 1274 2565 μάθης
1299 2519 1354 2550 Ai.
1407 2517 1464 2551 55.
1500 2517 1619 2558 σώζειν
1670 2510 1812 2553 έλοντας
1835 2517 1943 2566 ἄνδρα
1967 2513 1998 2566 γ’
2031 2518 2068 2557 ὃς

1051 2562 1180 2612 σπεύδῃ
1208 2562 1325 2599 θανεῖν
1351 2563 1458 2598 *812
1488 2567 1576 2607 quod
1600 2576 1658 2607 pro
1688 2565 1748 2601 ἐάν
1773 2567 1919 2599 dictum:
1956 2568 2069 2608 aptius

1051 2616 1142 2645 esset
1159 2610 1296 2645 σπεύδει
1324 2612 1417 2654 [secl.
1437 2614 1540 2645 Dind.
1563 2632 1608 2637 —
1633 2612 1762 2662 σπεύδῃ
1781 2615 1816 2646 in
1836 2611 1974 2647 σπεύδει
1991 2624 2067 2646 mu-

1051 2661 1136 2692 tavit
1153 2669 1197 2691 m.
1219 2664 1287 2691 ant.
1309 2661 1345 2691 in
1363 2660 1449 2702 LAJ.
1471 2658 1535 2694 οὐκ
1553 2658 1646 2694 ἴσασι
1663 2659 1741 2707 πρίν
1765 2671 1815 2698 τις
1834 2659 1942 2706 ἐκβάλ
1984 2657 2064 2694 965.

1051 2705 1087 2745 ἔς
1103 2700 1132 2740 τ’
1150 2705 1218 2752 ἐγὼ
1237 2704 1336 2751 μόλω
1356 2704 1457 2740 1184.
1488 2705 1553 2744 ἕως
1572 2705 1638 2755 ἀνῇ
1654 2706 1694 2742 τὸ
1712 2711 1815 2754 πῆμα
1831 2709 1892 2740 Ph.
1914 2706 1935 2740 7
1987 2733 1994 2740 .
2016 2707 2067 2753 μὴ

1051 2751 1200 2794 στέναζε,
1217 2752 1295 2799 πρὶν
1310 2751 1426 2802 μάθῃς
1438 2750 1518 2787 917.
1532 2752 1622 2802 ὄφρα
1641 2766 1684 2798 με
1701 2753 1775 2800 βίος
1793 2753 1858 2803 ἔχῃ
1874 2756 1926 2787 ΕΙ.
1939 2752 2008 2788 225
2019 2766 2064 2787 m.

1051 2799 1132 2835 οὐδὲ
1171 2800 1213 2847 ἀρ
1230 2805 1349 2835 κακῶς
1365 2800 1534 2848 πάσχοντι
1553 2805 1653 2847 μῖσος
1665 2802 1713 2836 ὧν
1728 2801 1813 2851 τέκῃ
1833 2801 2070 2848 προσγίγνεται

1052 2846 1132 2881 771.
1171 2858 1298 2886 καστος
1315 2848 1362 2882 ὦν
1379 2847 1469 2896 τύχῃ
1488 2847 1580 2895 λέγει
1598 2850 1738 2882 Phaedr.
1759 2851 1800 2882 fr.
1822 2847 1902 2883 608.
1932 2851 2024 2883 Haec
2040 2851 2070 2882 si

1051 2897 1198 2929 oratione
1224 2897 1358 2937 obliqua
1381 2897 1540 2937 optativis
1564 2898 1788 2929 enuntiantur
1819 2895 1861 2931 ἄν
1890 2898 2070 2940 aliquando

1051 2944 1238 2976 adsciscere
1263 2944 1410 2975 vidimus
1437 2954 1468 2975 V.
1498 2953 1591 2985 supr.
1620 2945 1682 2976 ΙΙΙ.
1714 2941 1768 2977 10.
1806 2945 1872 2978 Sed
1896 2951 1930 2977 et
1955 2946 1991 2977 in
2010 2945 2070 2976 hac

1051 2992 1229 3023 omittitur.
1248 2992 1357 3024 τεῖναι
1373 2988 1417 3023 τὰ
1430 2987 1520 3025 θεῶν
1537 2989 1704 3037 ἀμάχητα
1722 2989 1808 3037 βέλη
1826 3002 1851 3024 π
1874 2990 1904 3025 ὶν
1923 2985 1971 3026 ὅδ’
1988 2989 2070 3037 ἐξή-

1051 3048 1108 3071 κοι
1124 3036 1250 3084 χρόνος
1266 3037 1326 3069 Ph.
1351 3034 1416 3069 199
1433 3048 1488 3070 an.
1519 3038 1650 3071 Schaef.
1672 3040 1815 3071 malebat
1832 3037 1849 3072 ἐ
1895 3050 1954 3087 κῃ,
1982 3040 2070 3080 quod

1051 3086 1254 3126 praestabit,
1283 3085 1313 3116 si
1339 3086 1507 3117 referetur
1531 3086 1573 3117 ad
1599 3087 1697 3119 πονεῖ
1725 3096 1770 3118 ex
1785 3087 1954 3127 prioribus
1972 3096 2070 3127 repe-

1052 3133 1206 3173 tendum,
1227 3133 1286 3164 sed
1299 3142 1365 3164 non
1379 3142 1475 3173 opus.
1497 3130 1593 3172 ἔδοξέ
1612 3144 1672 3177 μοι
1689 3131 1739 3178 μὴ
1758 3135 1855 3179 σῖγα,
1885 3131 1962 3180 πρὶν
1980 3132 2071 3180 φρά-

1053 3177 1150 3224 σαιμί
1166 3189 1231 3219 σοι,
1250 3177 1309 3213 τὸν
1326 3177 1435 3212 πλοῦν
1460 3177 1635 3214 ποιεῖσθαι
1651 3180 1712 3212 Ph.
1734 3178 1814 3213 551.
1836 3180 1850 3223 ΙΙ
1868 3181 1913 3212 In
1936 3180 2072 3221 ‹ipodosi

1052 3226 1269 3258 conditionali
1294 3226 1337 3258 ad
1363 3227 1556 3268 imperfecta
1579 3229 1631 3259 vel
1655 3229 1805 3268 aoristoa,
1833 3237 1877 3260 ex
1895 3237 1930 3260 re
1947 3229 2072 3260 infecta

99 3266 147 3316 Ῑ“’
161 3271 245 3312 ἴσως
262 3276 316 3307 Ai.
341 3272 430 3308 1009
448 3279 483 3308 et
507 3273 592 3309 ἴσως
618 3272 659 3308 ἂν
677 3273 777 3308 ἐκτὸς
802 3272 1014 3319 κλαυμάτων
1051 3275 1106 3306 vel
1123 3275 1218 3306 irrita
1234 3274 1524 3306 ratiocinantibus.
1561 3275 1604 3306 V.
1627 3274 1757 3307 Schaef.
1778 3275 1859 3307 Mel.
1881 3275 1935 3308 Cr.
1955 3284 1990 3317 p.
2010 3272 2069 3308 55.

108 3318 218 3362 52:680.
249 3322 310 3354 Ph.
333 3318 435 3355 1260.
468 3340 507 3347 -
543 3325 584 3355 V.
615 3323 729 3354 Herm.
758 3323 781 3354 l.
804 3333 831 3354 c.
860 3331 894 3363 p.
916 3319 959 3353 41
980 3326 1016 3354 et
1051 3321 1167 3353 Herm.
1189 3321 1231 3352 de
1248 3330 1282 3361 p.
1303 3318 1344 3354 ἄν
1362 3330 1396 3362 p.
1417 3318 1463 3354 58
1479 3331 1552 3362 sqq.
1575 3322 1702 3354 Mehlh.
1724 3322 1766 3354 ad
1782 3323 1904 3354 Anacr.
1925 3323 2067 3355 Excurs.

118 3377 184 3406 ver
203 3369 245 3402 ad
260 3369 344 3401 Plat.
367 3370 451 3411 Rep.
473 3367 507 3402 3.
526 3379 560 3411 p.
581 3367 662 3402 254.
696 3370 793 3402 Unus
810 3369 1015 3410 relinquitur
1050 3378 1084 3410 p.
1106 3365 1188 3400 235.
1227 3367 1367 3410 [Krueg.
1397 3369 1454 3400 Gr.
1476 3370 1491 3400 1
1509 3365 1566 3409 53,
1587 3365 1622 3410 2,
1643 3366 1693 3412 7.]
1733 3370 1802 3402 Nec
1825 3379 1897 3401 eam
1921 3370 2073 3402 omissio·

60 3425 62 3434 ¹
108 3417 156 3455 ⁷¹⁵
179 3412 268 3448 1076
284 3416 335 3448 ch.
369 3418 429 3458 qui
447 3418 605 3450 scribitur
623 3417 658 3448 in
679 3417 736 3448 LA
754 3415 802 3454 ὡς
820 3413 1015 3462 προμνᾶταί
1050 3425 1141 3457 nem,
1157 3425 1242 3456 quae
1254 3419 1288 3447 et
1301 3417 1458 3457 prosariis
1471 3417 1627 3448 omnibus
1640 3418 1860 3449 usitatissima
1873 3421 1937 3457 est,
1954 3426 2073 3459 quem-

1770 3473 1791 3507 4
