2288 3600
274 78 372 126 694

272 196 497 235 acquiescere;
526 194 605 225 inde
623 195 725 226 etiam
741 196 907 235 patienter
924 194 1022 235 ferre.
1046 192 1115 240 ἐγὼ
1134 192 1172 227 δὲ
1190 191 1299 239 ἀνάγ-

272 252 317 286 κη
343 238 547 286 προύμαθον
575 239 722 287 στέργειν
750 240 842 274 κακά
865 242 925 273 Ph.
947 239 1026 273 538.
1067 239 1215 287 στέργειν
1235 240 1298 286 γὰρ

274 288 308 322 αί
325 285 436 321 πάθαι
455 299 496 331 με
514 287 568 335 χώ
586 286 710 345 χρόνρς
729 286 836 328 ξυνὼν
857 287 987 346 μακρρς
1013 287 1164 321 διδάσκει
1189 289 1244 321 OG
1263 288 1296 321 7.

1034 77 1227 144 Στερεός
1243 107 1315 139 ,--
1352 77 1520 144 Στέφω

2013 89 2065 136 [11
2086 101 2120 133 p.
2143 88 2288 128 731—72

1409 191 1435 228 Σ
1446 205 1466 227 τ
1475 205 1491 227 ε
1503 205 1520 240 ρ
1530 205 1547 227 ν
1557 206 1575 228 ο
1586 197 1604 228 ὖ
1613 207 1623 217 i
1648 206 1665 228 0
1678 207 1693 233 ς
1719 199 1910 236 campester.
1946 194 2070 230 πεδίων
2091 223 2098 229 .
2107 222 2129 230 ..
2151 195 2288 243 στερνού

1334 239 1463 297 χθονός
1481 242 1536 299 00
1554 239 1598 273 69
1640 243 1693 275 ch.
1724 243 1832 275 Schol.
1849 255 1855 274 :
1887 241 1960 277 ἴσον
1985 244 2034 291 τῷ
2049 243 2238 290 γονίμου
2264 257 2283 292 γ

1334 300 1356 334 η
1377 300 1425 322 πε
1437 301 1454 322 ο
1466 301 1502 322 ιο
1513 300 1564 336 υχ
1575 301 1620 324 ου
1634 287 1779 346 χθονόςἒ
1798 296 2036 347 μεταφορικῶς
2050 295 2114 339 γάρ
2127 290 2185 326 καὶ
2203 303 2221 325 σ
2231 293 2288 338 τέγ

274 334 419 381 στέργειν
455 333 491 368 δὲ
532 333 745 368 τάκπεσοντα
784 333 1051 381 (τάμπεσοντα)
1085 334 1143 368 καὶ
1177 334 1301 370 θέσθαι
1334 335 1393 370 καὶ
1418 340 1536 370 νῶτα
1563 336 1644 383 φασὶ
1659 336 1703 371 τὰ
1721 337 1873 383 πεοιώοη
1897 337 1957 372 καὶ
1982 337 2101 386 εὐρέα,
2131 336 2288 388 καθάπερ

274 383 397 428 πρέπει
414 381 519 428 σοφὸν
539 381 711 428 κυβευτήν
732 384 797 414 inc.
820 384 862 414 fr.
886 381 966 423 686,
992 381 1021 415 1.
1044 401 1084 406 —
1105 382 1163 416 καὶ
1183 383 1297 430 στέργε

272 431 336 475 τὴν
355 432 503 475 γυναῖκα
523 431 577 461 Τ1.
600 427 681 462 486.
712 431 836 471 tolero,
857 434 974 471 patere
993 431 1108 462 adesse
1127 431 1228 463 domi.
1259 429 1298 464 οὐ

272 478 337 525 γὰρ
356 477 428 526 ἔχω
443 481 516 514 πῶς
536 474 575 510 ἂν
592 474 762 523 στέρξαιμι
780 476 888 510 κακὸν
903 475 981 510 τόδε
994 475 1146 511 λεύσσων
1162 475 1229 510 992
1241 489 1294 511 an.

274 527 377 558 Recte
412 525 536 556 schor:
582 522 759 561 ἀδυνάτως
795 523 867 572 ἔχω
900 527 1078 570 καρτερεῖν
1115 523 1170 557 ἐπὶ
1198 523 1298 570 τηλι-

272 571 385 619 κούτῳ
412 570 523 618 κακῷ.
554 572 617 610 Qui
636 572 852 604 Valckenarii
878 574 1102 604 coniectu-ram
1131 570 1293 618 στέξαιμι,

273 621 360 662 quod
386 621 555 660 aliquanto
582 619 718 660 quidem
749 620 805 651 hic
831 620 943 661 aptius
971 620 1100 651 dictum
1127 623 1179 651 est
1196 630 1296 661 quam

276 666 448 708 στέξαντες
466 668 523 699 OR
544 664 596 698 11.
618 668 873 707 praetulerunt,
905 664 1076 713 στέρξαιμι
1093 665 1201 700 κακὸν
1217 666 1296 700 τόδε

273 716 432 747 videntur
460 715 698 754 coniunxisse;
729 714 787 746 sed
811 713 918 747 κακὸν
944 712 1022 747 τόδε
1049 712 1201 747 λεύσσων
1219 725 1296 756 pro-

273 764 366 794 xime
386 763 577 794 cohaerent.
607 780 652 784 ——
679 762 730 793 Ab
757 762 811 793 his
831 763 998 803 exemplis
1016 763 1227 802 aliquantum
1246 763 1297 794 di-

276 820 410 842 versum
436 812 489 840 est
516 806 671 855 στέρξον,
703 807 846 842 ἱκετεύω
872 808 927 841 OC
945 806 1013 841 518
1039 809 1115 849 ch.,
1146 810 1235 850 quod
1260 820 1293 841 v.

273 854 351 889 520.
388 857 616 888 admonitione
647 853 767 889 πείθου
798 857 987 888 accuratius
1019 857 1219 898 exponitur3
1260 860 1296 888 ut

274 905 363 944 ferat
381 905 580 944 inter-royori
597 913 629 934 se
646 907 676 935 et
694 903 785 935 cedat
802 904 1027 944 respondendo
1052 908 1144 943 rogat
1161 904 1290 936 chorus.

347 958 536 1008 Στερεός
562 963 665 994 durus
682 961 873 1006 (crudelis).
910 961 1144 1008 ἁμαρτήματα
1162 962 1293 1008 στερεοί,

277 1009 484 1044 θανατόεντα
509 1010 591 1043 Ant.
627 1007 716 1042 1262
734 1021 778 1041 m.
809 1028 850 1033 —
885 1011 937 1042 De
963 1015 1043 1042 tono
1068 1011 1236 1051 colligitur
1253 1021 1294 1042 ex

272 1068 347 1103 στερ
372 1056 407 1095 ός
425 1055 519 1100 (Arc.
540 1068 574 1099 p.
597 1054 654 1098 74,
677 1055 752 1101 17.)
771 1061 805 1088 et
824 1055 958 1102 στερεόν
984 1056 1123 1101 (Herod.
1145 1069 1181 1091 π.
1202 1070 1238 1102 μ.
1260 1056 1292 1091 λ.

268 1116 301 1147 p.
323 1104 344 1139 3
381 1130 388 1146 ‚
411 1102 475 1147 1.).
1071 1103 1120 1148 [II
1137 1115 1172 1146 p.
1193 1103 1295 1150 732.)

341 1150 634 1198 Στερεόφρων
670 1152 749 1183 dure
779 1154 960 1184 animatus.
1003 1150 1145 1197 ἔμελλες
1178 1151 1294 1199 χρόνῳ

268 1199 480 1246 στερεόφρων
498 1194 550 1245 ἄρ’
577 1196 643 1233 ὧδ’
669 1197 838 1238 ἐξανύσειν
865 1197 975 1232 κακὰν
1002 1202 1126 1245 μοῖραν
1154 1198 1294 1247 ἀπειρε-

269 1245 348 1281 σίων
366 1247 480 1281 πόνων
499 1248 553 1278 Ai.
576 1244 644 1278 928
662 1247 714 1278 ch.

340 1303 509 1352 Στερέω
531 1308 640 1347 privo.
678 1307 831 1338 Actz'vum
856 1316 923 1338 uno
950 1308 1105 1347 exemplo
1123 1308 1288 1339 firmatur.

266 1353 288 1399 ἠ
308 1353 372 1401 γὰρ
391 1352 563 1399 στερήσεις
592 1351 697 1398 τῆσδε
725 1352 783 1386 τὸν
803 1356 928 1387 σαυτοῦ
945 1352 1062 1399 γόνον;
1101 1355 1184 1385 Ant.
1207 1352 1286 1386 574.

269 1402 466 1434 Passivum:
510 1400 622 1446 φωτὸς
649 1399 880 1447 ἐστερημένην
916 1402 970 1433 Tr.
1003 1398 1081 1432 177.
1125 1399 1235 1435 τῶνδέ
1261 1396 1290 1448 γ’

266 1446 493 1495 ἐστερημένος
530 1448 585 1481 OC
623 1446 702 1481 857.
763 1446 913 1481 πλούτου
960 1441 1123 1494 πατρῴου
1168 1452 1287 1494 κτῆσιν

266 1494 477 1542 ἐστερημένη
506 1496 559 1528 El.
592 1492 671 1528 960.
712 1497 851 1538 Propter
881 1497 1068 1537 insequens
1099 1498 1287 1528 membrum

264 1544 503 1591 γηράσκουσαν
521 1544 638 1575 Elmsl.
660 1543 702 1575 ad
719 1543 808 1575 Med.
829 1540 930 1576 1207.
960 1542 1192 1590 ἐστερημένην
1212 1554 1287 1576 cor-

265 1593 411 1632 rigebat,
445 1591 531 1632 quod
560 1591 725 1623 refutavit
752 1591 867 1622 Herm.
896 1592 932 1622 in
954 1591 1115 1623 Censura.
1148 1609 1189 1615 —
1223 1595 1286 1647 τῆς

264 1642 325 1684 σῆς
359 1636 388 1672 εἰ
430 1636 640 1684 στερήσομαι
671 1641 785 1683 ταφῆς
816 1639 869 1670 El.
903 1635 1004 1671 1210.
1052 1637 1227 1682 μετοικίας
1258 1636 1285 1671 0'

265 1683 324 1719 οὖν
353 1689 416 1732 τῆς
446 1682 518 1718 ἄνω
551 1683 748 1730 στερήσεται
781 1686 862 1718 Ant.
900 1682 981 1718 890.
1029 1683 1137 1732 φίλων
1171 1684 1286 1720 τοιού-

262 1744 330 1767 των
356 1732 389 1767 οἱ
416 1731 478 1777 μὲν
504 1730 728 1779 ἐστερημένοι
751 1731 927 1779 χαίρουσιν
955 1735 996 1765 fr.
1025 1734 1092 1765 inc.
1131 1731 1219 1774 741,
1250 1732 1280 1766 1.

262 1779 459 1826 [opponitur
476 1778 508 1813 οἱ
527 1778 678 1827 ἔχοντες]
709 1782 751 1812 fr.
778 1781 846 1813 inc.
868 1778 947 1821 741,
972 1779 1002 1812 1.
1038 1799 1079 1804 —
1107 1783 1184 1818 νεᾶς
1202 1793 1285 1827 τρο-

263 1831 333 1875 φῆς
352 1825 527 1873 στερηθείς
544 1828 599 1860 Ai.
620 1825 700 1860 511.
729 1825 761 1860 εἴ
780 1838 839 1861 σου
865 1826 1022 1874 στερηθῶ
1050 1828 1106 1860 OG
1127 1826 1228 1862 1442.
1249 1840 1281 1861 v,

196 1892 200 1898 ·
264 1875 305 1909 εί.
327 1874 421 1909 δυοῖν
441 1872 605 1921 ἀδελφοῖν
624 1873 859 1920 ἐστερήθημεν
879 1873 940 1908 δύο
958 1877 1042 1907 Ant.
1066 1873 1120 1908 13.
1150 1875 1214 1909 κού
1234 1876 1282 1922 μὴ

264 1920 435 1970 στερηθῇς
452 1933 490 1968 γε
508 1923 566 1955 OR
583 1920 662 1954 771.
685 1932 730 1954 sc.
752 1925 811 1955 τοῦ
832 1920 956 1967 μαθεῖν
969 1950 977 1964 ,
999 1924 1087 1965 quod
1106 1933 1284 1956 assumen-

264 1971 344 2002 dum
361 1980 404 2002 ex
423 1981 454 2000 v.
475 1966 556 2002 769.

334 2013 471 2062 Στέρη
483 2029 537 2062 μα
560 2027 629 2049 rem
647 2017 835 2057 ademptam
853 2018 1048 2058 significans
1066 2020 1102 2050 in
1119 2020 1282 2060 particula

265 2065 422 2104 Thamyr.
444 2065 485 2095 fr.
506 2061 588 2105 226,
609 2062 642 2096 3.
662 2065 788 2104 legitur
805 2065 886 2097 adeo
904 2069 1059 2107 corrupte
1077 2067 1220 2108 scripta,
1243 2071 1283 2098 ut

264 2120 330 2144 non
347 2112 487 2144 audeam
504 2112 544 2143 de
563 2112 797 2144 emendatione
815 2113 1012 2144 coniectare.

297 2168 299 2170 ’
332 2166 412 2204 Στε
424 2169 524 2216 ρκτό
536 2182 552 2208 ς
569 2170 717 2202 dilectus.
738 2168 771 2203 τί
789 2169 862 2217 δῆτ’
880 2169 958 2216 ἐμοὶ
977 2169 1123 2217 βλεπτὸν
1140 2169 1163 2217 ἢ
1183 2183 1280 2218 στερ-

240 2249 242 2251 .
260 2216 341 2252 κτόν
359 2218 418 2250 OR
437 2214 526 2250 1338
543 2228 588 2250 m.
615 2229 647 2250 v.
667 2219 783 2251 Herm.

333 2273 619 2322 Στερνόμαντ
632 2287 666 2314 ις
683 2277 705 2308 1.
728 2286 761 2318 q.
786 2274 1057 2324 ἐγγαστρίμυθος
1070 2283 1202 2319 pectore
1219 2279 1280 2320 fu-

261 2327 337 2356 tura
353 2325 410 2365 qui
423 2325 557 2365 promit.
580 2321 775 2368 [Sophocles
796 2327 928 2358 videtur
941 2326 1095 2366 posuisse
1109 2323 1165 2369 [fr.
1182 2326 1276 2368 Capt.
1306 2347 1308 2349 >

261 2368 339 2415 52.)
362 2372 430 2404 dat.
454 2372 500 2412 pl.
531 2369 812 2416 στερνομάντεσιν
838 2382 944 2415 quum
969 2373 1115 2412 Hesych.
1144 2375 1180 2405 in
1206 2384 1280 2406 cor-

260 2422 360 2460 rupta
372 2419 417 2458 gl.
430 2419 673 2459 interpretatus
684 2419 729 2450 sit
748 2416 1042 2466 ἐγγαστριμύθοις.
1063 2421 1158 2452 Idem
1175 2423 1280 2453 refert

260 2474 304 2496 ex
327 2465 479 2505 Pythone
504 2466 638 2497 rhetore
663 2467 920 2512 στερνόμαντιςε
949 2466 966 2501 ὸ
991 2465 1277 2514 ἐγγαστρίμυθος.

262 2512 343 2544 Poll.
364 2509 399 2554 2,
422 2509 500 2544 162.
523 2513 624 2545 schol.
650 2513 736 2544 Plat.
758 2526 791 2557 p.
814 2512 893 2547 372.
924 2515 1020 2546 Phot.
1044 2520 1176 2555 quaest.
1198 2517 1281 2548 Am-

262 2559 405 2599 philoch.
426 2556 484 2592 81.
505 2569 539 2601 p.
564 2557 640 2593 148.
664 2560 756 2594 Suid.
778 2573 810 2594 v.
834 2559 1106 2608 ἐγγαστρίμυθος
1125 2563 1280 2604 Sophocli

261 2605 499 2651 στερνόμαντιν
518 2608 685 2641 tribuunt.

332 2650 519 2699 Στέρνον
542 2658 668 2694 peetus.
705 2655 718 2698 ΙΙ
752 2657 887 2698 Proprie
922 2657 1062 2689 dictum.
1109 2654 1184 2690 ε’ίθε
1218 2660 1278 2691 σοῦ

261 2698 443 2746 διαμπερὲς
463 2699 608 2746 στέρνων
627 2700 731 2749 ἔχοιτ’
748 2701 892 2750 ἄλγησις
908 2702 972 2749 ἥδε
989 2704 1051 2735 Ph.
1073 2700 1168 2745 792,
1190 2706 1279 2745 quod

260 2751 374 2779 tamen
406 2748 446 2779 de
481 2749 607 2780 intimis
639 2751 745 2790 magis
779 2752 985 2791 visceribus,
1021 2761 1122 2792 quam
1147 2752 1188 2783 de
1212 2753 1279 2783 solo

258 2798 392 2835 pectore
412 2794 554 2828 dictum.
593 2793 739 2841 στέρνων
765 2795 938 2844 άραγμούς
964 2797 1018 2830 OC
1039 2795 1140 2830 1609.
1173 2800 1276 2839 plan-

259 2844 351 2882 ctus,
381 2842 422 2873 de
440 2843 563 2883 quibus
581 2843 707 2878 dictum
728 2846 830 2877 etiam
850 2843 1006 2891 ἀντήρεις
1026 2843 1171 2891 στέρνων
1190 2844 1280 2879 πλα-

257 2885 319 2931 γὰς
344 2886 608 2934 αἱμασσομένων
634 2891 686 2922 El.
709 2888 753 2924 90
781 2902 858 2933 an.;
887 2893 970 2924 item
992 2890 1229 2940 γερόπληκτοι
1251 2891 1278 2926 δ’

259 2934 294 2968 ἐν
312 2933 477 2980 στέρνοισι
493 2939 676 2971 πεσοῦνται
693 2935 812 2972 δοῦποι
829 2940 884 2972 Ai.
906 2936 973 2972 633
993 2933 1045 2972 c‘h.
1074 2940 1200 2972 Mirum
1220 2941 1278 2972 LA

258 2992 334 3014 cum
363 2983 489 3024 aliquot
514 2994 625 3025 apogr.
661 2982 808 3031 ἄμετρον
831 2988 956 3019 referre
983 2985 1143 3031 στέρνοις.
1186 2985 1220 3024 ἐς
1240 2986 1277 3021 δὲ

257 3027 453 3074 πλεύμονας
484 3034 630 3076 στερνῶν
661 3029 888 3079 διερροίζησεν
917 3032 1003 3079 (ἰός)
1032 3035 1087 3067 Tr.
1123 3031 1202 3067 568.
1249 3034 1276 3068 ὦ

257 3080 349 3109 νῶτα
366 3074 424 3109 καὶ
442 3074 563 3124 στέρνα
581 3075 681 3110 1090.
702 3097 743 3103 --
763 3079 777 3122 ΙΙ
796 3081 929 3112 Tralate
946 3081 987 3112 de
1006 3083 1119 3113 animo
1138 3077 1273 3115 dicitur.

256 3121 294 3156 τὸ
329 3121 386 3156 σὸν
421 3121 469 3168 μὴ
500 3123 635 3169 στέρνον
666 3123 850 3173 ἀλγύναιμι
875 3128 932 3161 Tr.
951 3125 1032 3160 482.
1070 3126 1106 3167 ἐξ
1123 3126 1276 3173 εὐμενῶν

256 3168 403 3214 στέρνων
430 3168 590 3217 δέχεσθαι
614 3171 671 3205 τὸν
700 3171 814 3219 ἱκέτην
832 3174 886 3206 OG
904 3172 984 3207 487.
1024 3172 1115 3208 οὕτω
1131 3174 1202 3222 γρὴ
1222 3174 1276 3208 διὰ

256 3215 402 3262 στέρνων
421 3214 511 3264 ἔχειν
529 3219 610 3250 Ant.
633 3216 712 3252 639.
752 3222 797 3251 sic
814 3223 1002 3254 animatum
1018 3232 1096 3254 esse.
1142 3218 1275 3268 ἀνδρῶν

254 3261 319 3308 γὰρ
348 3261 481 3298 ἐσθλῶν
513 3263 649 3310 στέρνον
680 3265 719 3300 ού
745 3265 955 3312 μαλάσσεται
980 3269 1097 3310 Eriph.
1127 3270 1169 3302 fr.
1190 3267 1271 3302 203.

255 3320 324 3342 non
352 3315 571 3343 commovetur
600 3315 791 3353 importuna
809 3316 1099 3348 commiseratione.
1146 3315 1274 3362 στέρ-

254 3367 345 3391 νονι
376 3354 525 3398 διάνοια,
548 3357 666 3404 φρένες
686 3361 830 3400 Hesych.
1292 3336 1294 3408 ψ

1335 381 1436 417 πάλιν
1464 382 1658 430 αὐχένας
1683 382 1725 418 τὰ
1744 383 1854 418 στενά.
1896 386 2024 419 Eadem
2049 388 2121 419 fere
2140 387 2236 420 Suid.
2256 389 2288 423 hi

1336 442 1366 463 v.
1396 429 1517 477 στέρνα
1540 429 1689 478 χθονός;
1721 433 1875 474 sequitur
1898 434 2001 466 etiam
2026 435 2287 476 explicationem

1334 479 1413 510 locis
1423 479 1617 519 patentibus
1635 482 1664 511 et
1682 479 1918 520 campestribus
1934 481 2095 515 Eustath.
2116 492 2149 524 p.
2171 478 2240 515 309
2253 509 2260 523 ,
2282 481 2288 515 Ξ

1334 527 1393 566 qui
1419 527 1582 567 quomodo
1608 528 1854 568 interpretatus
1880 529 1925 559 sit
1947 530 2025 561 sciri
2042 539 2142 572 posse
2159 531 2288 571 negat]

1333 574 1449 613 sigius,
1474 575 1613 615 primam
1632 576 1799 606 rationem
1817 584 1878 607 suo
1895 577 2054 616 suffragio
2072 577 2227 618 probans.
2256 578 2288 610 H

1333 621 1460 652 refellit
1477 621 1592 653 Herm.
1615 619 1672 666 [E.
1692 621 1829 654 Curtius
1848 623 1907 654 illa
1924 623 1995 655 loca
2013 625 2137 656 itinere
2155 633 2288 666 permen

1335 670 1538 715 στερνοῦχος
1565 670 1752 709 significare
1778 674 1895 702 censet
1912 680 2030 703 saxosa
2051 672 2121 704 loca
2137 674 2172 703 et
2188 673 2280 705 edita

1333 716 1432 757 plano
1458 717 1592 756 fastigio
1619 718 1690 748 scil.
1720 714 1828 762 ἀργὴς
1846 713 2014 756 Κολωνός
2043 722 2079 751 et
2095 716 2210 766 πάχος
2228 715 2255 754 Δ
2279 733 2288 776 γ

1332 773 1411 807 τρος
1429 761 1577 810 εὐχλόου
1602 775 1633 795 ν.
1659 761 1792 807 1600.].
2133 766 2182 811 (11
2198 777 2232 809 p.
2277 779 2288 800 ε

1406 818 1630 868 Στέρομαι
1655 833 1760 855 careo,
1797 821 1928 870 χαίρειν
1953 835 1990 858 τε
2014 823 2072 858 καὶ
2099 824 2279 872 στέρεσθαι

1335 866 1401 901 136
1420 870 1471 901 eh.
1502 870 1555 902 Ad
1572 870 1657 902 hanc
1683 872 1887 903 sententiam
1905 872 2068 914 quadrat,
2097 883 2175 906 cum
2201 875 2277 906 aliis

1333 927 1452 948 norum
1482 918 1680 958 scriptorum
1708 919 1806 950 dictis
1831 923 1962 959 pugnat
1978 919 2178 952 Buttmanni
2204 922 2288 954 doct:

1332 965 1373 995 de
1403 966 1514 996 verbis
1546 964 1708 1011 στέρομαι
1741 970 1775 997 et
1802 967 2002 1011 στεροῦμαι;
2041 978 2072 999 V.
2095 968 2288 1010 Popponem

1333 1012 1484 1051 Thucyd.
1506 1009 1540 1052 8,
1565 1010 1595 1044 1.

1404 1055 1607 1104 Στεροπή
1650 1061 1783 1102 proprie
1813 1061 1942 1101 fulyur.
1983 1059 2146 1108 λαμπρᾶς
2179 1062 2243 1109 γὰρ
2272 1061 2288 1098 ὂ

1332 1109 1498 1151 στεροπᾶς
1526 1099 1606 1152 ᾅξας
1632 1105 1708 1146 ὀξὺς
1732 1107 1831 1145 νότος
1856 1107 1904 1146 ὣς
1928 1105 2028 1155 λήγει
2052 1111 2109 1142 Α1.
2136 1107 2206 1143 257
2236 1122 2288 1145 an.

1330 1155 1411 1185 Lob.
1434 1152 1514 1199 πυρὶ
1532 1152 1590 1187 καὶ
1609 1157 1790 1200 στεροπαῖς
1807 1156 1865 1188 OR
1878 1153 1947 1188 470
1960 1158 2011 1189 oh.
2033 1158 2105 1190 Non
2124 1163 2208 1200 puto
2226 1157 2288 1192 ἀστ

1329 1199 1396 1238 πὰς
1415 1198 1547 1239 Πυθίας
1567 1204 1731 1244 spectari,
1757 1203 1798 1234 de
1816 1204 1941 1244 quibus
1960 1204 2079 1237 Herm.
2101 1206 2190 1238 dixit
2208 1206 2248 1239 ad
2266 1207 2288 1239 E

1328 1249 1400 1282 Ion.
1429 1246 1509 1281 298.
1541 1254 1574 1281 et
1602 1249 1638 1282 O.
1670 1249 1708 1282 Ο.
1730 1250 1915 1283 Muellerus
1945 1252 2025 1284 Dor.
2059 1254 2123 1285 vol.
2144 1255 2173 1286 I.
2194 1264 2228 1296 p.
2250 1251 2288 1288 24

1328 1297 1384 1328 sed
1403 1297 1598 1338 Apollinem
1623 1298 1768 1329 fulmine
1785 1299 1874 1330 Iovis
1898 1303 2065 1331 armatum
2090 1301 2126 1332 in
2143 1302 2288 1342 piacular

1327 1344 1498 1375 hominem
1516 1345 1674 1385 ingruere
1693 1345 1770 1377 dici.
1801 1363 1842 1368 —
1870 1346 2088 1379 Transfertur
2111 1348 2152 1380 ad
2178 1349 2288 1389 solist

1325 1401 1445 1430 yorem.
1484 1391 1512 1425 ὦ
1539 1389 1684 1437 λαμπρᾶ
1709 1391 1856 1438 στεροπᾶ
1906 1391 2059 1439 λεγέθων
2090 1395 2147 1427 Tr.
2169 1393 2213 1428 99
2231 1397 2283 1429 ch.

1326 1439 1515 1471 Accentum
1533 1426 1755 1472 notavit'Arc.
1778 1451 1812 1481 p.
1836 1404 1915 1482 113,
1935 1439 1989 1474 14.

1398 1483 1572 1532 Στέροψ
1599 1487 1741 1519 lucidus.
1771 1485 1897 1535 στέροψ
1919 1486 2035 1536 λιγνύς
2060 1490 2143 1523 Ant.
2175 1487 2265 1522 1126

1324 1544 1355 1564 v.
1383 1531 1509 1579 λιγνύς.
1545 1535 1587 1566 cf.
1622 1535 1737 1576 Intpp.
1771 1539 1805 1567 et
1822 1536 2058 1570 Hemsterhus.
2087 1538 2129 1570 ad
2154 1538 2235 1570 Luc.
2256 1539 2287 1571 D

1323 1580 1421 1612 Mort.
1443 1585 1468 1614 t.
1490 1579 1522 1613 2.
1540 1591 1574 1623 p.
1589 1579 1668 1614 527.
1691 1583 1767 1623 Bip.
1785 1601 1831 1606 —
1849 1584 1901 1615 De
1919 1587 1998 1616 tono
2015 1595 2047 1616 V.
2069 1585 2145 1616 Arc.
2162 1595 2197 1628 p.
2213 1581 2270 1625 94,

1396 1635 1599 1686 Στέφᾶνο
1612 1652 1626 1678 ς
1653 1650 1785 1673 corona.
1815 1642 1952 1684 Proprie
1970 1644 2101 1676 dictum
2124 1640 2203 1678 οὔτε
2222 1654 2288 1676 στεε

1320 1698 1388 1719 νων
1408 1684 1485 1721 οὔτε
1504 1685 1647 1732 βαθεῖαν
1665 1686 1816 1722 κυλίκων
1834 1692 1951 1734 νεῖμεν
1979 1689 2057 1735 ἐμοὶ
2078 1685 2195 1736 τέρψιν
2215 1688 2288 1736 ὁμιλ

1320 1735 1375 1766 Ai.
1400 1731 1488 1766 1199
1509 1735 1560 1766 ch.
1592 1736 1810 1767 Transfertur
1827 1737 1865 1768 ad
1893 1738 2029 1770 laudem
2053 1740 2207 1771 victoriae
2239 1739 2288 1779 sig

1322 1782 1503 1814 fleandam:
1523 1780 1624 1815 τοῦδε
1642 1781 1706 1829 γὰρ
1725 1782 1742 1817 ὁ
1762 1782 1927 1830 στέφανος
1945 1785 2005 1816 Ρ11.
2023 1782 2089 1817 841
2111 1786 2162 1818 ch.
2184 1785 2230 1819 ὧν
2252 1783 2288 1828 (ἀ

1322 1827 1457 1871 στείων)
1485 1827 1585 1867 αὐτὸς
1605 1828 1686 1878 ἔσχε
1707 1829 1871 1877 στέφανον
1889 1830 2045 1871 εὐκλείας
2063 1830 2170 1879 μέγαν
2187 1833 2243 1866 Ai.
2261 1830 2288 1866 4¹

1320 1877 1467 1955 6441?
1487 1875 1652 1924 στέφανον
1679 1876 1815 1911 εὐκλεᾶ.
1847 1897 1887 1902 -
1923 1880 2056 1912 Το1111111
2081 1881 2160 1914 Arc.
2189 1881 2287 1914 docet

1368 1949 1375 1964 ‚
1449 1949 1455 1956 .

1392 1968 1630 2018 Στεφανόω
1673 1982 1803 2006 corono,
1850 1973 2142 2022 στεφανωσαμένη
2177 1973 2254 2021 δρυῒ
2284 1987 2288 1995 ¹

1318 2016 1485 2056 πλεκταῖς
1500 2019 1606 2063 ὠμῶν
1618 2018 1784 2067 σπείραισι
1799 2019 1995 2066 δρακόντων
2005 2023 2137 2055 Rhizot.
2155 2023 2196 2055 fr.
2210 2019 2288 2064 480,

1390 2075 1501 2123 Στεφ
1513 2077 1560 2112 άν
1572 2077 1666 2123 ω’μα
1691 2079 1851 2120 quidquid
1869 2082 1972 2120 cinyit
1989 2090 2017 2113 s.
2039 2081 2234 2114 circumdat.
2262 2092 2288 2114 α

1319 2123 1470 2170 φάνωμα
1487 2124 1625 2172 πύργων
1644 2127 1727 2158 Ant.
1751 2123 1819 2158 122
1836 2127 1887 2159 ch.
1915 2126 1974 2160 τὸν
1995 2126 2125 2162 κύκλον
2142 2131 2203 2162 τοῦ
2220 2126 2288 2162 &ox-

1318 2173 1442 2213 schol.;
1467 2174 1590 2205 melius
1610 2178 1680 2205 erat
1699 2171 1880 2219 περίβολος
1897 2172 2046 2222 τείχους.
2071 2175 2126 2218 [cf.
2149 2186 2175 2209 s.
2198 2175 2288 2223 στέγ(

1320 2238 1358 2242 -
1389 2224 1669 2252 coronamentum.
1710 2219 1910 2266 νάρκισσος,
1952 2220 2117 2269 μεγάλαιν
2147 2221 2244 2258 θεαῖν
2273 2221 2288 2258 d

1314 2269 1416 2314 χαῖον
1432 2266 1640 2314 στεφάνωμα
1658 2268 1712 2301 OG
1732 2265 1801 2300 684
1818 2269 1870 2301 ch.
1892 2279 1924 2301 v.
1947 2268 2052 2316 μέγας
2071 2274 2106 2302 et
2121 2268 2198 2305 θεά.

1390 2323 1554 2406 ξῖξφος
1581 2337 1716 2361 corono.
1754 2321 1828 2361 τάδ’
1852 2327 1887 2363 ἐν
1908 2331 2027 2375 χεροῖν
2047 2327 2155 2375 στέφη
2180 2326 2288 2374 λαβού

1388 2417 1413 2454 Σ
1427 2432 1445 2453 τ
1456 2419 1471 2453 έ
1483 2433 1506 2468 φ
1518 2434 1546 2454 ω
1565 2424 1724 2455 universe
1739 2423 1907 2455 circumdo
1921 2420 1976 2466 [ut
1985 2423 2092 2455 voluit
2111 2421 2288 2469 στέφουσι]

1317 2467 1470 2515 στέγουσι
1489 2469 1543 2501 OC
1565 2467 1607 2501 14
1637 2470 1678 2501 de
1711 2471 1862 2502 turribus
1889 2471 1955 2502 dici
1979 2468 2131 2515 Wakef]
2165 2482 2184 2503 a
2209 2473 2288 2512 stipe

1315 2517 1447 2557 proprie
1467 2520 1500 2548 et
1517 2519 1674 2549 consertis
1691 2518 1849 2549 ductum:
1871 2529 1903 2550 v,
1923 2517 2040 2550 Herm.
2058 2518 2099 2549 ad
2111 2518 2194 2551 Eur.
2213 2519 2288 2550 Bac«

1318 2560 1395 2595 115.
1430 2564 1560 2595 Buttm.
1596 2564 1705 2596 Lexil.
1742 2562 1772 2596 1.
1805 2575 1839 2606 p.
1870 2562 1925 2597 96.
1967 2565 2036 2596 Nec
2065 2566 2151 2597 male
2180 2574 2288 2606 generi

1316 2609 1448 2656 στέφειν
1474 2615 1509 2642 et
1526 2614 1656 2652 partem
1674 2614 1809 2652 generis
1828 2614 1979 2644 referens
2000 2614 2187 2658 στεφανοῦν
2212 2613 2288 2646 disti

1314 2658 1390 2697 guit
1407 2658 1473 2689 EM
1490 2668 1523 2699 p.
1546 2655 1624 2698 726,
1647 2656 1704 2690 45.
1741 2660 1792 2690 Ab
1818 2660 1876 2690 illa
1900 2661 2035 2701 propria
2059 2660 2208 2692 dictione
2226 2663 2288 2695 trai

1313 2706 1474 2736 feruntur
1499 2706 1596 2737 haec:
1634 2708 1752 2751 χοαῖσι
1777 2705 2004 2751 τρισπόνδοισι
2027 2705 2085 2739 τὸν
2103 2705 2203 2740 νέκυν
2222 2705 2288 2741 στέι

1314 2752 1394 2783 Ant.
1416 2749 1497 2784 431.
1520 2753 1590 2792 lac,
1619 2755 1755 2793 vinum,
1782 2755 1846 2784 mel
1870 2754 2003 2794 fundit,
2031 2754 2216 2786 secundum
2234 2755 2288 2788 He

1313 2799 1352 2830 Il.
1374 2796 1405 2830 λ.
1427 2796 1483 2831 26.
1525 2800 1570 2831 Et
1599 2810 1674 2831 cum
1706 2805 1879 2840 zeugmate
1907 2802 2013 2840 figura
2040 2798 2109 2845 τύμ
2133 2812 2169 2834 ον
2188 2799 2288 2846 λοιβα

1312 2844 1371 2879 καὶ
1396 2845 1604 2891 καρατόμοις
1629 2845 1767 2894 χλιδαῖς
1795 2846 1977 2893 στέψαντες
2002 2849 2056 2880 El.
2077 2847 2098 2880 5
2127 2874 2134 2880 .
2163 2850 2206 2881 cf.
2233 2848 2288 2893 Eu

1313 2904 1346 2934 p.
1369 2889 1448 2933 692,
1480 2891 1535 2925 58.
1575 2895 1626 2925 De
1656 2904 1722 2935 quo
1749 2897 1940 2927 sententiae
1964 2905 2088 2934 genere
2106 2906 2138 2927 v,
2165 2894 2272 2928 Stanl.

1313 2941 1437 2972 Aesch.
1470 2940 1618 2982 Choeph.
1641 2938 1696 2973 93.
1729 2945 1763 2973 et
1788 2942 1938 2974 Nitzsch.
1969 2943 2010 2974 ad
2035 2943 2135 2974 Hom.
2156 2943 2283 2983 Odyss.'

1315 2983 1394 3019 149.
1423 2987 1508 3019 Inde
1526 2988 1561 3019 in
1582 2988 1789 3030 Choephoris
1820 2990 1913 3030 ipsae
1930 2987 2012 3035 χοαί
2030 2989 2192 3022 dicuntur
2209 2987 2288 3036 στέφ

1312 3035 1438 3076 quippe
1457 3032 1679 3074 circumfusae
1705 3037 1876 3077 sepulcro,
1906 3042 1940 3067 et
1964 3035 2190 3083 καταστέφειν
2216 3041 2288 3070 (Ξῖ-κ

1313 3079 1450 3114 λύπτειν
1469 3081 1514 3128 γῇ
1532 3083 1716 3123 Euripides
1742 3084 1857 3114 iunxit
1874 3084 1999 3115 Phoen.
2024 3080 2126 3116 1633.
2170 3085 2240 3116 Neo
2257 3093 2288 3116 στ

1313 3130 1441 3172 φανοῦν
1458 3126 1588 3173 τύμβον
1603 3127 1722 3173 αἵματι
1741 3130 1963 3172 explicuerim
1975 3132 2077 3174 τιμᾶν
2092 3141 2168 3162 cum
2180 3130 2288 3171 Pflug!

1314 3176 1396 3207 Eur.
1419 3176 1502 3207 Hec.
1527 3173 1604 3208 128.
1641 3178 1904 3217 Wesselingium
1923 3180 2049 3209 testato
2070 3178 2110 3209 ad
2128 3178 2228 3210 Diod.
2249 3181 2274 3210 t.

1311 3232 1345 3263 p.
1368 3219 1446 3255 684.
1466 3247 1473 3263 ‚
1494 3223 1553 3254 sed
1570 3223 1799 3256 diversissima
1816 3225 2000 3264 miscente,
2030 3228 2069 3255 ut
2094 3234 2136 3256 ne
2161 3226 2202 3257 ab
2218 3225 2288 3262 Aia:

1312 3269 1447 3310 quidem
1478 3280 1508 3301 v.
1540 3267 1596 3302 93.
1638 3271 1858 3302 abstinuerit:
1903 3274 1956 3303 est
1981 3271 2072 3309 enim
2099 3269 2186 3317 αἷμα
2209 3267 2288 3350 τύμξ

1312 3314 1523 3362 ἐπιστέφειν,
1558 3327 1623 3357 quo
1656 3319 1754 3349 verbo
1785 3318 1885 3359 Soph.
1916 3328 1998 3350 usus
2024 3319 2059 3355 in
2085 3319 2190 3350 simili
2214 3328 2250 3350 re
2287 3357 2288 3360 Ἴ

1311 3359 1391 3395 441.
1413 3381 1458 3386 —-
1495 3363 1583 3396 Hinc
1613 3375 1630 3396 a
1660 3369 1753 3405 parte
1786 3366 1826 3396 ad
1852 3368 1955 3396 totam
1983 3374 2051 3396 rem
2079 3365 2288 3405 significanda
