2288 3600
66 0 126 33 wius.
230 0 269 13 »w

56 18 113 46 ..sff-

50 51 63 59 1.-
75 47 79 50 ’
118 47 122 50 ·

25 142 30 218 ⁴4
51 177 102 213 φ.
118 166 335 218 176-1733]

0 253 177 321 ᾗύσμορος
192 273 253 306 Ph.
273 271 353 307 949.
406 271 523 308 οἶκτος
548 272 656 312 δεινὸς
681 272 889 319 ἐμπέπτωκέ
911 283 963 311 τις
980 270 1020 306 οὐ

0 322 65 356 &ev
83 324 221 367 πρῶτον
235 317 316 354 966.
355 319 413 354 καὶ
429 322 487 354 νῦν
509 318 566 354 ὅδε
583 320 667 367 πρὸς
682 323 747 367 τῆς
760 318 872 367 τύχης
888 317 1019 355 ὄλωλεν

1970 155 2070 204 475

1059 270 1150 305 1452
1166 283 1221 305 an.
1266 270 1343 306 ἀλλ’
1357 270 1438 306 οὐδὲ
1454 273 1514 304 νῦν
1533 281 1570 305 σε
1589 271 1638 316 μὴ
1657 269 1794 316 παρόντ’
1810 269 1870 317 ἴδῃ
1888 269 1996 309 πέλας
2013 271 2068 303 Ai.

1056 317 1114 352 83.
1168 313 1270 360 οἶσθ’,
1291 319 1320 353 ὦ
1336 316 1412 359 ξέν’,
1433 319 1481 352 ὡς
1496 320 1555 351 νῦν
1574 317 1624 364 μὴ
1643 328 1661 352 σ
1689 316 1794 364 αλῄςς
1815 316 1930 351 0075
1948 319 1971 350 i.
1985 328 2015 351 e.
2038 320 2074 349 in

0 359 63 409 {GR
87 364 168 400 948.
213 365 231 402 ἔ
251 379 347 402 νωκα
373 366 436 412 μὲν
460 369 520 401 νῦν
548 368 605 400 Oc
622 365 680 401 96.
723 365 782 401 καὶ
804 369 863 400 νῦν
880 364 1020 413 ἀφεῖται
1053 376 1220 408 praesens.
1274 366 1324 412 μὴ
1337 368 1396 399 νῦν
1417 363 1462 400 ἔτ’
1479 363 1580 414 εἴπῃς
1598 365 1652 398 El.
1696 363 1754 398 24.
1799 364 1858 423 μή,
1867 375 1910 411 με
1923 366 1982 398 νῦν
2001 376 2072 419 μη-

0 407 115 455 ᾒιάντα
131 414 214 447 Ant.
258 412 335 448 165.
371 417 430 447 νῦν
456 408 485 447 δ’
500 411 657 461 ηὕρημαι
683 415 738 447 Tr.
763 411 863 447 1074.
914 416 974 447 νῦν
992 411 1021 447 δ’
1055 412 1128 448 κὲτι
1161 424 1253 460 παρα
1275 412 1363 459 άγῃς
1396 410 1466 446 854
1483 423 1528 444 m.
1581 411 1631 458 μὴ

0 454 65 504 [ὧδ’
83 459 348 509 ἐκπεπόρθημαι
368 459 468 494 1103.
520 464 580 495 νῦν
606 459 644 495 δὲ
732 459 847 499 κεῖνός
873 471 910 494 τε
926 458 1019 509 λύπῃ

0 510 71 556 μᾶς
99 506 264 554 ἐλήλαται
288 507 382 557 κακῇ
405 509 460 541 Αἰ.
489 505 568 542 274.
619 510 679 542 νῦν
714 506 753 542 δὲ
813 506 897 546 ίλοις
931 506 1020 554 μέγα

0 553 130 598 ΐάὲνθος
173 552 295 602 ὕρηται
323 553 392 588 614
409 556 460 587 ch.
503 557 563 589 νῦν
589 551 616 588 δ’
653 552 754 593 οὗτος
801 557 910 589 νεῖται
937 564 1019 588 στυ-

0 600 96 649 “,“ερῷ
113 566 249 646 δατίμονι
279 600 367 635 1214
393 603 444 635 eh.
490 600 615 661 εἴρηκα
649 601 712 647 μὲν
736 603 795 636 νῦν
821 603 929 635 ταῦτα
961 603 1014 634 ΕΙ.

0 613 60 690 ³3.
112 651 171 682 νῦν
205 645 232 682 δ’
265 647 446 683 ἐκλέλοιπε
477 652 562 683 ταῦτ
604 646 640 683 ἐν
669 646 786 696 ἡμέρα
815 647 885 728 gt}
913 646 1014 681 1148.

6 696 157 731 Part-'aw
192 697 251 729 νῦν
280 694 319 730 δὲ
344 698 520 743 μηγαναῖς
545 696 761 741 σεσωσμένον
796 694 811 728 1
839 693 863 728 2
890 721 897 728 .
947 698 1018 729 τῶν

0 738 90 790 ζπρός
108 753 144 776 σε
162 745 220 776 νῦν
239 737 431 789 εἰρημένων
449 743 505 776 OC
522 741 603 777 257.
639 742 758 790 φρόνει
775 741 885 788 βεβὼς
899 740 942 777 αὖ
959 744 1019 776 νῦν

2 788 61 833 ἀπὶ
78 789 179 836 ξυροῦ
195 788 305 837 τύχης
324 791 404 823 Ant..
426 788 507 823 996.
561 790 711 832 Perfecta
728 792 844 830 forma,
863 799 1018 831 praeson-

4 838 53 873 iia
78 837 324 878 significatione
342 838 424 870 haec
435 841 534 870 sunt:
563 836 603 871 τὸ
627 839 686 871 νῦν
713 837 879 883 παρεστὸς
903 838 1019 874 νεῖκος

0 885 64 928 DE
80 881 160 918 633.
205 882 240 918 οἳ
255 886 315 918 νῦν
331 883 371 918 τὸ
389 882 510 931 θήβης
527 883 643 918 πεδίον
660 883 855 931 άμφεστᾶσι
880 886 946 918 πᾶν
964 885 1019 916 OG

25 929 109 965 311.
162 929 227 965 οὐκ
244 929 358 966 ,οἶσθα
381 930 440 965 καὶ
463 934 522 965 νῦν
540 931 587 971 ὡς
612 930 762 978 ἀνιαρῶς
785 929 912 978 λέγειςς
935 932 1016 963 Αιιι.

10 1015 12 1018 ,
30 975 84 1013 16.
136 977 195 1012 καὶ
210 980 269 1012 νῦν
288 976 365 1012 οῖδα
380 979 441 1011 ΡΙι.
458 976 538 1012 634.
590 977 634 1013 τὰ
651 978 688 1013 δὲ
712 981 772 1012 νῦν
797 977 931 1013 ἑστῶτα
960 978 1016 1010 Tr.

0 1022 93 1059 {1271
112 1035 167 1058 an.
218 1023 256 1059 εὖ
274 1027 332 1059 νῦν
346 1019 416 1059 τόδ’
435 1023 506 1060 ἴσθι
523 1026 578 1059 Ai.
604 1023 704 1059 1308.
757 1024 864 1071 μόνος
889 1024 1019 1070 βροτῶν

0 1072 62 1114 ἐῶν
87 1070 154 1106 ἴσθ’
183 1070 395 1119 ἐποικτείρας
424 1072 507 1107 ποτέ
532 1074 584 1106 ΕΙ.
615 1070 715 1106 1200.
777 1073 1021 1113 Coniungenda

0 1116 62 1157 μῦν
79 1117 182 1161 ποτέ,
209 1129 300 1152 nunc
326 1120 456 1152 tandem
482 1120 673 1162 aliquando.
706 1138 791 1146 ——
812 1120 827 1162 ΙΙ
844 1120 1019 1152 Praesenti

0 1166 39 1206 &qut
62 1167 242 1208 praeterito
267 1168 419 1209 proxime
446 1168 548 1200 situm
574 1169 774 1209 futurum
799 1171 871 1209 est;
907 1168 962 1199 cui
991 1167 1018 1198 si

0 1206 191 1259 {ipplioatur
206 1215 288 1254 νῦν,
317 1215 509 1255 interdum⁷
540 1216 598 1247 ubi
627 1225 680 1248 res
700 1216 854 1257 proximo
887 1224 1020 1256 quoque

0 1258 156 1305 &mpure
175 1262 306 1294 instans
331 1267 534 1294 memoratur
558 1260 614 1305 (ut
638 1262 699 1294 Ph.
728 1259 810 1294 719.
854 1262 910 1294 00
934 1258 1016 1294 861.

0 1299 7 1323 ἵ
35 1307 58 1341 Ι.
89 1305 190 1351 786),
228 1309 460 1350 interpreteris
494 1311 572 1341 iam.
635 1310 694 1342 νῦν
730 1306 813 1343 δ’...
847 1305 1019 1352 εὐδαίμων

29 1352 122 1388 νύσει
139 1354 202 1387 Ph.
223 1352 292 1387 719
309 1355 362 1388 eh.
414 1354 473 1389 καί
500 1350 535 1400 μ’
552 1353 611 1394 οὓς
630 1352 767 1411 ἐθήρων
786 1367 810 1390 π
834 1353 929 1396 όσθε,
950 1352 1021 1401 θη-
1037 1378 1040 1405 γ

2 1410 150 1443 μισουσι
181 1403 240 1436 νῦν
274 1399 356 1435 958.
407 1405 466 1436 νῦν
500 1401 538 1436 δὲ
562 1401 616 1436 σοί
638 1397 668 1448 γ’
693 1403 782 1438 εκὼν
826 1400 1022 1447 κστήσομαι

33 1478 35 1480 ,
106 1474 112 1480 .
166 1447 214 1486 ὡς
241 1450 301 1482 νῦν
320 1451 387 1483 πᾶν
404 1447 557 1483 τελοῦντι
582 1449 736 1496 προξένει
759 1451 814 1483 Oc
840 1447 921 1483 465.
974 1410 1041 1492 ὡςΙ

124 1497 183 1529 νῦν
201 1495 409 1541 πεπράξεται
424 1495 505 1529 861.
549 1499 607 1530 νῦν
627 1492 654 1530 δ’
672 1495 798 1542 οὕσπερ
816 1494 917 1534 αὐτὸς
941 1494 1022 1533 τοὺς
1039 1499 1040 1543 {

4 1535 130 1591 ‘gp-ou<
159 1540 292 1589 εἰσῆλθ’
317 1541 420 1591 ἔχων,
449 1542 616 1578 τούτοισιν
645 1542 906 1591 ἁρμοσθήσεται
937 1540 1041 1590 907.ῥ

5 1594 37 1638 3³>
80 1587 108 1624 δ’
125 1587 224 1623 οὐδὲν
243 1586 392 1637 ἐλλείψω
411 1591 465 1623 Tr.
488 1588 544 1624 90.
589 1590 647 1625 καὶ
670 1594 729 1625 νῦν
756 1589 820 1625 οὐκ
845 1589 948 1638 ἔγχος
973 1597 1040 1623 τιςἸ

13 1649 22 1676 g
69 1646 167 1682 σιμον
191 1634 256 1671 οὐκ
280 1635 484 1684 ἀποτρέψει;
518 1636 608 1671 1013
625 1649 669 1671 ιιι.
723 1637 814 1684 ἐρεῖς
849 1638 911 1683 μὲν
942 1635 1041 1684 οὐχὶῖ

7 1679 36 1724 'p
80 1694 118 1729 γε
144 1684 197 1716 ΕΙ.
218 1681 300 1717 552.
350 1686 409 1718 νῦν
444 1679 473 1718 δ’
492 1682 603 1730 ἕκηλά
627 1696 694 1720 που
784 1682 1020 1730 ἡμερεύσομεν

7 1732 85 1775 [jin
115 1749 156 1755 —
177 1732 208 1763 d.
230 1732 292 1764 Est
309 1733 368 1764 ubi
393 1734 514 1764 aoristo
539 1734 599 1765 νῦν
625 1734 777 1765 addatur.
830 1735 889 1766 νῦν
924 1726 953 1764 δ’
987 1730 1041 1765 ἑς’

8 1774 29 1822 ξ
81 1775 172 1811 είνου
199 1772 291 1823 κρᾶτ’
318 1776 461 1824 ἐνήλαθ’
485 1777 509 1823 ἡ
527 1777 618 1827 τύχη
645 1781 702 1813 OR
719 1777 800 1812 263.
854 1778 930 1813 εὖτε
962 1781 1042 1826 νῢνζ

9 1820 106 1872 ῥ-ἰας
130 1820 258 1872 ἕκαμψ’
275 1822 344 1872 ἐγώ
361 1826 418 1859 00
435 1824 492 1859 84.
536 1829 595 1860 νῦν
614 1821 642 1860 δ’
656 1824 798 1873 εἰσῆλθε
810 1828 885 1860 τοῖν
903 1836 1021 1872 τρισα-

10 1869 112 1914 ,ζ’ζίοιν
148 1870 217 1918 ἔρις
241 1872 333 1918 κακή
367 1871 448 1906 371.
499 1875 558 1907 νῦν
593 1868 622 1907 δ’
648 1872 738 1918 ἡνίκ’
771 1871 890 1908 ἄθλων
922 1867 1020 1906 τῶνδ’

10 1917 189 1966 ,χρτελὴς
215 1917 279 1966 ἔφυ
309 1918 459 1954 ἐνταῦθα
493 1919 536 1966 δὴ
564 1919 711 1965 μάλιστα
735 1914 925 1967 ταρβήσασ’
951 1918 1042 1967 ἔχωΙ

1039 1685 1041 1719 !
1058 1684 1190 1732 ἡμέρας
1198 1688 1263 1731 τῆς
1273 1687 1331 1718 νῦν
1343 1683 1444 1722 σέλας
1455 1686 1510 1717 Αἱ.
1524 1683 1593 1718 856
1603 1686 1691 1726 quod

11 1978 36 1991 ¹⁵
80 1963 136 1998 36.
189 1966 283 2006 Quod
306 1969 487 2009 quominus
505 1969 738 2009 coniungenda
767 1969 873 2000 dicam
900 1969 959 2000 νῦν

59 2030 92 2053 2⁵,
112 2015 316 2046 coacervatio
341 2015 571 2047 adverbiorum
602 2013 752 2049 ἐνταῦθα
785 2013 828 2060 δή
856 2016 890 2047 in
925 2025 1024 2046 causa

13 2095 43 2110 4
72 2071 79 2091 :
101 2061 270 2115 sicigitur
288 2063 388 2119 >verpa
409 2072 590 2118 eomponoj
625 2061 728 2141 ἠνίκρι
748 2064 807 2095 νῦν
834 2059 1023 2142 ύπξρητᾸλὴς

81 2132 88 2139 .
133 2109 193 2140 νῦν
224 2106 243 2140 ὃ
278 2120 325 2146 ως
343 2119 380 2142 ετ
414 2107 478 2142 οὐκ
495 2108 543 2143 ὧν
561 2120 634 2143 ειπε
654 2108 697 2142 16
726 2134 732 2141 .
784 2111 842 2142 νῦν
870 2108 887 2142 ὃ
981 2115 1024 2141 τε

81 2152 132 2187 υσ’
146 2152 309 2188 ἐπίπονον
327 2153 459 2202 ἁμέραν
485 2153 676 2201 [ἐπιπόνων
702 2155 834 2203 ἁμερᾶν
863 2119 980 2188 Ι)ὶιι(1.ρ
990 2127 1018 2188 41

16 2236 26 2246 ‚⁷
39 2221 56 2229 v-
72 2198 104 2280 ,ἒ
124 2199 193 2234 753
210 2202 261 2234 eh.
314 2204 373 2236 νῦν
391 2197 416 2236 δ’
436 2201 558 2250 ἔχρισα
570 2201 649 2236 688.
702 2202 760 2237 καὶ
781 2205 840 2236 νῦν
871 2201 1022 2249 ἐπέγνως

107 2246 141 2280 8.
194 2246 273 2287 ὁδὸς
290 2247 395 2295 ἢν-δὴ
412 2252 471 2283 νῦν
491 2249 574 2295 ἔβην
593 2248 673 2283 955.
710 2252 848 2283 Inutilis
867 2254 920 2283 est
937 2260 1022 2291 quo—

69 2295 144 2328 dam
164 2298 322 2328 correctio
339 2294 382 2341 δή
407 2308 478 2330 νυν.
524 2295 623 2342 μόλις
640 2295 704 2344 γὰρ
724 2295 825 2344 ἔσγον
842 2299 902 2331 νῦν
921 2295 1022 2331 ἐλεύ-

27 2344 108 2388 stov
127 2341 237 2388 στόμα
254 2344 306 2375 ΕΙ.
339 2341 439 2376 1256.
486 2342 559 2378 ἐπεί
578 2355 614 2377 σε
640 2347 698 2378 νῦν
717 2338 904 2390 ἀφράστως
930 2342 1022 2378 ἐσεῖ-

33 2390 36 2396 “
69 2386 186 2422 21263.
240 2391 330 2423 Haec
347 2392 375 2423 si
400 2392 478 2432 quis
495 2391 667 2424 indicativi
695 2393 850 2433 exempla
867 2392 1021 2424 couside-

23 2460 80 2483 ,2’
115 2437 275 2469 aoristum
301 2439 456 2479 inprimis
489 2449 557 2471 rem
591 2440 626 2470 in
658 2440 823 2471 incertum
856 2439 1020 2480 quoddam

22 2486 142 2529 pus
158 2485 379 2525 praeteritum
398 2486 604 2518 incidentem
637 2487 785 2518 indicare
814 2487 1016 2526 recordatus,

35 2532 59 2577 'j
81 2531 179 2571 longe
197 2532 323 2564 rectius
346 2530 430 2566 ποτέ
455 2533 505 2564 vel
531 2531 607 2566 τότε
624 2538 659 2565 et
692 2530 798 2566 πάλαι
830 2543 929 2574 quam
961 2534 1020 2566 νῦν

25 2615 27 2619 4
51 2578 188 2610 *tenire
206 2579 405 2619 videantur,
434 2581 500 2612 iam
518 2581 644 2612 sentiet
669 2581 830 2612 aoristum
848 2590 937 2612 more
953 2581 1019 2611 iam

74 2722 77 2727 “
99 2732 107 2747 .
129 2743 136 2750 .
156 2719 201 2751 ad
214 2719 340 2752 Phoen.
368 2720 504 2752 Porsoni
531 2719 587 2753 68.
640 2722 707 2754 Sed
732 2722 823 2753 aliud
847 2722 945 2761 longe
970 2725 1022 2753 est

24 2769 25 2773 ’
52 2765 61 2808 ἱ1
80 2764 166 2802 mdis
182 2767 324 2807 ceteris,
348 2769 564 2808 participium
589 2769 616 2800 si
648 2769 892 2808 substraxeris,
925 2769 1021 2800 cuius

168 2814 324 2855 exempla
340 2814 421 2846 haee
436 2819 534 2846 sunt:
565 2813 622 2848 καὶ
638 2816 697 2848 νῦν
715 2813 778 2860 γὰρ
796 2813 895 2852 ἐκτὸς
923 2812 1021 2848 ἐλπί-

25 2853 34 2894 3‘.
58 2859 220 2907 swina-722
236 2854 265 2892 τ’
283 2857 371 2906 ἐμῆς
390 2859 514 2899 σωθεὶς
533 2859 662 2907 ὀφείλω
678 2864 753 2900 τοῖς
770 2859 867 2900 θεοῖς
884 2859 1019 2906 πολλὴν

33 2907 42 2914 “
71 2910 92 2938 “,
119 2906 201 2939 Ant.
224 2904 303 2939 330.
355 2907 489 2940 Clarum
507 2913 570 2949 est⁷
589 2910 649 2942 νῦν
681 2906 804 2947 σωθείς
818 2934 825 2948 ,
862 2919 929 2941 non
961 2909 1041 2969 νῦνι

28 2983 30 2987 ,
52 2947 82 2998 ,4¹
106 2965 135 2987 ω
152 2955 387 2995 coniungenda
404 2965 490 2987 esse.
543 2953 581 2989 ὃν
607 2954 748 3001 (μόρον)
771 2957 831 2989 νῦν
858 2956 1021 3002 παρώσας

131 2998 150 3033 ἔ
177 2998 278 3034 παλιν
303 2998 396 3047 λέγει
421 3003 475 3034 Tr.
506 3000 586 3035 358.
638 3002 696 3036 καὶ
727 3004 787 3036 νῦν
821 3000 1020 3049 προσελθὼν

43 3048 115 3095 js'·
129 3057 154 3079 π
175 3045 274 3092 ησίον
292 3047 420 3095 πατρός
447 3046 547 3082 1076.
599 3052 663 3094 τῆς
686 3051 746 3082 νῦν
771 3047 941 3096 φθιμένης
958 3061 1022 3083 νυ-

60 3111 87 3142 J'
108 3094 161 3126 Αἰ.
177 3091 240 3126 141
260 3105 314 3127 an.
358 3094 417 3129 καὶ
433 3097 492 3129 νῦν
511 3094 651 3130 άπαλλα
678 3093 774 3131 θέντε
791 3099 859 3130 τῶν
879 3101 1021 3142 μακρῶν

78 3150 119 3187 *w
160 3139 242 3174 εἵσω
288 3138 478 3188 παρέλθετε
519 3144 571 3175 ΕΙ.
606 3141 649 3175 13
675 3142 696 3175 5
730 3146 797 3175 iam
830 3145 957 3176 omissis
987 3145 1023 3175 ἱη

33 3187 43 3230 J
75 3222 78 3224 4
132 3202 151 3214 υ
175 3189 284 3228 ιοηρὶε
300 3189 512 3221 sev-rnonibus.
566 3190 694 3231 Possit,
727 3194 761 3222 et
786 3191 899 3222 minus
917 3194 1018 3230 reete,

34 3234 36 3252 Ι
73 3231 166 3268 ἴσω
190 3233 382 3282 παρέλθετε
406 3237 576 3276 coniungi.
635 3237 846 3269 Conium-tivi
880 3239 1022 3278 optativi

99 3283 239 3314 ναιίυἰ
264 3284 461 3315 aoristorum
494 3286 529 3315 et
562 3285 792 3326 praesentium
821 3288 924 3316 ten-ue
955 3285 1023 3316 dis-

35 3348 38 3368 .
80 3325 127 3374 ’,τι
152 3333 220 3369 est,
249 3339 311 3362 nec
335 3330 419 3362 illud
441 3331 570 3372 ubique
585 3332 797 3363 observatum
824 3332 867 3363 de
893 3341 929 3363 re
957 3332 1023 3363 cito

37 3393 42 3422 ³.
77 3377 255 3422 ¹¹renate.
309 3374 383 3422 φέρ’
405 3375 568 3411 ὧτὲκνον
593 3379 653 3410 νῦν
679 3375 740 3411 καὶ
763 3377 804 3411 τὸ
826 3379 890 3424 τῆς
915 3376 1021 3422 νήσου

85 3427 89 3431 ’
148 3422 210 3456 Ph.
239 3419 320 3456 300.
373 3422 454 3469 φέρε
479 3426 539 3457 νῦν
565 3422 709 3472 στείχων
733 3425 851 3471 χώραν
885 3422 1022 3459 καλέσω

1040 1971 1042 2012 J
1060 1969 1115 2001 OG
1134 1966 1166 2000 4.
1195 1967 1253 2002 τὸν
1270 1970 1330 2001 νῦν
1346 1966 1374 2001 τ’
1392 1966 1428 2002 ἐν
1446 1966 1540 2015 ὅρκῳ
1560 1966 1666 2014 μέγαν
1683 1969 1743 2001 OR

1655 414 1715 446 νῦν
1751 410 1797 446 ἔτ’
1823 416 1936 446 αυτῶν
1962 410 2072 457 μηδεν

1057 457 1093 498 ἐς
1117 457 1161 494 §u
1193 459 1230 494 ὸν
1252 425 1362 507 βάλῃς
1378 461 1437 492 OR
1453 457 1535 493 975.
1577 460 1786 493 subauditur
1810 460 2067 492 coniunctivus:

1057 505 1138 553 βᾶτε
1163 472 1243 541 ἴσον
1268 519 1288 540 τ
1303 506 1311 518 ’
1339 517 1415 541 ιστα
1437 508 1497 540 νῦν
1523 505 1566 541 τὰ
1598 505 1675 552 πρὶν
1701 504 1738 540 εὖ
1773 504 1913 551 θέμενοι
1928 500 2000 540 τάδ’
2025 506 2072 544 ὡς

1056 552 1158 588 πάλιν
1176 555 1231 587 ΕΙ.
1256 518 1347 588 14α3γ4
1365 565 1411 587 se.
1432 551 1556 599 θῆσθε.
1593 554 1878 587 Distinotionibus
1894 554 1998 586 nullis
2011 563 2071 595 po—

1056 602 1177 634 nendis
1201 602 1358 634 adiuvare
1389 611 1474 643 opus
1500 602 1712 634 intellectum
1743 601 1946 634 sententiae.
2005 601 2073 633 Sed

1056 658 1119 681 nec
1135 650 1339 691 aposiopesis
1356 653 1430 689 est;
1467 659 1498 680 v,
1520 649 1636 681 Herm.
1666 666 1707 673 -
1741 645 1849 694 ἴδοιμί
1872 658 1921 681 νιν
1935 648 1995 680 νῦν
2012 648 2067 680 Αἰ.

1056 693 1144 735 384;
1179 697 1238 728 νῦν
1263 707 1282 728 a
1299 697 1394 728 libris
1411 696 1526 736 abest,
1562 695 1663 727 Tricl.
1690 694 1733 740 δή
1747 706 1818 728 νινε
1847 695 1954 736 possit
1971 696 2073 726 etiam

1057 740 1120 788 μὲν
1143 754 1194 776 νιν
1222 746 1260 775 ut
1275 745 1316 776 ab
1333 743 1449 775 Herm.
1465 767 1473 782 ‚
1502 746 1536 774 et
1554 739 1623 788 ἐγώ
1646 753 1696 775 νιν
1715 743 1885 783 subrogari
1917 739 2006 787 [μήν
2022 752 2072 775 νιν

1055 790 1184 822 addidit
1211 790 1247 822 1..
1269 787 1407 869 Dindg.
1443 789 1472 823 ὦ
1490 793 1581 834 φῶς,
1618 787 1813 823 τελευταῖόν
1839 799 1876 822 σε
1901 786 2072 835 προσβλέ-

1056 835 1157 883 ψαιμι
1173 838 1233 870 νῦν
1251 837 1309 870 0Ιί
1329 834 1367 869 11
1397 834 1430 869 3.
1483 837 1663 869 Potentiali
1690 837 1785 869 modo
1810 837 1937 869 dietum
1958 838 2018 869 νῦν
2045 832 2074 868 δ’

1057 881 1134 918 οὔτε
1152 881 1186 929 μ’
1200 882 1249 922 είς
1266 881 1437 921 Δωδῶνος
1517 894 1567 921 τις
1581 880 1622 917 ἂν
1639 882 1783 917 πείσειεν
1802 884 1913 926 Niptr.
1943 885 1982 915 fr.
2003 880 2068 915 401

1057 932 1115 963 sed
1139 932 1320 964 lacunosus
1347 932 1449 964 locus.
1488 948 1528 954 —
1561 933 1621 964 νῦν
1648 926 1675 964 δ’
1704 929 1752 968 είς
1777 928 1914 968 ἀναιδὲς
1937 928 2073 976 ἡμέρας

1058 977 1163 1024 μέρος
1193 976 1303 1059 βὸὃιχὺ
1330 976 1389 1016 δός
1416 989 1475 1023 μοι
1504 976 1644 1011 σεαυτόν
1678 978 1740 1010 Ph.
1768 975 1826 1010 83.
1870 979 1932 1010 νῦν
1961 975 1999 1011 δὲ
2032 975 2073 1010 σὺ

1057 1029 1167 1059 σῶσον
1185 1024 1206 1058 5
1261 1051 1267 1057 .
1313 1023 1424 1059 ἐκεῖσε
1449 1027 1509 1058 νῦν
1537 1023 1642 1070 μέθες
1662 1036 1704 1070 με
1726 1023 1808 1058 813.
1858 1023 1918 1058 καὶ
1942 1026 2002 1057 νῦν

1058 1071 1096 1106 σύ
1143 1070 1150 1082 ’
1167 1071 1270 1110 αὐτὸς
1294 1070 1377 1118 ἆρον
1395 1070 1475 1106 877.
1504 1070 1595 1106 ἀλλὰ
1618 1074 1677 1105 νῦν
1704 1066 1750 1105 ἔτ’
1775 1069 1810 1105 ἐν
1836 1069 1951 1117 σαυτῷ
1975 1073 2074 1117 γενοῦ

1056 1117 1101 1152 95
1129 1145 1136 1153 ,
1186 1118 1306 1154 ἔλθετε
1338 1118 1397 1153 καὶ
1413 1121 1472 1153 νῦν
1495 1120 1554 1152 OR
1582 1117 1648 1152 166
1674 1120 1725 1152 eh.
1777 1116 1868 1152 τοῦτ’
1902 1117 1986 1152 αὐτὸ
2011 1120 2071 1151 νῦν

1058 1177 1124 1211 μου
1149 1164 1299 1201 ἄκουσον
1325 1163 1406 1199 547.
1459 1165 1499 1199 σὺ
1525 1168 1584 1199 νῦν
1609 1164 1632 1200 ά
1660 1165 1709 1204 εὶς
1734 1164 1874 1200 σεαυτὸν
1894 1163 1982 1210 ἐμοῦ
1997 1159 2073 1199 ’πά-

1056 1225 1182 1248 κουσον
1200 1212 1280 1247 707.
1322 1211 1365 1259 φέ
1385 1207 1392 1220 ’
1413 1211 1488 1247 εἰπὲ
1504 1215 1563 1246 νῦν
1585 1211 1622 1245 11
1652 1211 1685 1246 2.
1715 1214 1831 1246 Herm.
1851 1224 1924 1246 νυν.
1954 1211 1994 1246 σὺ
2011 1214 2070 1246 νῦν

1119 1259 1251 1307 κρύὼον
1284 1262 1340 1294 OG
1367 1224 1447 1293 755.
1501 1262 1567 1293 iam
1600 1264 1638 1292 tu
1675 1261 1824 1292 occulta:
1862 1262 1977 1292 Herm.
2013 1270 2073 1293 νυν

1058 1306 1175 1353 [Dind.
1196 1298 1241 1341 ὀ.
1272 1309 1426 1348 Blaydes.
1457 1306 1536 1363 νιν].
1587 1310 1646 1341 νῦν
1682 1304 1716 1352 μ’
1743 1304 1923 1354 ἐπισκέψαι
1957 1305 2074 1352 μολών

1057 1356 1111 1387 Αἰ.
1132 1353 1213 1388 841.
1267 1352 1468 1402 συγγένεσθε
1496 1367 1515 1401 γ
1546 1352 1636 1388 ἀλλὰ
1652 1356 1711 1388 νῦν
1730 1355 1784 1387 El.
1805 1351 1885 1387 411.
1939 1352 1995 1393 δὸς
2012 1356 2072 1387 νῦν

1060 1400 1160 1435 1119.
1204 1401 1307 1447 μέθες
1323 1399 1393 1436 τόδ’
1409 1399 1513 1448 ἄγγος
1529 1404 1589 1435 νῦν
1610 1399 1711 1435 1205.
1747 1399 1796 1445 (ΙΙ
1814 1411 1848 1443 p.
1864 1399 1942 1441 177,
1959 1399 1980 1434 5
1997 1413 2017 1434 a
2030 1400 2076 1445 f.)

1127 1447 1161 1483 2.
1192 1451 1276 1482 Cum
1299 1451 1468 1482 nomine
1491 1453 1530 1482 et
1554 1451 1747 1482 articulo
1771 1449 1899 1482 dictum
1928 1449 2072 1488 intelligi

1058 1498 1272 1539 participium
1285 1497 1333 1531 ὤν
1350 1498 1488 1538 patitur⁷
1501 1500 1541 1529 ut
1557 1497 1597 1529 ad
1615 1498 1708 1528 verbi
1726 1497 1896 1528 notionem
1913 1497 1948 1528 id
1966 1505 2074 1537 genus

1057 1546 1202 1576 revocari
1227 1545 1347 1586 possit.
1406 1544 1577 1576 Omissum
1603 1547 1719 1576 autem
1746 1544 1831 1576 illud
1856 1544 2071 1585 participium

1058 1601 1131 1623 esse
1156 1596 1189 1623 et
1223 1592 1412 1623 necessario
1438 1592 1623 1632 subaudiri,
1654 1600 1751 1623 nemo
1775 1591 1911 1623 dixerit.
1972 1588 1990 1623 ὁ
2013 1592 2073 1623 νῦν

1058 1636 1195 1676 ἔπαινος
1213 1639 1269 1670 OG
1287 1635 1386 1670 1411.
1408 1635 1432 1683 ή
1447 1636 1484 1671 δὲ
1496 1640 1555 1671 νῦν
1568 1636 1686 1684 ἡμέρα
1699 1638 1752 1670 ΕΙ.
1767 1634 1847 1670 918.
1877 1637 1905 1672 ὦ
1924 1640 2073 1683 φαεννῆς

1749 1696 1765 1722 ς
1775 1686 1834 1718 νῦν
1844 1685 1909 1717 dici
1920 1686 1998 1726 quis
2011 1694 2072 1717 ex-

1056 1734 1267 1774 spectaverit.
1293 1730 1316 1766 ά
1345 1730 1352 1742 ’
1365 1730 1497 1779 ἡμέρας
1510 1736 1573 1777 τῆς
1586 1735 1645 1765 νῦν
1659 1733 1717 1765 OR
1754 1729 1812 1765 52.
1837 1731 1890 1777 τῷ
1905 1733 1965 1765 νῦν
1978 1729 2072 1778 λόγῳ

1059 1780 1112 1811 ΕΙ.
1129 1777 1208 1814 769.
1238 1780 1296 1811 ΟΕ
1314 1744 1370 1812 ἔξΟ.
1400 1781 1455 1813 00
1474 1777 1554 1812 801.
1583 1779 1628 1827 τῇ
1650 1781 1708 1812 νῦν
1727 1777 1866 1824 ὸδῷΕΙ.
1891 1775 1991 1812 1295.
2027 1778 2073 1825 τῇ

1057 1829 1116 1860 νῦν
1128 1825 1221 1874 ὁρμῇ
1242 1825 1394 1859 151Οαιι.
1422 1826 1471 1874 τῷ
1484 1825 1607 1873 πότμῳ
1619 1825 1671 1872 τῷ
1679 1828 1739 1860 νῦν
1749 1827 1807 1859 OR
1822 1823 1903 1858 272.
1926 1824 1960 1859 ἐν
1977 1826 2074 1860 νυκτὶ

1057 1873 1102 1921 τῇ
1114 1877 1174 1908 νῦν
1189 1875 1271 1906 Ant.
1288 1872 1329 1906 16
1343 1875 1495 1915 proxima
1507 1875 1741 1915 praecedente.
1770 1870 1843 1907 κατ’
1855 1870 1952 1918 ἦμαρ
1965 1871 2075 1918 τούμ-

1060 1921 1164 1967 φανὲς
1181 1920 1218 1955 τὸ
1229 1923 1288 1954 νῦν
1304 1919 1381 1955 τόδε
1399 1922 1455 1954 Αἰ.
1472 1918 1552 1954 753.
1588 1915 1668 1955 καθ’
1684 1918 1820 2000 ἡμέραν
1835 1919 1899 1967 τὴν
1917 1922 1975 1954 νῦν
1989 1918 2070 1953 802.

1782 1966 1826 2000 03
1845 1969 1896 2000 oh.
1926 1967 1967 2001 ἐκ
1982 1966 2072 2014 γόων

1058 2019 1126 2048 τῶν
1144 2017 1203 2049 νῦν
1213 2016 1267 2047 ΕΙ.
1284 2012 1365 2048 292.
1388 2014 1428 2049 ἐκ
1445 2013 1608 2060 πολέμων
1617 2020 1686 2049 τῶν
1703 2016 1762 2048 νῦν
1780 2011 1885 2050 θέσθε
1894 2013 2074 2060 λησμοσύ-

1058 2074 1118 2095 ναν
1136 2064 1218 2097 Ant.
1243 2060 1304 2095 151
1327 2063 1378 2095 ch.
1413 2062 1474 2097 τάς
1489 2073 1526 2096 τε
1542 2065 1601 2095 νῦν
1618 2061 1816 2109 ὴλέγγομεν
1835 2060 1972 2107 πράξεις
1989 2059 2070 2095 434.

1060 2108 1094 2143 ἐν
1118 2112 1193 2148 ταῖς
1218 2107 1410 2156 ξυμφοραῖς
1434 2112 1511 2148 ταῖς
1537 2112 1596 2143 νῦν
1629 2111 1688 2142 OR
1717 2103 1797 2143 516.
1864 2112 1937 2147 τοῖς
1953 2111 2012 2142 νῦν

1061 2155 1272 2202 μαντεύμασι
1293 2158 1348 2190 OC
1359 2155 1440 2191 387.
1467 2156 1511 2191 τὰ
1527 2159 1585 2190 νῦν
1604 2154 1770 2204 ξύμφωνα
1787 2154 1978 2201 δεξιώματα
1992 2153 2072 2188 619.

1130 2201 1164 2236 3.
1191 2206 1281 2236 Dein
1301 2205 1486 2245 colligenda
1502 2206 1657 2246 exempla
1675 2205 1836 2236 formulae
1852 2206 1966 2242 τανῦν,
1987 2204 2074 2245 quod

1059 2252 1184 2283 rectius
1218 2253 1343 2283 scribes
1374 2250 1417 2285 τὰ
1432 2254 1503 2292 νῦν,
1539 2257 1578 2283 ut
1611 2250 1649 2284 τὸ
1673 2256 1808 2297 πρῶτον
1832 2255 1867 2283 et
1889 2250 1928 2284 τὸ
1951 2248 2072 2290 πάλαι,

1060 2300 1206 2330 maxime
1224 2300 1309 2340 quod
1327 2309 1499 2340 nunquam
1526 2300 1607 2331 adeo
1628 2299 1866 2339 adverbiascit,
1902 2302 1941 2330 ut
1965 2299 2075 2330 inter-

1059 2346 1137 2387 poni
1155 2346 1281 2387 aliquid
1301 2349 1459 2387 nequeat,
1481 2350 1516 2378 et
1533 2347 1761 2388 interponitur
1778 2355 1858 2378 sane
1876 2343 1926 2378 δέ.
1956 2343 2074 2390 [τανῦν

1058 2393 1258 2434 plerumque
1285 2395 1490 2434 suffragante
1517 2393 1574 2425 LA
1600 2394 1693 2425 dedit
1715 2393 1819 2425 Dind.
1841 2393 1895 2424 Ai.
1916 2390 1972 2424 78.
2017 2392 2076 2424 ΟΒ

1059 2437 1138 2471 492.
1181 2437 1261 2472 696.
1299 2438 1379 2472 757.
1412 2437 1512 2472 1204.
1558 2440 1613 2472 OC
1641 2437 1721 2472 336.
1758 2437 1838 2472 553.
1874 2436 1954 2471 593.
1990 2436 2069 2472 616.

1058 2483 1138 2518 696.
1170 2485 1247 2519 757.
1282 2484 1382 2519 1030.
1424 2485 1522 2519 1750.
1561 2488 1614 2519 ΕΙ.
1636 2484 1716 2519 421.
1761 2483 1841 2519 458.
1879 2483 1959 2519 562.
1989 2483 2069 2518 585.

1059 2534 1113 2565 Tr.
1137 2531 1237 2579 302.]
1262 2535 1359 2566 Hanc
1377 2535 1416 2566 ad
1442 2535 1617 2566 formulam
1645 2535 1775 2576 primus
1799 2535 1986 2566 accuratius
2012 2534 2071 2566 ad-

1057 2582 1160 2612 vertit
1174 2582 1289 2613 Valck.
1319 2582 1359 2613 ad
1383 2582 1518 2622 Hippol.
1541 2578 1621 2614 903.
1661 2598 1702 2604 -
1737 2578 1832 2614 δεινὰ
1855 2578 1916 2614 τάν
1945 2578 2070 2618 κείνοις

27 2627 207 2668 glomero
234 2626 314 2657 inde
340 2630 519 2668 propagato
537 2630 823 2673 καταχρηστικῶς
851 2628 1022 2668 praeteriti
1055 2626 1100 2661 τὰ
1115 2629 1174 2660 νῦν
1202 2628 1257 2660 OC
1283 2625 1352 2660 336
1378 2639 1408 2659 v.
1440 2626 1582 2665 ἐκεῖνος.
1629 2625 1706 2661 οὔτε
1724 2625 1788 2673 γὰρ
1804 2626 1848 2662 τὰ
1874 2629 1933 2660 νῦν
1957 2625 2073 2661 δίκαια

22 2672 69 2708 ,ἧι
99 2673 144 2703 cti
171 2672 279 2704 locum
303 2673 488 2714 invasisse,
523 2675 564 2706 de
591 2685 656 2715 qna
689 2684 725 2706 re
751 2675 863 2716 perite
891 2675 1022 2706 monuit
1059 2673 1218 2720 πράσσεις
1229 2672 1310 2707 824.
1339 2676 1435 2707 Aliae
1448 2675 1822 2716 addunturpartieulae.
1850 2672 1901 2707 τὰ
1918 2676 1995 2707 νῦν
2013 2685 2068 2719 γε.

1059 2720 1190 2766 δαίμων
1207 2720 1326 2755 τὰ“νῦν
1343 2719 1372 2767 γ’
1390 2720 1525 2756 ἐλαύνει
1541 2722 1596 2755 OG
1625 2719 1725 2754 1750.
1759 2722 1871 2764 [τανῦν
1898 2722 2001 2753 Dind.
2029 2731 2073 2753 ex

1057 2769 1188 2800 duobus
1197 2779 1309 2810 apogr.
1320 2771 1394 2801 siue
1404 2766 1432 2815 γ’
1446 2787 1485 2793 -
1500 2771 1542 2802 cf.
1556 2770 1616 2801 Ph.
1629 2766 1730 2813 245]
1742 2787 1783 2793 -
1794 2767 1845 2802 τὰ
1861 2780 1879 2801 ν
1891 2770 1936 2801 ὒν
1955 2766 2011 2801 δέ.
2031 2766 2074 2801 τὰ

1056 2817 1116 2848 νῦν
1135 2810 1163 2848 δ’
1182 2814 1221 2849 ἔα
1238 2815 1293 2848 OC
1307 2813 1387 2849 593.
1415 2814 1457 2849 τὰ
1473 2817 1531 2849 νῦν
1551 2813 1578 2849 δ’
1597 2813 1764 2885 Αἴγισθος
1780 2816 1834 2847 El.
1849 2812 1929 2847 421.
1955 2813 1998 2848 τὰ
2013 2817 2073 2848 νῦν

1057 2860 1096 2896 δὲ
1114 2860 1236 2895 δοῦλον
1254 2860 1409 2909 ἰ’σγουσιν
1427 2861 1500 2907 βίον
1515 2863 1569 2895 Tr.
1590 2860 1671 2895 30⁸.
1699 2861 1743 2896 τὰ
1758 2865 1816 2895 νῦν
1835 2860 1862 2895 δ’
1879 2859 2001 2906 ἄτιμος
2015 2863 2068 2894 Ai.

1057 2906 1125 2941 426
1136 2920 1180 2941 m.
1196 2928 1237 2934 —
1249 2908 1292 2943 τὰ
1303 2902 1348 2943 δὲ
1363 2911 1450 2943 νῦν.
1479 2907 1521 2942 τὰ
1532 2908 1636 2943 δὲνῦν
1645 2905 1705 2943 τιν’
1721 2907 1817 2954 ἥκειν
1827 2907 1928 2953 λόγος
1938 2909 1993 2941 OG
2007 2906 2073 2941 133

1057 2957 1109 2988 ch.
1125 2975 1165 2979 —
1182 2955 1230 2989 τὰ
1245 2969 1263 2989 ν
1275 2959 1320 2990 ὒν
1337 2967 1392 2989 τε.
1409 2955 1452 2990 τὰ
1467 2958 1526 2989 νῦν
1541 2954 1572 2990 θ’
1583 2954 1677 2994 ὁδοῖς
1693 2954 1727 2989 ἐν
1743 2950 1853 2990 ταῖσδ’
1869 2954 2006 2990 ἀκούων
2017 2956 2072 2988 OG

1057 3001 1137 3036 553.
1168 3002 1281 3048 μάτην
1298 3002 1342 3037 τὰ
1357 3005 1416 3037 νῦν
1433 3002 1471 3037 τὲ
1488 3014 1541 3037 σοι
1559 3002 1655 3037 δοκεῖ
1671 3001 1752 3036 λελὲ
1779 3001 1850 3044 θαι,
1869 3003 1962 3050 χῶτε
1979 3001 2074 3036 ταῦτ’

1060 3047 1247 3096 ἐμηγάνω;
1282 3048 1383 3084 1034.
1435 3051 1500 3083 Sed
1524 3052 1559 3082 in
1586 3051 1668 3083 Oed.
1690 3052 1729 3082 R.
1782 3047 1827 3082 96
1858 3051 1979 3083 vitiose
2012 3051 2071 3082 LA

1058 3107 1103 3129 m.
1124 3092 1193 3129 ant.
1213 3095 1256 3130 τὰ
1271 3099 1330 3130 νῦν
1347 3108 1395 3130 τε.
1432 3108 1475 3129 m.
1497 3107 1547 3139 pr.
1576 3095 1618 3131 τὰ
1643 3099 1702 3130 νῦν
1720 3092 1759 3139 δ’,
1789 3107 1979 3139 quanquam
2006 3106 2072 3129 non

1059 3145 1140 3175 satis
1158 3149 1309 3176 constare
1327 3145 1443 3184 video,
1471 3145 1660 3177 iunc-timne
1677 3155 1718 3176 an
1748 3146 1894 3178 divisum
1912 3144 2072 3185 scriptum

1060 3192 1115 3223 sit.
1139 3208 1179 3214 --
1206 3189 1256 3225 τὰ
1272 3193 1346 3224 νῦν
1372 3201 1447 3223 cum
1464 3195 1616 3232 tempore
1640 3193 1736 3224 finito
1754 3194 1914 3233 frequens
1937 3195 2008 3230 est,
2039 3196 2073 3222 et

1060 3248 1135 3270 eum
1155 3237 1333 3270 indicativo
1349 3240 1529 3278 praesentis
1555 3239 1710 3279 quidem:
1740 3237 1804 3273 κάν
1830 3236 1965 3280 δόμοισι
1988 3248 2070 3283 τυγ-

1057 3283 1157 3330 χάνει
1173 3282 1216 3318 τὰ
1239 3287 1298 3317 νῦν
1324 3285 1464 3328 παρώνς
1492 3286 1550 3318 OR
1566 3283 1647 3318 757.
1690 3283 1722 3318 εἰ
1745 3283 1788 3318 τὰ
1815 3286 1875 3318 νῦν
1908 3282 2073 3330 εύημερεῖ

1060 3328 1176 3368 καλῶς
1193 3330 1232 3365 τὸ
1250 3331 1334 3377 πρὸς
1352 3330 1390 3365 σέ
1406 3333 1463 3364 OC
1488 3329 1569 3364 616.
1612 3330 1720 3377 νήσου
1744 3325 1842 3378 τῆσδ’
1860 3329 1913 3376 ἐφ’
1929 3329 1973 3375 ἧς
1987 3329 2073 3364 ναίει

1058 3376 1102 3411 τὰ
1122 3379 1181 3411 νῦν
1215 3378 1277 3410 Ph.
1305 3375 1385 3412 613.
1429 3378 1458 3412 ὦ
1485 3376 1648 3416 δύστανος
1674 3377 1743 3424 ἐγὼ
1766 3377 1883 3412 τὰνῦν
1910 3375 2001 3410 1152
2017 3378 2069 3410 ch.

1059 3422 1101 3458 τὰ
1117 3426 1176 3458 νῦν
1195 3422 1404 3470 δωρούμεθα
1423 3426 1476 3458 ΕΙ.
1499 3422 1579 3458 458.
1623 3419 1651 3470 ᾧ
1676 3425 1718 3460 τὰ
1734 3427 1793 3459 νῦν
1812 3422 1900 3466 ξύνει
1916 3425 1970 3457 ΕΙ.
1989 3421 2070 3458 562.
