2288 3600
261 151 361 199 340

275 268 289 310 Ι]
307 267 494 308 Proprietas
506 269 663 300 sermonis
676 269 711 300 in
726 268 788 300 hoc
799 269 947 300 nomine.
976 278 1005 299 a.
1023 267 1272 300 Adverbiascere

259 315 392 347 videtur
415 312 491 347 ἴσον
508 319 543 346 et
560 312 619 348 ἴσα
636 316 665 347 si
683 320 831 347 nostram
848 319 883 347 et
900 316 1121 347 Romanorum
1140 319 1271 356 spectes

259 362 556 402 consuetudinem,
588 363 652 394 etsi
677 363 713 394 in
739 363 896 394 obiectiva
921 363 1098 394 verborum
1124 372 1272 404 compre-

259 409 422 441 hensione
446 414 508 440 est.
546 407 643 442 ἔοικα
666 407 763 454 κάγὼ
786 412 861 446 τοῖς
886 407 1084 455 ἀφιγμένοις
1101 407 1157 443 ἴσα
1174 408 1271 443 ἐποι-

261 454 403 502 κτείρειν
420 457 481 488 Ph.
496 453 575 488 317.
605 455 652 494 ὡς
667 454 756 501 ὑμᾶς
771 454 830 490 ἴσα
842 455 901 490 καὶ
913 455 953 490 τὸ
967 455 1076 502 μηδὲν
1090 454 1200 495 ζώσας
1215 455 1272 490 ἐν-

261 501 398 550 αριθμῶ
423 504 481 535 OR
501 500 591 536 1187
608 504 659 535 ch.
703 501 820 549 κείνην
845 502 917 537 ἴσον
943 502 1148 549 ἐπαιτιῶμαι
1172 502 1272 536 τοῦδε

261 548 442 594 βουλεῦσαι
466 549 577 595 τάφου
604 551 686 583 Ant.
712 547 792 583 490.
837 549 911 584 ἴσον
938 549 1144 595 ἐπαιτιῶμαι
1168 552 1268 582 schol.

259 598 332 632 ἴσον
363 596 475 644 τάφου
509 595 690 642 βουλεῦσαι
714 599 830 630 Herm.
860 599 955 638 iungi
979 599 1064 630 vult.
1109 596 1173 631 οὐκ
1199 596 1272 631 ἴσον

258 645 381 690 καμὼν
400 643 480 690 ἐμοὶ
496 642 609 690 λύπης
627 646 680 677 ΕΙ.
702 642 781 677 532.
818 643 858 679 οὐ
897 644 939 690 ὰρ
957 642 1123 687 αἰσθάνει,
1143 644 1273 684 ζῶντας

261 693 420 726 θανοῦσιν
439 686 549 725 οὕνεκ’
567 690 739 738 ἀνταυδᾷς
757 690 832 734 ἴσα,
857 691 872 724 1
901 691 946 726 78
970 695 1102 725 vivo-sne
1119 703 1218 733 aeque
1235 703 1274 725 ac

261 742 288 772 si
310 741 431 771 mortui
456 743 560 771 essent
585 741 709 781 alloqui
735 743 794 771 tete
819 742 944 772 sentis?
983 739 1001 774 ὁ
1022 738 1063 781 δὴ
1082 736 1184 777 νόθος
1200 742 1274 777 τοῖς

260 784 410 834 γνησίοις
426 784 501 820 ἴσον
519 782 631 820 σθένει
648 788 764 819 Alead.
788 788 826 819 fr.
851 785 928 827 108,
952 786 982 819 1.
1010 785 1117 820 καλὸν
1137 789 1274 832 φρονεῖν

259 834 318 868 τὸν
342 831 467 880 θνητὸν
493 831 689 880 ἀνθρώποις
713 832 772 867 ἴσα
793 835 904 866 Colch.
927 832 1006 866 311.
1050 833 1123 867 ἴσον
1144 838 1274 879 μετρῶν

264 879 442 928 ὀφθαλμόν
469 881 607 914 Oenom.
632 879 713 922 421,
733 879 766 913 4.
818 883 850 913 b.
880 882 1139 913 Adverbiascuni
1163 887 1274 913 autem

263 939 378 961 revera
404 926 445 966 ἐξ
471 927 581 969 ἴσου,
611 922 669 962 ἐπ’
693 927 796 974 ἴσης
821 933 856 960 et
880 926 994 969 ἴσον,
1021 931 1157 969 pariter.
1200 927 1274 962 τάδ’

263 974 328 1010 οὐκ
346 971 396 1009 ἐπ’
416 973 493 1012 ἴσας
508 973 692 1020 τελοῦμεν;
722 977 775 1007 ΕΙ.
799 973 885 1008 1061
906 977 956 1008 ch.
995 974 1120 1010 δείλαιε
1137 978 1198 1009 τοῦ
1214 978 1274 1009 νοῦ

261 1026 324 1069 τῆς
348 1034 385 1056 τε
418 1024 596 1069 συμφορᾶς
626 1021 702 1056 ἴσον
732 1023 789 1054 OR
817 1020 916 1055 1347.
962 1024 1030 1056 Nec
1060 1028 1190 1055 veteres
1216 1033 1276 1055 nec

264 1071 378 1103 Herm.
399 1074 487 1102 recte
504 1071 759 1102 intellexerunt.
790 1081 821 1102 v.
841 1072 933 1108 νοῦς.
964 1089 1005 1094 --
1040 1069 1075 1111 ἐξ
1091 1068 1167 1104 ἴσου
1183 1073 1277 1103 νοσεῖ

263 1118 322 1150 OR
339 1114 395 1150 61.
437 1114 502 1156 κάξ
518 1115 594 1151 ἴσου
610 1118 805 1163 τιμώμενος
823 1114 902 1150 563.
949 1116 984 1158 ἐξ
1001 1116 1077 1151 ἴσου
1097 1116 1150 1151 δεῖ
1164 1115 1274 1162 κάμόν

264 1162 333 1197 627
348 1163 437 1209 (scil.
460 1163 626 1211 φρονεῖν).
654 1168 728 1202 πῶς
747 1163 765 1198 ὁ
785 1163 894 1210 φύσας
912 1163 948 1205 ἐξ
963 1163 1040 1199 ἴσου
1057 1165 1110 1211 τῷ
1131 1163 1271 1210 μηδενί;

265 1209 355 1245 1019
381 1222 427 1245 sc.
455 1210 526 1246 ἐστί
552 1222 579 1244 s.
607 1210 786 1258 νομιστέος
813 1210 884 1245 ἐστί
904 1214 981 1253 pari
998 1214 1066 1244 loco
1084 1213 1271 1245 censendus.

265 1271 296 1291 v.
309 1260 424 1292 Herm.
437 1261 478 1291 ad
494 1271 525 1291 v.
538 1257 618 1292 845.
648 1258 685 1293 σέ
701 1254 729 1292 τ’
748 1258 764 1293 ἐ
798 1257 875 1293 ἴσου
895 1258 1000 1293 οἰκτεί
1023 1271 1105 1305 ομεν
1123 1260 1177 1292 OC
1192 1257 1272 1291 254.

263 1306 319 1354 χὼ
344 1305 507 1352 σύναιμος
531 1304 565 1345 ἐξ
588 1305 666 1341 ἴσου
682 1305 744 1350 (sc.
766 1306 935 1350 πεσεῖται)
955 1304 996 1339 13
1022 1304 1054 1339 4.
1097 1305 1128 1340 εἴ
1145 1318 1196 1340 τοι
1214 1317 1275 1352 σφε

263 1353 364 1399 τιμᾷς
383 1352 419 1394 ἐξ
435 1353 511 1388 ἴσου
529 1353 579 1399 τῷ
598 1352 753 1399 δυσσεβεῖ
769 1355 850 1386 Ant.
872 1351 951 1386 516.
985 1358 1129 1399 τιμῶσιν
1148 1352 1182 1392 ἐξ
1198 1352 1275 1387 ἴσου

264 1399 366 1448 πατρί
383 1398 463 1434 644.
493 1400 592 1435 οὐδὲν
614 1400 649 1441 ἐξ
664 1399 739 1435 ἴσου
757 1412 764 1417 ·
784 1400 873 1448 ρόνῳ
893 1400 1010 1435 διοίσει
1028 1400 1153 1446 [διήσει
1171 1402 1272 1433 Dind.

265 1460 293 1482 c.
306 1447 454 1494 Wakef.]
471 1446 628 1495 γλῶσσαν
639 1449 694 1481 Tr.
709 1412 780 1481 322
794 1460 824 1481 v.
838 1449 953 1481 Herm.
975 1448 1090 1483 κείνου
1099 1460 1136 1482 τε
1144 1447 1202 1482 καὶ
1213 1448 1276 1494 σὴν

265 1494 300 1535 ἐξ
317 1494 394 1530 ἴσου
404 1494 523 1542 κοινὴν
531 1495 633 1544 χάριν
643 1493 723 1529 485.
753 1506 780 1528 c.
802 1498 841 1528 In
852 1497 1074 1537 componendo
1091 1494 1160 1530 ἴσο
1172 1508 1188 1533 ς
1202 1506 1278 1528 cum

265 1545 341 1576 aliis
364 1545 535 1576 vocabulis
552 1547 668 1576 notum
687 1554 782 1576 casus
800 1545 894 1576 tertii
911 1545 1056 1576 maxime
1074 1554 1172 1576 usum
1190 1553 1273 1575 esse.

267 1591 322 1624 Sic
338 1592 439 1624 etiam
457 1592 743 1623 adverbiascentia
759 1592 919 1623 dicuntur
936 1591 994 1623 OR
1010 1589 1067 1624 61.
1096 1593 1176 1623 Ant.
1195 1589 1273 1623 516.

265 1635 346 1671 644.
375 1639 435 1671 Sin
452 1640 580 1679 inteyra
595 1641 758 1671 sententia
774 1639 900 1680 pendet
917 1640 957 1671 ab
975 1637 1060 1679 ἴσος,
1081 1640 1278 1680 comparatio

264 1687 665 1727 instituiturinterposito
679 1685 707 1718 ὥ
717 1696 829 1732 σ’περ.
852 1687 906 1717 ΕΙ.
918 1683 986 1718 532
995 1684 1059 1719 ούκ
1071 1684 1144 1719 ἴσον
1157 1686 1278 1730 καμὼν

267 1731 346 1779 ἐμοὶ
371 1732 485 1778 ὥσπερ
509 1731 533 1778 ἡ
556 1727 704 1767 τίκτουσ’
720 1731 806 1779 ἐγώ,
835 1743 920 1775 quae
938 1738 991 1765 est
1007 1737 1174 1766 structura
1190 1731 1278 1766 κατὰ

268 1778 417 1814 διάνοιαν
442 1792 474 1813 v.
502 1781 618 1813 Herm.
660 1780 826 1813 Usitatius
854 1782 1026 1822 interponi
1049 1779 1133 1814 καί.
1179 1778 1277 1826 φίλον

268 1825 427 1873 ἐκβαλεῖν
444 1825 519 1862 ἴσον
537 1825 628 1874 λέγω
645 1826 704 1861 καὶ
720 1827 777 1862 τὸν
794 1827 873 1874 παρ’
887 1826 982 1874 αὐτῷ
999 1826 1112 1873 βίοτον
1125 1828 1181 1860 OR
1195 1825 1274 1860 612.

268 1875 315 1912 ὡς
340 1872 431 1920 ὑμᾶς
453 1873 512 1908 ἴσα
534 1874 593 1909 καὶ
608 1874 647 1908 τὸ
666 1873 775 1921 μηδὲν
793 1873 904 1914 ζώσας
922 1872 1097 1921 ἐναριθμῶ
1118 1872 1205 1907 1187
1224 1875 1275 1906 ch.

267 1920 306 1956 σέ
322 1916 350 1956 τ’
375 1919 410 1961 ἐξ
433 1920 511 1956 ἴσου
537 1920 749 1968 οἰκτείρομεν
771 1921 831 1957 καὶ
854 1921 952 1956 τόνδε
969 1922 1024 1955 OC
1042 1920 1122 1955 254.
1156 1919 1224 1967 ὅτῳ
1241 1933 1279 1968 γε

267 1971 346 2007 νοῦς
363 1967 438 2007 ἴσος
454 1968 514 2003 καὶ
530 1968 583 2004 σοὶ
599 1969 693 2015 πάρα
709 1967 789 2002 810.
822 1971 866 2002 Et
883 1971 924 2002 ad
949 1968 994 2010 ἐξ
1017 1968 1085 2003 ἴσο
1097 1981 1135 2003 υτ
1164 1969 1278 2004 κείνου

266 2027 304 2051 τε
325 2015 384 2051 καὶ
410 2016 474 2063 σὴν
499 2014 534 2056 ἐξ
558 2015 636 2051 ἴσου
657 2016 779 2063 κοινὴν
795 2015 895 2064 χάριν
914 2018 970 2049 Τι’.
991 2015 1072 2050 485.
1118 2017 1201 2049 Nam
1219 2015 1278 2050 σύν

269 2065 323 2096 ΕΙ.
343 2061 435 2097 1168
451 2068 504 2096 est
518 2074 590 2098 una
605 2067 722 2096 tecum.
746 2082 786 2088 —
813 2066 853 2096 In
871 2066 953 2096 Ant.
974 2061 1042 2097 519
1058 2062 1137 2101 τοὺς
1153 2063 1279 2110 νόμους

267 2111 394 2148 ἴσους
418 2121 477 2153 pro
491 2109 634 2149 τούτους
652 2121 719 2144 sec.
739 2112 839 2145 schol.
862 2113 996 2153 scripsit
1013 2113 1159 2143 Brunck.
1182 2110 1278 2156 [item

269 2156 411 2202 Dind.]‚
444 2159 547 2200 idque
577 2159 727 2200 praefixo
751 2169 803 2205 γρ.
832 2160 869 2190 in
895 2160 955 2191 LA
978 2160 1198 2200 adscriptum,
1228 2163 1280 2191 est

269 2209 383 2238 autem
416 2207 457 2238 ab
486 2207 683 2248 interprete.
709 2224 813 2238 —.—
837 2206 852 2248 ΙΙ
877 2207 929 2238 De
959 2206 1099 2247 forma
1129 2207 1280 2238 vocabuli

269 2255 416 2295 primum
439 2257 510 2294 est,
538 2253 627 2294 quod
651 2252 751 2295 Soph.
776 2255 999 2294 comparativo
1024 2258 1058 2285 et
1081 2255 1280 2294 superlativo

271 2301 446 2333 abstinuit.
505 2300 775 2342 Oomparativum
817 2299 982 2347 ἰσαίτερος
1015 2301 1133 2342 Eurip.
1171 2302 1282 2342 posuit

271 2348 390 2390 Suppl.
411 2344 491 2380 441.
534 2349 623 2380 Dein
640 2349 782 2390 primam
801 2349 958 2387 syllabam
976 2349 1110 2389 tragicis
1127 2352 1161 2380 et
1178 2349 1281 2380 comi-

272 2397 319 2428 cis
337 2395 457 2436 corripi
473 2395 645 2427 adnotavit
661 2395 725 2427 EM
742 2405 775 2436 p.
796 2392 877 2436 477,
900 2393 954 2427 17.
983 2397 1023 2427 In
1041 2395 1102 2428 EG
1119 2405 1152 2437 p.
1166 2392 1247 2435 283,
1262 2393 1282 2426 7

272 2443 443 2484 ceteroqui
468 2444 700 2475 consentiente
725 2443 794 2474 illis
819 2442 908 2484 quod
932 2443 1022 2484 apud
1046 2444 1186 2475 comicos
1204 2444 1284 2474 sub-

271 2490 351 2522 inde
375 2490 514 2531 produci
541 2490 744 2530 afflrmatur,
772 2493 812 2521 ut
828 2499 920 2522 nunc
937 2493 1017 2522 sunt
1034 2490 1153 2522 horum
1169 2495 1283 2531 poeta-

272 2546 348 2569 rum
364 2537 538 2578 reliquiae,
559 2546 656 2569 secus
672 2546 746 2569 esse
763 2541 971 2578 compertum
987 2537 1160 2569 habemus.
1181 2538 1282 2569 Recte

271 2585 376 2625 igitur
388 2585 504 2617 Valck.
524 2584 564 2616 ad
577 2584 701 2616 Phoen.
714 2581 796 2616 757.
824 2585 916 2616 Pors.
933 2584 974 2616 ad
986 2584 1042 2617 Or.
1054 2581 1088 2625 9,
1109 2586 1168 2625 qui
1182 2594 1282 2625 quem

272 2631 431 2670 Aeschyli
448 2640 582 2663 versum
600 2629 679 2676 ἐμοὶ
696 2629 825 2677 γένοιτο
843 2633 950 2678 φᾶρος
967 2629 1042 2664 ἶσον
1060 2629 1195 2677 οὐρανῷ
1211 2641 1283 2662 cor-

273 2683 411 2720 ruptum
439 2682 556 2720 putat,
589 2679 735 2710 eundem
763 2679 957 2710 emendavit
984 2679 1100 2710 Herm.
1133 2679 1175 2710 ad
1198 2679 1279 2718 Reg.

272 2725 365 2758 Pros.
386 2735 420 2766 p.
440 2722 510 2758 443
535 2722 630 2759 οἷον
654 2726 838 2758 scribendo.
866 2726 1011 2758 Homero
1028 2730 1191 2767 perpetuo
1208 2735 1284 2766 pro-

273 2773 407 2805 ducitur
419 2803 426 2814 ,
453 2773 695 2805 recentioribus
717 2774 821 2814 epicis
838 2774 992 2813 ambigua
1008 2776 1078 2814 est,
1107 2774 1202 2805 velut
1218 2784 1285 2806 κα-

273 2817 351 2857 λόςε
381 2820 470 2861 quod
494 2820 535 2852 de
556 2819 756 2852 Callimacho
779 2821 932 2852 exsecuti
959 2824 1039 2852 sunt
1063 2821 1177 2862 Intpp.
1199 2820 1283 2852 Gre-

273 2868 357 2909 gorii
374 2876 407 2908 p.
428 2863 508 2900 302.
549 2867 632 2899 Inde
649 2871 806 2899 accentus
822 2867 950 2908 pendet
965 2868 1066 2899 ratio:
1096 2878 1127 2898 v.
1148 2868 1226 2899 Arc.
1247 2877 1280 2908 p.

272 2912 330 2955 75,
350 2911 374 2946 4
397 2916 440 2946 cs.
463 2911 518 2955 10,
547 2906 706 2951 ιὼιἿσος
729 2914 955 2946 scribendum.
985 2913 1162 2946 Schaefero
1178 2915 1213 2945 in
1231 2915 1286 2946 in-

274 2962 347 2993 dice
370 2960 499 2993 Orestis
515 2961 652 2994 Porsoni
677 2972 708 2994 v.
731 2959 864 2999 ἰσόθεος
888 2971 953 2994 non
977 2962 1184 3003 improbatur
1210 2958 1284 2998 ἴσος

274 3009 414 3041 scenicis
431 3009 608 3049 aliquando
624 3009 773 3050 produci.
787 3035 790 3039 .
1008 3009 1033 3047 (I
1050 3018 1084 3050 Ρ.
1105 3005 1187 3048 848,
1211 3005 1287 3052 18.)

1010 146 1021 164 ‘
1033 149 1270 218 Ισόσπριος

344 3072 600 3124 Ἰσόσπριος
632 3078 731 3119 fabae
755 3079 883 3110 similis.
934 3078 988 3112 Sic
1016 3079 1126 3110 dictus
1152 3075 1280 3119 ἴουλος,

275 3134 376 3167 quem
393 3126 494 3157 etiam
510 3123 587 3159 ὄνον
605 3126 777 3166 vocabant,
808 3130 943 3167 propter
959 3127 1096 3158 formam
1114 3125 1218 3166 Coph.
1239 3127 1280 3157 fr.

276 3169 345 3204 334
369 3182 423 3213 ap.
451 3172 552 3205 schol.
581 3173 691 3214 Apoll.
712 3173 776 3204 Rh.
799 3170 830 3214 1,
851 3170 938 3204 972:
965 3168 1138 3209 κυλισθεὶς
1164 3170 1211 3209 ὥς
1235 3182 1285 3209 τις

277 3215 354 3256 ὄνος
378 3217 562 3264 ἰσόσπριος.
596 3219 693 3251 Unde
711 3219 877 3259 Hesych.:
907 3215 1005 3256 ὄνος
1032 3218 1283 3264 ἰσόσπριος·

277 3263 349 3298 ἔστι
374 3263 412 3298 δὲ
429 3264 519 3310 ζῷον
537 3263 724 3307 πολύπουν,
753 3265 819 3300 ὀσπ
843 3264 883 3312 ίῳ
902 3263 1033 3311 ὅμοιον,
1061 3263 1079 3299 ὃ
1095 3264 1154 3299 καὶ
1169 3263 1285 3300 ἴουλον

277 3311 366 3349 τινὲς
383 3311 495 3358 φασίν.
517 3311 574 3358 [cf.
596 3314 691 3345 Phot.
711 3323 745 3355 Ρ.
768 3310 812 3345 33
841 3338 849 3354 ,
873 3310 914 3344 17
940 3318 974 3345 et
999 3323 1084 3354 quae
1101 3314 1136 3345 in
1154 3325 1187 3346 v.
1209 3311 1286 3350 ὄνος

277 3357 491 3404 afferentur]

349 3425 539 3463 Ἰσοτέλε
550 3440 622 3464 στο
632 3441 649 3468 ς
669 3432 794 3471 pariter
810 3431 990 3471 perficiens.
1020 3429 1039 3464 ὁ
1058 3429 1086 3463 δ’
1106 3428 1286 3476 ἐπίκουρος

1294 178 1362 188 -
1379 148 1566 218 Ἵστημι
2011 149 2041 192 [1
2057 159 2251 205 p.847-
2272 167 2275 174 ¹

1309 266 1520 305 ίσοτέλεστος
1532 260 1652 306 ’Ἄϊδος
1732 266 1880 315 θάνατος
1905 267 1940 306 ἐς
1963 266 2124 303 τελευτάν
2150 268 2206 302 OG
2228 266 2246 302 1
2269 311 2272 314 .

1308 316 1358 348 ch.
1388 314 1518 360 ὁμοίως
1535 313 1812 360 ἀποθνήσκουσιν
1831 314 1864 349 οἱ
1878 318 2028 350 τοιοῦτοι
2044 316 2146 349 schol.
2163 320 2200 348 et
2212 315 2240 349 Τ
2267 325 2275 345 .·

1308 364 1422 395 Herm.
1449 373 1526 395 cum
1542 363 1689 403 Reisigio
1713 364 1820 395 active
1843 363 1971 396 dictum
1995 364 2192 404 intelligunt
2208 362 2253 396 ίσ
2270 367 2275 387 ’-

1306 407 1436 450 λεστος,
1460 402 1585 446 Ἀϊδος
1603 408 1784 456 ἐπίκουρος
1801 407 1948 448 θάνατος
1964 410 2093 451 opifera
2111 410 2200 442 Mors
2259 423 2278 450 Α

1308 459 1391 489 itum
1402 456 1576 489 adducens.
1602 457 1667 490 Sed
1677 458 1826 489 offendor
1839 458 1896 490 illo
1911 456 1951 490 ἰσ
1961 455 2084 492 οτέλε
2094 467 2167 491 στο
2178 469 2207 498 ς,
2227 471 2233 485 e
2249 473 2268 484 2·

1308 504 1474 536 adducens
1489 506 1668 544 interitum,
1681 506 1760 546 quia
1776 506 2032 546 comparationis
2045 514 2178 537 causam
2192 515 2213 536 n
2262 523 2267 529 .

1309 552 1422 592 vide03
1446 555 1480 582 et
1493 561 1556 583 nec
1569 549 1751 596 ἐπίκουρος
1766 553 1802 583 in
1818 553 1910 584 libris
1925 549 2006 596 [nisi
2022 563 2041 584 a
2057 562 2101 584 m.
2123 562 2174 593 pr.
2194 552 2229 584 in
2273 566 2275 569 ·

1310 599 1434 638 legitur
1459 599 1517 630 sed
1536 597 1592 631 ἔπι
1608 600 1732 644 κοῦρος
1744 625 1752 639 ,
1783 597 1838 632 ἔπι
1854 597 1970 644 κόρος,
1991 597 2048 632 ἐπὶ
2064 597 2178 644 κόρος,
2200 596 2242 632 ἐπ
2258 604 2281 622 .-

1311 656 1367 691 ρος
1393 650 1428 677 et
1450 644 1584 691 κόρος
1610 657 1628 677 a
1653 647 1756 678 schol.
1776 651 1810 678 et
1828 647 1927 678 Tricl.
1949 647 2147 688 explicatur,
2177 655 2239 678 nec
2261 638 2284 683 14'1

1311 693 1368 724 sed
1386 690 1456 725 οὐδ’
1474 694 1508 724 in
1527 694 1621 724 libris
1638 694 1793 725 omnibus
1810 697 1873 733 est,
1902 694 2110 734 improbante
2129 694 2279 725 Herma

1310 741 1537 772 trochaeorum
1571 741 1742 772 incessum
1774 741 1914 780 dactylis
1945 741 2153 772 intermixtis
2178 744 2258 772 tur·

1310 787 1397 819 Mihi
1428 791 1557 819 mutata
1590 789 1658 819 sola
1693 788 1911 819 distinctione
1944 788 2157 820 scribendum
2189 787 2265 819 vid

1311 832 1390 867 ὅταν
1415 845 1466 871 τις
1491 833 1526 871 ἐς
1551 832 1656 868 πλέον
1679 833 1765 881 πέσῃ
1782 836 1844 867 τοῦ
1861 832 2023 872 θέλοντος
2041 832 2111 868 οὐδ’
2129 832 2186 867 ἔπι
2202 832 2266 868 κό.

1313 879 1521 918 ίσοτέλεστος
1539 874 1660 919 Ἀϊδος
1686 880 1742 915 ὅτε
1765 876 1871 927 Μοῖρ’
1892 880 2101 928 ἀναπέφηνε,
2122 878 2211 915 θοίνα
2236 897 2243 910 ι

1310 926 1470 962 τελευτάν
1504 939 1578 960 cum
1603 931 1673 970 quis
1699 931 1733 961 in
1758 929 1917 970 cupiendo
1933 929 2068 961 modum
2085 928 2239 960 excedens
2262 948 2266 955 ι

1312 978 1466 1016 satiatur,
1488 977 1620 1017 quando
1634 975 1675 1020 (i.
1697 986 1727 1008 e.
1749 975 1868 1021 donec]
1884 977 2005 1008 Fatum
2020 986 2132 1008 omnes
2145 977 2222 1017 pari

1317 1023 1438 1055 Orcum
1454 1023 1630 1055 detrudens
1647 1025 1785 1064 inyrust,
1807 1024 1896 1055 Mors
1911 1034 2021 1055 rerum
2037 1024 2167 1055 ultima.
2204 1017 2266 1059 M.

1307 1062 1430 1107 ’Ἄϊδος
1449 1068 1670 1112 ἰσοτέλεστος,
1693 1072 1747 1103 cui
1765 1068 1913 1109 θάνατος
1930 1072 2139 1112 appositione
2156 1070 2260 1102 addi

1314 1119 1389 1149 Fati
1404 1120 1576 1150 necessitas
1592 1122 1644 1150 est
1660 1118 1808 1157 omnibus
1824 1121 2016 1150 eommunis.
2269 1120 2273 1131 ⁵

1381 1182 1506 1222 Ἰσόω
1530 1199 1683 1231 exaequo.
1729 1187 1858 1234 δρόμου
1879 1185 1906 1220 δ’
1925 1187 2050 1225 ἰσώσας
2064 1186 2105 1220 r*
2130 1184 2227 1233 φύσει
2249 1188 2265 1228 Ε,

1313 1234 1407 1282 φὲσει
1425 1237 1528 1268 Dind.
1550 1246 1577 1268 c.
1599 1234 1742 1279 Musgr.]
1760 1235 1802 1270 τὰ
1817 1234 1970 1282 τέρματα
1985 1235 2038 1267 ΕΙ.
2057 1231 2078 1266 6
2131 1259 2137 1266 .
2173 1234 2217 1267 Su
2239 1248 2267 1280 ιι

1313 1281 1452 1329 δρόμοις
1473 1282 1550 1316 ἰσῶ
1563 1294 1633 1316 σαι
1651 1287 1685 1315 et
1703 1282 1898 1329 πράγματα,
1918 1283 1984 1315 etsi
2000 1281 2153 1328 τέρματα
2169 1282 2210 1313 da
2233 1295 2238 1308 ι
2257 1307 2259 1309 ,

1313 1332 1418 1362 fuisse
1436 1340 1479 1362 ex
1496 1332 1775 1372 interpretatione
1793 1331 1904 1362 addita
1922 1331 2047 1362 clarum
2064 1333 2126 1362 est.
2155 1328 2224 1361 Nec
2252 1349 2260 1365 ,-

1315 1389 1374 1415 σας
1400 1388 1462 1410 nec
1487 1376 1586 1425 φύσιν
1612 1383 1701 1410 recte
1726 1378 1885 1410 videntur
1909 1378 2122 1409 intellexisse
2139 1379 2179 1408 ut
2193 1384 2235 1408 ve

1313 1426 1360 1456 ita
1378 1427 1579 1458 recentiores
1596 1427 1813 1466 interpretes,
1829 1425 1920 1457 unde
1934 1425 2117 1465 Musgravii
2135 1423 2261 1456 coni·-

1312 1471 1356 1520 τῇ
1381 1470 1501 1518 ἀφέσει
1525 1474 1677 1505 certatim
1702 1478 1837 1514 recepta
1854 1473 1933 1504 fuit.
1980 1470 2099 1505 ἰσῶσαι
2115 1468 2158 1504 τὰ
2174 1467 2232 1517 τέρ
2254 1461 2263 1493 ¹³

1315 1519 1433 1566 δρόμῳ
1451 1521 1538 1552 nihil
1555 1522 1689 1552 videtur
1706 1530 1779 1552 esse
1796 1521 1864 1551 nisi
1882 1521 2008 1560 assequi
2026 1517 2199 1558 currendo,
2235 1531 2241 1544 ι
2262 1547 2265 1550 .

1314 1566 1413 1614 φύσει
1438 1568 1478 1599 de
1504 1569 1665 1599 celeritate
1685 1567 1809 1608 pedum
1837 1568 2003 1606 intelligo.
2040 1583 2080 1589 —-
2123 1563 2234 1600 θεοῖσι
2254 1562 2258 1566 ’

1315 1612 1491 1660 ἰσούμενον
1571 1613 1705 1660 ἀνδρῶν
1731 1613 1768 1648 δὲ
1795 1618 1930 1661 πρῶτον
1954 1611 2126 1659 κρίνοντες
2142 1612 2200 1645 OR
2253 1608 2262 1641 ἔ

1314 1660 1400 1695 ἴσον.
1437 1663 1530 1695 Suid.
1552 1674 1582 1694 v.
1606 1660 1766 1708 συμφορά
1787 1663 1918 1694 turbato
1942 1662 2119 1693 verborum
2142 1659 2236 1692 ordin
2256 1663 2262 1686 ῐ

1316 1712 1393 1742 fert.
1424 1710 1499 1741 Non
1515 1709 1565 1741 dis
1583 1709 1713 1751 quidem
1730 1711 1990 1750 aequiparantes,
2007 1717 2121 1739 verum
2176 1719 2185 1734 o
2242 1722 2254 1745 ς

1311 1758 1494 1798 principem
1513 1757 1707 1789 iudicantes.
1736 1754 1862 1789 οὔκουν
1881 1755 2018 1801 ἰσοῦμαι
2035 1753 2132 1801 σφῷν
2149 1752 2167 1787 ἐ
2189 1753 2217 1787 ὼ

1313 1802 1444 1850 τρίτος;
1473 1805 1531 1836 OR
1547 1802 1627 1836 581.
2070 1800 2103 1846 (Ι
2118 1811 2152 1843 p.
2219 1795 2252 1832 θ’

1379 1867 1555 1920 (Ἰστημι
1576 1872 1686 1919 [Gurt.
1709 1874 1765 1906 Et.
1786 1884 1819 1915 p.
1841 1870 1921 1906 359.
1944 1869 2011 1905 615
2029 1873 2082 1905 ed.
2103 1868 2125 1904 2
2146 1896 2153 1903 .
2189 1871 2216 1903 1.
2246 1904 2257 1920 ¹-

1314 1931 1398 1955 mae.
1426 1923 1439 1965 ΙΙ
1464 1923 1573 1981 Activi
1601 1922 1712 1980 Prae-3.
1740 1918 1809 1954 ἵστ
1852 1931 1890 1953 σι
1915 1921 1968 1953 ΕΙ.
1989 1916 2046 1952 27.
2072 1916 2119 1952 28
2147 1943 2154 1950 .
2199 1915 2222 1951 ἱ·
2240 1923 2273 1942 ·'

1296 1966 1395 2058 ,ἓξὲξ
1424 1988 1470 2041 Ξ
1503 1964 2251 2057 ἳῖξρἶῗὶῒῃῖἓέ..ἐξιοζῖῗμὲξέἒῖἒξ

1316 2066 1453 2105 formae,
1474 2073 1541 2096 uno
1559 2068 1699 2104 excepto
1717 2060 1859 2108 ἕστηκεν
1874 2073 1900 2094 s.
1918 2059 2071 2102 ἕστακεν,
2089 2068 2242 2102 quorum

1316 2112 1370 2143 Ai.
1394 2108 1470 2143 102.
1492 2108 1572 2143 815.
1600 2112 1662 2142 hoc
1678 2112 1732 2142 Αἰ.
1752 2107 1822 2143 200
1839 2111 1891 2142 ch.
1913 2114 2043 2148 exstat;
2074 2109 2172 2148 vulgo
2189 2103 2244 2148 ἕη-

1316 2159 1375 2190 cod
1390 2159 1462 2190 Ien.
1485 2158 1571 2191 Flor.
1589 2154 1614 2191 Γ
1633 2155 1785 2202 ἕστηκεν.
1808 2175 1849 2181 --
1876 2158 1923 2189 At
1941 2154 2126 2200 ἕσταμεν
2143 2154 2200 2187 OR
2236 2191 2239 2194 .

1316 2205 1370 2238 OC
1387 2202 1487 2237 1017.
1518 2206 1571 2237 Tr.
1590 2202 1693 2237 1145.
1722 2203 1852 2238 ἑστάτω
1870 2204 1924 2236 ΕΙ.
1938 2200 1994 2236 50.
2022 2204 2078 2235 Ai.
2094 2198 2195 2234 1084.
2228 2216 2235 2225 2
2251 2237 2254 2239 Α

1316 2264 1371 2286 ναι
1394 2254 1476 2284 Ant.
1497 2249 1576 2285 640.
1613 2253 1738 2292 Musgr.
1767 2257 1800 2283 et
1827 2251 1958 2284 Schaef.
1987 2251 2061 2282 sine
2085 2250 2204 2281 idonea
2234 2263 2265 2291 '...

1319 2298 1460 2333 ἱστάναι.
1493 2297 1598 2336 ἑστώς
1616 2300 1670 2331 Ai.
1692 2297 1748 2331 87.
1778 2298 1925 2335 ἑστῶτος
1941 2298 2000 2330 OR
2017 2293 2096 2329 565.
2118 2322 2121 2325 .
2142 2293 2221 2328 ἑστ·

1316 2347 1363 2388 pl.
1391 2347 1446 2379 Tr.
1478 2344 1565 2379 1271
1596 2356 1649 2378 an.
1689 2364 1729 2369 —
1774 2346 1926 2387 Plusqpf.
1960 2342 2140 2377 ἕστασαν
2163 2343 2242 2375 ΕΙ..

1318 2395 1429 2426 Colch.
1463 2395 1503 2426 fr.
1532 2391 1600 2426 314
1624 2395 1657 2425 b.
1696 2411 1736 2416 —
1780 2394 1858 2425 Aor.
1882 2390 1913 2425 1.
1943 2390 2108 2436 ἔστησα
2136 2385 2251 2422 001⁶
2279 2420 2283 2428 2

1318 2439 1438 2487 ἔστησε
1456 2442 1509 2473 Tr.
1527 2437 1629 2473 1112.
1659 2439 1774 2486 στήσω
1788 2440 1844 2473 OC
1860 2436 1960 2472 1041.
1991 2438 2120 2486 στήσῃς
2132 2433 2211 2469 910.
2242 2438 2270 2474 ἶ..

1319 2499 1402 2522 σωσι
1419 2489 1474 2521 OC
1489 2485 1569 2521 399.
1598 2487 1732 2533 στήσειε
1744 2489 1825 2520 Ant.
1838 2483 1917 2519 666.
1948 2489 2071 2532 στῆσον
2089 2485 2144 2517 OC
2161 2481 2213 2516 11.
2244 2480 2254 2519 ἶ

1319 2547 1372 2569 σαι
1392 2533 1493 2568 1625.
1522 2534 1647 2580 στήσας
1666 2535 1723 2567 OR
1740 2531 1820 2567 699.
1850 2532 2013 2578 στήσαντε
2030 2534 2112 2566 Ant.
2129 2527 2195 2563 146
2218 2544 2241 2556 =,

1320 2584 1397 2615 Aor.
1418 2580 1451 2614 2.
1497 2580 1598 2627 ἔστη
1616 2583 1671 2614 Ai.
1693 2579 1772 2614 950.
1810 2581 1864 2613 OG
1885 2578 1985 2613 1592.
2030 2583 2151 2613 στῶσιν
2171 2577 2227 2611 00
2246 2619 2249 2622 Α

1317 2628 1490 2709 sii&-
1512 2626 1671 2714 2⁵⁶3..
1694 2624 1972 2708 scisti...
2003 2622 2196 2706 ‘rifi-2

1319 2726 1373 2757 Ar.
1398 2702 1499 2756 1237'.
1544 2722 1668 2757 στάντα
1684 2723 1740 2755 oc
1757 2720 1837 2754 477.
1867 2723 1947 2754 Ant.
1972 2719 2072 2754 1156.
2117 2717 2202 2753 στοι

1320 2769 1376 2804 50.
1406 2772 1459 2804 El.
1480 2767 1559 2803 709.
1582 2788 1622 2793 —
1649 2771 1663 2813 ΙΙ
1689 2771 1799 2802 Pass.
1823 2769 1959 2801 Prae&
1988 2766 2124 2802 ἵσταται
2140 2766 2199 2799 Ph.
2234 2778 2253 2805 ι.
2279 2800 2281 2802 ,

1321 2819 1408 2860 quod
1432 2818 1581 2850 medium
1607 2819 1714 2849 vocari
1738 2827 1804 2848 non
1821 2820 1945 2857 potest.
1983 2833 2024 2838 —
2067 2816 2145 2846 Aor.
2165 2811 2210 2847 ἐσ
2227 2825 2238 2842 -c

1321 2865 1379 2898 ΟΒ
1397 2862 1497 2897 1463.
1543 2861 1679 2902 σταθείς
1706 2865 1760 2896 Tr.
1782 2861 1861 2896 608.
1885 2859 1986 2895 1192.
2023 2863 2079 2895 Ai.
2101 2858 2201 2893 1171.
2237 2898 2242 2907 y>
2277 2887 2280 2890 .

1321 2911 1422 2947 θεῖσα
1439 2913 1493 2944 Tr.
1516 2909 1595 2944 340.
1613 2929 1654 2935 -
1674 2912 1688 2954 ΙΙ
1708 2911 1810 2943 Med.
1834 2911 1974 2942 Praes.
1998 2907 2211 2953 ἰστώμεσ

1323 2957 1400 2991 147.
1429 2957 1514 2992 ἴστω
1528 2959 1588 2990 Ph.
1604 2955 1684 2998 893,
1706 2959 1798 2990 Libri
1810 2955 1908 2997 ἴστω,
1930 2958 2030 2989 Tricl.
2049 2955 2148 2990 ἔστω.
2187 2969 2189 2972 ’
2220 2955 2245 3002 '3

1319 3003 1459 3040 ἴστασθε
1476 3006 1534 3038 OR
1553 3003 1630 3038 143.
1674 3002 1832 3039 ἵστασθαι
1850 3006 1931 3036 Ant.
1952 3000 2032 3036 299.
2078 2998 2198 3047 ἱσταμέ
2222 3018 2236 3039 ι,
2286 3019 2288 3042 ι

1323 3051 1389 3086 175
1415 3054 1481 3094 ch.‚
1518 3053 1605 3094 quod
1629 3057 1742 3085 tamen
1767 3054 1868 3084 etiam
1890 3052 2015 3093 passivi
2040 3060 2114 3082 esse
2275 3069 2278 3071 -

1321 3101 1386 3142 fui.
1415 3098 1566 3134 στάσει
1590 3101 1651 3132 Ph.
1679 3096 1748 3132 833
1766 3099 1816 3131 ch.
1840 3116 1943 3130 -.-
1977 3099 2021 3130 ΙΙ.
2047 3097 2140 3129 Usus.
2161 3095 2176 3138 ΙΙ
2277 3127 2280 3130 ,

1319 3159 1395 3180 rum
1410 3147 1596 3188 formarum
1612 3151 1741 3179 constat
1757 3147 1837 3178 alias
1853 3146 2030 3178 transitiva
2041 3169 2049 3184 ,
2073 3145 2154 3176 alias
2168 3143 2221 3175 in
2246 3147 2248 3149 ’
2267 3152 2284 3190 ,4

1321 3196 1391 3227 tiva
1407 3198 1571 3236 potestate
1587 3194 1755 3235 praeditas
1772 3203 1857 3225 esse.
1892 3193 1937 3224 Et
1951 3193 2081 3233 proprie
2097 3190 2189 3232 quid
2206 3204 2238 3236 ‘''1
2263 3191 2283 3239 ,’

1321 3243 1480 3274 dicuntur
1501 3243 1688 3281 transitive,
1718 3245 1755 3272 ut
1778 3242 1948 3271 consistere
1964 3239 2090 3279 facere,
2123 3248 2155 3269 c
2190 3250 2214 3262 .›
2263 3255 2276 3272 ·.

1321 3291 1442 3329 eriyere
1474 3289 1703 3329 significetur:
1748 3285 1871 3341 στῇσόν
1896 3297 1938 3332 με
1962 3283 2162 3331 κάξίδρυσον
2194 3285 2227 3310 ¹=

1322 3335 1368 3373 ὥς
1387 3329 1411 3368 α’
1430 3333 1510 3382 ἄγχι
1527 3338 1590 3381 γῆς
1612 3334 1761 3380 στήσωσι
1779 3330 1958 3377 Ικαδμείας
1976 3330 2055 3365 399.
2099 3329 2197 3377 λόγχ
2257 3344 2276 3377 21,

1322 3377 1408 3416 σαντ’
1429 3381 1546 3428 ἔχετον
1564 3384 1645 3414 Ant.
1669 3379 1735 3413 146
1753 3391 1806 3413 an.
1855 3378 1958 3426 ὀρθὸν
1984 3378 2044 3417 οὖς
2060 3377 2191 3423 ἵστησιν
2207 3383 2226 3425 J
2245 3385 2276 3428 ng

1322 3431 1363 3462 de
1388 3439 1493 3470 equo,
1522 3434 1557 3461 et
1580 3430 1622 3461 de
1647 3429 1777 3470 capillis
1804 3432 1895 3459 metu
1916 3427 2083 3467 erigendis
2100 3425 2186 3458 ὥστε
2219 3440 2224 3447 ¹
2268 3425 2270 3427 ’

2222 3451 2277 3521 i

2229 3497 2242 3515 i·
2259 3497 2266 3506 ’ν

2267 3524 2273 3538 ι,

2220 3558 2226 3570 ›.
2258 3545 2273 3574 ³:

2227 3578 2232 3592 J
2267 3576 2273 3587 1
