2288 3600
306 71 369 119 44

304 191 356 220 est
370 198 376 217 :
396 187 457 220 hoc
473 187 565 220 enim
582 188 672 218 esset
685 185 728 218 ad
746 194 840 226 quem
856 186 1038 224 naviyaret.
1060 180 1157 229 εἷρπε
1174 180 1238 229 γὰρ
1255 179 1320 216 ἄλ-

305 228 377 268 λοτ’
409 231 500 280 ἄλλᾳ
531 227 600 267 τότ’
632 230 672 266 ἂν
707 230 905 276 εἰλυόμενος
938 232 999 263 Ρ11.
1022 228 1101 263 701.
1132 227 1226 276 ἕρπει
1246 230 1316 262 LA.

304 283 382 315 Post
400 279 525 316 ἄλλοτε
542 281 667 313 iniuria
693 280 850 312 distinxit
874 280 989 311 Herm.
1020 277 1151 310 Solebat
1168 277 1253 318 forte
1272 280 1322 315 (er

304 330 428 361 mochte
443 329 529 361 wohl
548 328 617 369 —).
638 324 703 360 κᾶν
721 325 870 372 ἐγίγνετο
888 324 1005 372 πληγὴ
1023 323 1219 358 τελευτῶσα
1235 325 1316 356 Ant.

303 373 373 409 260
390 385 456 409 non
474 379 525 408 est
551 376 689 416 fortasse
705 376 757 406 vel
780 375 911 406 verbera
929 373 1139 412 cecidissent,
1160 372 1219 404 sed
1236 372 1321 412 forte

302 425 355 455 vel
378 424 509 455 verbera
533 426 665 463 accepta
690 422 829 463 dataque
846 424 933 452 sunt.
971 421 1047 452 Huc
1065 421 1154 452 refer
1177 413 1255 465 τάχ’
1280 416 1320 452 ἄν

306 482 357 508 τις
375 468 471 504 ἄκων
489 467 570 518 ἔσχε
590 470 648 501 Ρ11.
672 466 739 501 305
757 469 842 509 forte
859 469 965 510 fiebat,
988 469 1016 499 si
1034 468 1104 508 quis
1122 467 1318 507 appetieret5

305 522 394 550 certa
419 519 509 550 enim
534 517 667 549 videtur
683 517 869 548 Hermanni
896 515 1095 547 emendatio.
1133 515 1322 555 Legebatnr

302 559 381 612 τάχ’
399 563 457 599 οὖν
487 564 640 607 [retinuit
656 564 775 606 Dind.]
804 573 905 595 sensu
933 572 1074 594 cassum.
1120 561 1251 593 Deinde
1278 571 1320 592 ex

303 613 365 645 hoc
388 622 511 653 genere
537 611 735 653 explicanda
759 612 816 643 illa
841 611 996 652 exempla
1013 612 1111 650 sunt,
1141 610 1263 650 quibus
1281 605 1321 641 ἄν

304 661 499 701 imperfecto
525 661 572 691 rei
609 658 679 700 fieri
702 659 816 690 solitae
842 658 1121 698 significationem
1154 656 1317 698 impertit.

305 704 324 740 ὅ
342 718 401 750 μοι
428 704 528 751 βάλοι
552 703 787 750 νευροσπαδὴς
813 703 993 750 ἄτρακτος,
1022 701 1123 741 αὐτὸς
1149 700 1189 736 ἂν
1214 700 1321 739 τάλας

305 751 470 799 εἰλυόμην
496 754 556 785 Ρ11.
578 749 658 786 290.
689 750 719 786 εἴ
742 764 762 786 τ
796 750 865 785 ἔδει
890 750 993 785 ποτὸν
1018 749 1136 796 λαβεῖν
1161 744 1254 784 ταῦτ’
1281 746 1321 783 ἂν

305 799 455 847 ἐξέρπων
472 799 578 838 τάλας
597 799 836 847 ἐμηχανώμην
854 804 889 832 et
906 797 978 832 εἶτα
1003 800 1070 844 πῦρ
1090 795 1129 831 ἂν
1151 796 1189 831 οὐ
1208 799 1321 841 παρτῖν

304 852 352 885 (σε
367 849 491 880 mochte
506 848 592 879 wohl
609 848 660 888 oft
677 848 802 888 fehlen)
827 843 1024 878 292-295.
1056 847 1120 878 Sed
1138 846 1192 877 Ai.
1217 818 1317 877 1078.

304 896 462 928 orationis
494 896 648 937 obliquae
682 899 752 935 est,
783 899 817 926 et
850 895 886 926 in
919 894 972 925 El.
1010 890 1100 925 1482
1133 890 1223 926 ἀλλά
1264 903 1322 936 μοι

305 941 410 987 πάρες
434 939 498 976 κᾶν
525 941 667 989 σμικρὸν
692 940 800 975 εἰπεῖν
819 942 953 973 videtur
981 950 1040 982 pro
1063 939 1121 973 καὶ
1155 938 1214 973 ἐάν
1249 949 1322 971 esse

305 991 445 1030 dictum,
467 990 696 1022 subaudiendo
711 990 846 1030 expleta
860 989 1030 1020 sententia
1047 984 1111 1020 κᾶν
1126 986 1269 1033 σμικρὸν
1288 980 1319 1033 ᾖ.

377 1062 420 1093 11.
470 1061 643 1102 Tanquam
685 1061 871 1092 coniunctio
905 1069 980 1091 cum
1011 1058 1109 1091 modo
1143 1057 1322 1089 indicativo

303 1107 392 1139 verbi
417 1107 554 1139 dictum.
599 1108 645 1139 Et
672 1105 702 1139 1.
730 1117 806 1138 cum
841 1107 1019 1138 indicativo
1043 1107 1223 1147 praesentis
1257 1115 1322 1137 non

303 1155 444 1187 dicitur:
475 1166 507 1186 v.
535 1156 650 1187 Herm.
680 1155 720 1186 de
746 1158 831 1196 part.
859 1152 899 1187 ἄν
925 1164 958 1195 p.
984 1151 1037 1185 14.
1072 1154 1128 1186 Gr.
1151 1154 1255 1184 Bekk.
1285 1163 1318 1194 p.

309 1199 386 1234 126.
408 1203 480 1234 coll.
503 1202 613 1244 Apoll.
635 1203 676 1234 de
695 1206 783 1241 synt.
804 1212 837 1243 p.
859 1198 939 1233 204.
986 1202 1089 1233 Recte
1107 1201 1322 1232 Hermannus

303 1249 472 1281 Brunckio
498 1250 690 1282 adversatur
716 1246 773 1292 (ad
797 1250 855 1280 Ar.
877 1249 967 1280 Plut.
990 1245 1070 1280 885.
1102 1248 1190 1289 Equ.
1217 1244 1318 1279 1131.

303 1297 387 1328 th.
409 1293 506 1340 873).
543 1297 611 1329 Nec
637 1298 815 1338 quisquam
839 1296 906 1327 hnc
932 1296 1041 1327 trahet
1065 1296 1147 1326 Ant.
1170 1292 1239 1326 734
1256 1304 1322 1336 quo

303 1344 372 1376 loco
396 1353 439 1376 ne
456 1344 665 1376 Brunckium
690 1344 826 1385 quidem
845 1344 950 1383 fugit,
980 1340 1020 1376 ἄν
1046 1343 1236 1374 sententiae
1255 1352 1320 1374 non

304 1392 493 1424 convenire.

374 1446 407 1482 2.
439 1449 525 1482 Cum
551 1449 730 1482 indicativo
755 1449 864 1489 futuri
890 1449 1016 1481 dictum
1035 1449 1251 1481 Homericum
1270 1451 1322 1480 est

304 1499 339 1529 et
355 1497 586 1530 adverbiascit.
617 1497 717 1539 Apud
744 1497 893 1528 cultioris
912 1498 1030 1528 aetatis
1058 1497 1235 1537 scriptores
1254 1505 1319 1527 non

303 1547 426 1585 exstat,
447 1545 512 1577 etsi
529 1545 737 1576 vindicatum
752 1545 800 1576 eis
818 1545 911 1576 ibant
924 1544 1070 1576 Brunck.
1085 1544 1125 1575 ad
1134 1543 1194 1575 Ph.
1216 1539 1315 1575 1089.

304 1591 451 1632 Theogn.
483 1588 585 1624 1015.
622 1592 678 1624 Ar.
707 1591 794 1623 Nub.
824 1588 905 1623 465.
938 1587 1039 1623 1157.
1076 1591 1194 1622 Markl.
1217 1591 1257 1622 ad
1274 1590 1318 1622 ΙΤ

302 1634 382 1671 894.
405 1639 527 1671 Locell.
548 1640 589 1671 ad
606 1639 695 1671 Xen.
709 1638 797 1680 Eph.
811 1635 891 1670 229.
914 1638 1043 1671 Schaef.
1066 1639 1105 1670 ad
1126 1638 1224 1678 Greg.
1243 1637 1317 1670 Cor.

304 1695 338 1728 p.
360 1682 416 1718 66.
437 1686 611 1718 Heindorf.
633 1687 674 1718 ad
691 1686 776 1718 Plat.
797 1686 918 1717 Phaed.
940 1696 974 1727 p.
995 1683 1052 1717 22.
1075 1686 1199 1725 Reisig.
1221 1686 1261 1717 de
1279 1683 1319 1718 ἄν
1337 1713 1338 1717 ,

304 1736 388 1774 part.
409 1742 443 1775 p.
465 1729 522 1765 99.
544 1735 586 1765 cf.
610 1734 688 1766 Lob.
710 1734 752 1765 ad
768 1733 892 1772 Phryn.
913 1743 946 1774 p.
969 1730 1049 1765 733.
1071 1729 1167 1766 Πάνυ
1185 1729 1319 1776 ἀμαθές

303 1780 386 1812 dicit
404 1780 545 1813 Thomas
562 1792 594 1812 v.
623 1777 690 1822 ἵνα,
718 1783 819 1821 recte,
842 1781 1009 1821 siquidem
1027 1781 1082 1812 hic
1099 1781 1234 1820 atticos,
1264 1781 1318 1811 in-

301 1828 420 1869 primis
461 1825 642 1873 πολιτικὴν
682 1826 800 1874 χρείαν
836 1829 998 1869 respexit.
1053 1829 1095 1859 V.
1132 1828 1316 1859 Hermann.

305 1875 327 1906 l.
345 1885 372 1906 c.
394 1885 427 1916 p.
447 1872 503 1907 30.
532 1875 619 1907 Male
636 1876 783 1907 Brunck.
804 1873 836 1908 τί
854 1869 928 1908 ποτ’
946 1872 985 1907 ἄν
1005 1885 1064 1919 μοι
1080 1873 1118 1908 τὸ
1135 1868 1211 1908 κατ’
1224 1872 1321 1919 ἦμαρ

305 1919 418 1963 ἕσται;
446 1922 508 1954 Ρ11.
525 1919 612 1954 1089
623 1933 667 1954 m.
689 1932 733 1954 ex
751 1923 821 1954 cod.
842 1923 868 1954 B
887 1923 997 1954 dedit:
1031 1923 1155 1963 reliqui
1173 1926 1207 1954 et
1224 1922 1318 1954 sebo-

306 1969 421 2002 liastes
437 1972 527 2001 recte
551 1967 583 2002 τί
600 1963 675 2003 ποτ’
700 1967 743 2003 αὖ
766 1963 863 2011 [τίπτ’
890 1967 932 2003 αὖ
951 1969 1086 2012 Dind.].
1106 1988 1147 1994 —-
1164 1971 1320 2002 τοιοῦτον

303 2013 506 2062 ἐκβέβηκεν,
526 2014 599 2050 οἷον
615 2014 666 2062 ἢν
693 2015 813 2063 φράσω
894 2014 975 2061 ὑμῖν
993 2010 1099 2061 θαῦμ’
1117 2014 1320 2050 ἀνέλπιστον

306 2060 429 2107 μαθεῖν
448 2064 502 2095 Tr.
525 2061 593 2096 672
610 2065 683 2096 iure
703 2074 794 2097 nunc
810 2065 935 2104 legitur
951 2064 993 2096 de
1010 2065 1162 2096 Erfurdti
1179 2067 1319 2096 senten-

305 2110 362 2142 tia.
384 2111 477 2142 Libri
510 2108 557 2144 ἂν
587 2109 756 2157 φράσω,
794 2112 881 2152 quod
900 2111 1098 2144 Schaeferus
1116 2122 1174 2153 pro
1192 2109 1251 2145 ἐάν
1270 2112 1321 2143 di-

303 2160 395 2190 ctum
411 2161 527 2199 putat,
556 2163 646 2191 recte
663 2169 763 2199 sane,
792 2159 970 2190 dummodo
996 2163 1123 2191 certum
1151 2163 1251 2199 esset,
1279 2156 1320 2191 ἄν

304 2214 362 2246 pro
387 2202 446 2238 ἐάν
471 2206 605 2246 tragicis
631 2207 795 2238 usitatum
823 2207 940 2238 fuisse.
983 2206 1048 2238 Sed
1081 2207 1141 2238 hac
1174 2208 1247 2247 ipsa
1280 2207 1320 2238 de

305 2261 403 2284 causa
420 2253 583 2293 concidit,
611 2254 647 2285 in
673 2263 739 2294 qua
763 2254 910 2285 multum
936 2263 971 2285 se
996 2255 1112 2294 torsit,
1133 2254 1320 2285 Hermanni

303 2300 388 2331 ratio
401 2296 579 2332 0R1062:
609 2294 680 2334 οὐδ’
698 2297 738 2334 ἂν
756 2299 786 2334 εἰ
802 2294 834 2333 ’κ
850 2299 967 2346 τρίτης
989 2297 1040 2342 [ἂν
1058 2298 1098 2334 ἐκ
1114 2299 1230 2347 τρίτης
1246 2301 1315 2342 LA]

304 2343 372 2392 ἐγὼ
387 2345 516 2428 μητρὸς
534 2351 631 2392 φανῶ
648 2345 839 2394 τρίδουλος,
868 2347 1012 2395 ἐκφανεῖ
1027 2347 1121 2393 κακή
1140 2360 1171 2380 V.
1194 2350 1215 2380 l.
1237 2359 1264 2380 c.
1287 2353 1321 2380 et

303 2393 345 2425 de
362 2403 395 2435 p.
440 2405 457 2427 ν
482 2405 515 2436 Ρ.
541 2391 618 2427 100.
656 2395 795 2427 Plenam
819 2396 904 2427 hanc
929 2405 1003 2427 esse
1030 2397 1214 2427 orationem
1239 2396 1320 2427 dicit

304 2437 344 2474 σὺ
363 2438 400 2474 δὲ
418 2438 482 2474 οὐκ
499 2439 642 2488 ἐκφανεῖ
657 2441 749 2487 κακὴ
769 2436 840 2476 οὐδ’
858 2439 898 2476 ἂν
916 2441 946 2476 εἰ
961 2441 1078 2489 τρίτης
1092 2453 1124 2476 κ.
1139 2454 1169 2476 τ.
1181 2441 1214 2476 λ.
1238 2443 1319 2474 Nam

304 2488 345 2519 ad
362 2482 432 2522 οὐδ’
456 2486 497 2522 ἄν
523 2489 606 2530 quid
622 2490 796 2522 subaudiri
821 2493 932 2532 potest
949 2491 1015 2522 nisi
1033 2491 1188 2522 futurum
1209 2488 1319 2536 ἐκφα-

303 2535 378 2570 νεῖὲ
411 2535 631 2568 scribendum
656 2538 710 2569 vel
736 2547 812 2569 cum
836 2537 953 2569 Herm.
991 2538 1158 2579 quondam
1181 2538 1222 2570 ad
1239 2539 1316 2577 Vig.

303 2591 337 2623 p.
352 2577 420 2614 791
439 2577 510 2616 οὐδ’
528 2581 586 2617 ἐὰν
602 2582 719 2630 τρίτης
741 2584 801 2626 [sic
811 2585 915 2617 Dind.
936 2585 996 2626 qui
1014 2588 1047 2616 et
1064 2586 1150 2617 coni.
1172 2579 1242 2619 οὐδ’
1260 2583 1319 2619 ἐὰν

305 2627 373 2675 &fob
391 2626 423 2662 ’κ
439 2627 568 2676 τρίτης]
590 2632 643 2663 vel
660 2632 748 2673 quod
765 2632 886 2664 melius
904 2629 985 2665 οὐδέ
1001 2626 1030 2678 γ’
1048 2630 1077 2665 εἰ
1093 2630 1222 2678 τρίτης.

375 2685 408 2720 3.
438 2688 524 2721 Cum
550 2689 738 2722 indicativis
767 2690 948 2732 imperfecti
972 2692 1024 2722 vel
1057 2692 1180 2723 aoristi.
1222 2702 1252 2723 a.
1280 2692 1319 2722 ln

304 2734 438 2775 apodosi
458 2735 674 2769 conditionali
699 2742 736 2770 ut
761 2747 806 2770 ex
834 2738 894 2770 tali
918 2748 954 2770 re
980 2739 1196 2771 concludatur
1221 2739 1316 2779 ratio,

304 2791 389 2823 quae
414 2783 488 2815 fieri
512 2784 667 2825 ponitur,
695 2785 761 2817 etsi
785 2794 848 2818 nec
871 2786 929 2818 flat
953 2795 1015 2818 nec
1041 2787 1127 2818 facta
1144 2786 1199 2818 sit.
1237 2786 1320 2818 Nota

304 2833 492 2871 temporum
526 2831 737 2864 discrimina:
773 2842 836 2864 nec
867 2834 988 2874 probo,
1016 2833 1104 2875 quod
1129 2834 1244 2865 Herm.
1271 2834 1320 2864 sic

304 2886 436 2918 quoque
454 2878 613 2910 aoristum
627 2878 666 2910 de
681 2889 715 2911 re
732 2880 795 2911 cito
816 2883 1042 2920 praetereunte
1063 2881 1129 2912 dici
1152 2881 1199 2912 ait
1211 2890 1245 2921 p.
1260 2877 1316 2912 50.

305 2923 412 2963 Quam
436 2926 619 2965 particulae
653 2923 695 2959 ἄν
728 2927 918 2960 finitionem
942 2928 1056 2968 posuit
1075 2927 1132 2959 Gr.
1153 2928 1260 2959 Bekk.
1282 2937 1315 2968 p.

308 2967 373 3002 126
385 2972 399 3011 ,¹
422 2981 461 3003 ea
485 2973 526 3004 ad
550 2972 641 3004 hunc
664 2974 771 3005 solum
797 2984 896 3006 usum
921 2979 998 3016 apta
1022 2978 1085 3007 est.
1123 2978 1197 3012 πῶς
1222 2972 1281 3008 οὖν
1300 2973 1317 3008 ὁ

304 3015 348 3064 λῃ
419 3029 435 3055 ς
459 3016 490 3052 εἴ
511 3029 542 3052 τι
570 3017 619 3064 μὴ
638 3017 911 3066 ἐπράσσετ’...ἐς
928 3019 997 3055 τόδ’
1022 3019 1063 3055 ἂν
1080 3019 1169 3066 τόλμ
1197 3033 1212 3060 ς
1228 3019 1314 3067 ,ἔβη;

306 3061 399 3096 OR1
428 3063 461 3098 5.
489 3063 519 3099 εἰ
545 3064 571 3099 δ’
591 3064 773 3114 ἐτύγχανες
799 3066 948 3114 βλέπων,
965 3066 1055 3103 ...ἂν
1074 3033 1259 3115 ἔφην7649.
1290 3068 1319 3103 εἰ

307 3109 346 3145 δὲ
365 3110 414 3157 μὴ
432 3109 553 3151 ’ὃόκεις
570 3111 679 3160 γέρων
698 3113 796 3155 εἶναι,
820 3113 926 3161 ἔγνως
943 3114 984 3150 ἄν
1002 3113 1083 3148 403.
1106 3113 1176 3150 οὐδ’
1194 3114 1319 3161 ἱκόμην

304 3156 358 3200 ἄν,
379 3158 409 3193 εἰ
427 3157 465 3192 σὺ
485 3171 510 3204 μ
559 3158 686 3198 ’κάλεις
705 3159 785 3194 432.
815 3162 844 3196 εἰ
868 3161 917 3208 μὴ
938 3161 991 3196 σοὶ
1008 3161 1168 3208 ξυνῆλθε,
1197 3161 1261 3197 οὐκ
1277 3161 1319 3198 α”ν

305 3203 378 3239 ποτ’
397 3204 471 3240 εἶπε
488 3205 509 3239 5
535 3204 568 3240 3.
597 3207 628 3242 εἰ
652 3205 679 3240 δ’
704 3206 805 3247 αὐτὸς
829 3207 951 3256 ἦρχον,
1041 3207 1082 3244 ἂν
1108 3209 1216 3257 ἔδρων
1235 3207 1315 3244 591.

305 3251 335 3286 εἰ
350 3250 394 3297 ἦν
413 3252 580 3300 φραγμός,
611 3253 675 3289 οὐκ
699 3253 739 3289 ἂν
758 3254 914 3304 ἐσχόμην
935 3255 1024 3290 1387
1061 3257 1121 3300 [sic
1138 3259 1217 3290 LA:
1238 3256 1320 3292 ἀνε-

304 3298 439 3347 σχόμην
464 3302 606 3345 apogr.].
635 3302 700 3335 Sed
717 3307 751 3335 et
768 3305 900 3336 omissio
917 3306 1102 3346 particulae
1126 3305 1215 3339 haud
1232 3306 1319 3338 male

305 3347 443 3382 defendi
466 3352 589 3390 potest.
619 3347 730 3396 ἔδρασ’
754 3347 815 3391 ἄν,
848 3349 878 3384 εἰ
903 3350 952 3396 μὴ
979 3349 1136 3398 πρώτιστ’
1171 3349 1322 3400 ἔχρῃζον
1357 3371 1397 3378 -
1425 3349 1567 3400 παρέσχ’
1601 3349 1734 3386 εὔνοιαν
1755 3364 1815 3393 ...;

1294 55 1381 112 ’'Av

2063 71 2181 120 [lp.1

1361 178 1462 214 1438.
1484 179 1514 214 εἰ
1539 180 1602 227 μὲν
1619 179 1759 228 εἰχέτην
1775 179 1846 228 ἤδη
1863 179 2003 228 φρένας,
2023 177 2121 215 πόλλ’
2146 177 2187 215 ἂν
2203 188 2272 229 πάρ

1362 225 1463 260 1512.
1481 226 1550 274 ἐγὼ
1564 227 1635 262 στεί
1662 240 1709 263 ων
1728 227 1768 264 ἂν
1779 226 1823 273 ἦν
1842 227 1871 262 εἰ
1883 227 1933 275 μὴ
1948 226 2057 267 πέλας
2073 223 2240 264 Ὀδυσσέα
2248 227 2273 271 ’ἐ

1359 286 1462 321 σομεν
1487 277 1548 308 Ρ11.
1581 273 1623 308 12
1677 302 1682 308 .
1721 275 1750 310 εἰ

1359 321 1543 381 &ww-w
1568 322 1676 362 κακός
1702 324 1758 357 OC
1775 286 1911 356 φρονων
1940 286 2129 322 επρασσον,
2157 272 2218 310 οὐδ
2250 273 2276 311 ἂ·

1562 367 1625 403 90.
1735 369 1748 380 Υ
1823 321 1856 356 2.
1870 321 1908 380 “ei
1935 322 1997 368 μὲν
2024 319 2065 356 δι’
2092 321 2198 382 &up-(355
2213 318 2278 369 ἦκα

1358 367 2280 464 iffi-siste.‘³2032{3³29}.5”33{“33.2†5408.⁰‚⁸2533⁰2

1358 461 1439 518 951.
1469 464 1498 498 εί
1517 464 1566 510 μὴ
1585 462 1742 516 ’τύγχανε
1750 462 2044 523 νπροσπέμψαςρῦ
2063 462 2091 498 τ’
2109 463 2150 499 ἄν
2168 462 2241 498 ποτ’
2256 463 2277 499 ὀ

1358 509 1662 617 ,1.
1684 511 1897 616 {1652th
1913 510 2284 618 ξσᾷξμέιξῗξιτς

1358 618 1454 700 Ξᾷυῗ,
1479 618 1542 700 ’ἔῖξ
1566 605 2285 700 ἱῖλῗξὲἶῗένέὗῖςοξξόίἦνῖἷόῖἷῗξότῗ*

1359 699 1453 747 βάξιν
1479 699 1615 747 κατήὸη
1640 699 1704 735 κᾶν
1730 700 1838 736 πάλαι
1863 705 1977 749 παρῆν
1996 702 2051 734 Tr.
2073 699 2130 734 87.
2151 699 2181 734 εἰ
2206 698 2283 735 ἕλευ

1358 746 1454 795 κάρτ’
1472 746 1512 782 ἂν
1532 741 1679 793 ᾤκτισας
1697 746 1778 781 897.
1799 747 1863 782 κᾶν
1889 745 2082 795 ἐξεπράξατ’
2109 745 2175 796 [γρ.
2197 746 2288 795 ἐξέπς

1359 796 1492 838 schol.]‚
1514 795 1543 830 εἰ
1567 793 1782 843 κατημέλησ’
1815 795 1882 842 ἐγώ
1908 798 1964 830 Ai.
1995 794 2051 829 45.
2089 796 2118 830 εί
2152 795 2218 835 ζῶν
2251 806 2288 842 κρ

1359 841 1494 888 ἔμελλε,
1525 840 1589 877 οὐκ
1613 841 1655 878 ἄν
1679 855 1729 882 τις
1755 838 1827 878 αὔτ’
1845 842 1996 891 ἔμαρψεν
2023 841 2130 881 ἄλλος
2148 839 2228 875 444.
2254 853 2288 877 κε

1388 889 1479 937 ρένες
1505 888 1650 936 άπῇξαν,
1680 889 1744 925 οὐκ
1769 889 1810 925 ἄν
1835 903 1918 926 ποτε
1943 889 2116 938 ἐψήφισαν
2140 887 2220 923 448.
2247 900 2286 923 κε

1383 942 1448 972 εῶν
1473 949 1523 975 τις
1551 936 1705 983 ἔσβεσεν,
1742 936 1903 976 θανόντες
1936 936 1976 972 ἂν
2011 934 2246 985 προόκείμεθα
2271 935 2288 970 1

1359 983 1430 1019 οὐδ’
1447 983 1486 1019 ἂν
1507 983 1684 1031 ἐμνήσθην
1704 984 1798 1027 ποτέ,
1821 985 1850 1020 εἰ
1869 999 1894 1032 μ
1937 983 2073 1030 ἥκουσα
2089 986 2141 1018 El.
2156 981 2236 1018 373.
2254 982 2288 1043 η’

1359 1032 1388 1066 εἰ
1413 1031 1582 1078 ἠπίστασο
1610 1029 1689 1066 394.
1720 1032 1750 1067 εἰ
1776 1030 1813 1066 δὲ
1837 1031 1891 1067 ἀεὶ
1940 1031 2040 1079 όγους
2065 1030 2220 1081 ἐξῆρχες,
2249 1043 2287 1066 ου

1358 1076 1452 1124 ἦσθα
1476 1078 1616 1127 λυπηρὰ
1633 1078 1749 1114 κλύειν
1767 1078 1847 1113 556.
1877 1079 1906 1114 εἰ
1925 1079 1974 1126 μὴ
1994 1078 2149 1126 ἔβλαστε,
2171 1077 2235 1114 οὐκ
2251 1077 2288 1114 ἄν

1357 1126 1642 1174 τε...ἐπέστεφεν
1669 1125 1749 1160 441.
1779 1126 1873 1174 εἴπερ
1900 1125 2058 1169 ἔσθενον,
2088 1125 2196 1174 ἔδρων
2224 1124 2266 1161 ἄν

1358 1174 1388 1208 εἰ
1405 1180 1537 1222 φρενῶν
1557 1172 1713 1222 ἐτύγχαν’
1731 1172 1817 1222 αὕτη
1836 1174 1886 1221 μὴ
1954 1202 1961 1216 ,
1983 1172 2118 1215 ἐσώζετ’
2136 1172 2175 1208 ἂν
2191 1172 2255 1219 τὴν
2271 1185 2288 1208 ε

1359 1220 1453 1267 βειαν
1471 1219 1551 1254 993.
1573 1222 1602 1256 εἰ
1630 1222 1678 1268 μὴ
1704 1220 1840 1269 ’κύρουν
1866 1221 1934 1269 ἐγὼ
1959 1221 2004 1267 ἦν
2019 1220 2060 1256 ἄν
2081 1219 2182 1255 1332.
2204 1221 2233 1256 εἰ
2251 1221 2288 1267 μὲ

1358 1268 1521 1303 κλάουσιν
1551 1267 1667 1304 ἰᾶσθαι
1693 1269 1803 1310 κακά,
1841 1269 1858 1304 ὁ
1882 1281 1907 1317 χ
1929 1268 2010 1307 υσὸς
2036 1268 2142 1314 ἧσσον
2168 1273 2287 1316 κτῆμα

1358 1315 1489 1350 κλαίειν
1509 1314 1548 1350 ἂν
1566 1315 1610 1362 ἦν
1630 1318 1718 1357 seyr.
1742 1319 1781 1350 fr.
1803 1315 1884 1357 501,
1906 1280 1939 1351 g.
2169 1315 2202 1361 (Ι
2219 1327 2253 1359 Ρ.
2276 1314 2288 1349 1

1428 1389 1460 1420 b.
1483 1388 1610 1420 Eadem
1628 1390 1710 1421 ratio
1726 1394 1789 1430 est,
1807 1390 1933 1429 protasi
1947 1389 2124 1430 participio
2143 1388 2282 1419 inclusa.

1357 1433 1421 1481 γὰρ
1446 1432 1486 1468 ἂν
1504 1433 1618 1470 θανὼν
1637 1434 1701 1469 οὐκ
1717 1434 1740 1481 ἠ
1769 1434 1916 1482 φίλοισιν
1933 1432 2063 1470 τοσόνδ’
2090 1433 2114 1470 ά
2140 1446 2177 1472 ος
2194 1434 2252 1468 OR
2272 1431 2287 1466 1

1358 1481 1454 1520 πόσις
1482 1482 1544 1527 μὲν
1579 1481 1620 1517 ἄν
1642 1495 1706 1538 μοι
1731 1481 1962 1520 κατθανόντος
1989 1481 2096 1520 ἄλλος
2147 1493 2165 1515 ν
2190 1483 2272 1515 Ant.

1356 1528 1378 1574 ἦ
1398 1541 1464 1564 που
1482 1530 1620 1577 τραφεὶς
1639 1542 1678 1564 αν
1697 1530 1828 1577 μητρὸς
1846 1529 2005 1577 εὐγενοῦς
2023 1528 2092 1564 ἄπο
2111 1527 2129 1563 ὑ
2185 1525 2216 1562 λ’
2233 1527 2288 1576 ἐφ(

1356 1578 1410 1609 Αἰ.
1436 1575 1535 1611 1230.

1428 1659 1454 1681 c.
1486 1650 1557 1680 Non
1592 1651 1703 1681 minus
1738 1650 1934 1691 frequenter
1969 1650 2113 1690 protasis
2145 1647 2288 1680 conditio

1355 1698 1517 1728 reticetur.
1556 1698 1672 1729 Herm.
1702 1697 1725 1727 1.
1743 1708 1771 1729 c.
1800 1707 1833 1738 p.
1854 1694 1911 1730 20.
1941 1694 1980 1730 ού
2005 1694 2049 1743 γὰ
2087 1693 2128 1729 ἄν
2146 1705 2229 1728 ποτε
2246 1693 2288 1728 ἐσ1

1355 1740 1421 1789 θην
1441 1742 1508 1789 ἐγώ
1518 1744 1579 1775 Ρ11.
1593 1741 1672 1776 412.
1688 1741 1740 1776 οἷν
1756 1742 1823 1790 ἐγὼ
1840 1741 1951 1789 ἥκιστ’
1967 1741 2007 1777 ἂν
2025 1706 2171 1789 ἠθέλησ’
2190 1739 2288 1775 ὀλωλ4

1356 1788 1471 1824 κλύειν
1490 1789 1568 1823 427.
1592 1790 1628 1828 ὃς
1654 1790 1717 1825 οὐκ
1742 1788 1782 1824 ἂν
1809 1788 1906 1824 εἵλετ’
1932 1788 2073 1830 εἰσάπαξ
2098 1788 2207 1823 εἰπεῖν
2232 1786 2288 1822 44Ξ

1356 1836 1420 1884 γάρ
1447 1836 1519 1872 ποτ’
1546 1836 1586 1872 ἂν
1614 1836 1777 1885 ἐξηύχηᾶ
1803 1838 1872 1884 ἐγώ
1896 1835 1977 1871 869.
2007 1836 2047 1872 οὐ
2073 1835 2137 1884 γὰρ
2154 1833 2194 1870 ἂν
2213 1834 2288 1871 σθέν

1379 1896 1394 1918 ε
1410 1883 1503 1933 εἷλέν
1531 1897 1572 1930 με
1592 1883 1671 1918 947.
1703 1884 1777 1920 ἐπεὶ
1803 1883 1873 1921 οὐδ’
1899 1883 1939 1919 ἂν
1959 1883 2017 1919 ὧδ’
2036 1883 2054 1919 ἔ
2080 1881 2146 1919 οντ’
2165 1882 2194 1917 εἰ
2213 1882 2262 1929 μὴ
2281 1881 2288 1915 ἓ

1381 1930 1437 1965 48.
1461 1931 1535 1966 ἐπεὶ
1553 1930 1668 1967 οὔποτ’
1686 1931 1726 1967 ἂν
1745 1930 1923 1967 ἐπλεύσατ’
1941 1931 1982 1966 ἄν
2003 1930 2045 1965 10
2097 1957 2103 1964 .
2125 1928 2148 1964 ἀ
2195 1930 2239 1977 ὴν
2257 1928 2288 1964 κ]

1358 1978 1398 2014 ἂν
1429 1977 1498 2014 οὐδ’
1532 1978 1623 2020 ἅπαξ
1648 1979 1844 2027 ἐβουλόμην
1873 1977 1974 2013 1239.
2011 1977 2086 2014 ἀλλ’
2120 1942 2288 2024 ἥθέλονό

1357 2026 1541 2072 πεισθῆναι
1562 2025 1663 2060 1278.
1686 2027 1724 2062 οὐ
1742 2026 1806 2074 γὰρ
1824 2026 1864 2062 ἂν
1953 2025 2011 2062 ὧδ’
2029 2025 2126 2074 εἷρπε
2142 2027 2200 2061 OR
2217 2023 2274 2059 83.

1358 2074 1519 2122 ἐχρήσατ’
1544 2073 1584 2109 ἅν
1614 2073 1690 2107 117.
1721 2075 1759 2110 οὐ
1777 2074 1842 2122 γὰρ
1860 2073 1900 2109 ἂν
1919 2072 2054 2121 μακρὰν
2077 2072 2215 2131 ἲχὲευον
2233 2070 2288 2105 22(

1357 2121 1423 2168 γὰρ
1441 2120 1481 2156 ἂν
1500 2120 1587 2169 δεῦρ’
1607 2121 1731 2168 ἱκόμην
1747 2121 1825 2157 318.
1844 2121 1919 2157 ἐπεὶ
1936 2121 2046 2169 σχολ·
2062 2119 2091 2168 γ’
2109 2133 2150 2157 αν
2168 2118 2288 2155 ἐστειλι

1358 2168 1438 2203 434.
1459 2167 1596 2204 θέλοντι
1629 2168 1738 2215 κάμοὶ
1753 2167 1842 2206 τοῦτ’
1861 2168 1901 2204 ἂν
1918 2168 1962 2215 ἦν
1984 2134 2084 2203 1366.
2107 2167 2231 2204 οὔκουν
2250 2179 2288 2202 πο

1357 2216 1385 2264 γ’
1405 2215 1444 2251 ἂν
1463 2216 1585 2264 φονεὺς
1610 2215 1721 2262 ἦλθον
1743 2216 1832 2251 1357
1850 2229 1895 2250 111.
1918 2215 1982 2251 οὐκ
2006 2215 2069 2251 οἶδ’
2093 2215 2243 2263 ὄμμασιν
2262 2226 2287 2249 π

1358 2263 1488 2311 πατέρα
1505 2262 1578 2298 ποτ’
1596 2262 1636 2298 ἂν
1654 2264 1836 2311 προσεῖδον
1854 2262 1954 2298 1372.
1972 2262 2012 2298 οὐ
2029 2263 2093 2311 γὰρ
2114 2262 2155 2300 ἄν
2180 2273 2263 2297 ποτε
2286 2280 2288 2287 ι

1359 2324 1449 2346 σκων
1469 2310 1604 2357 ἐσώθην
1619 2310 1706 2346 1456
1726 2324 1768 2345 ex
1786 2315 1859 2354 ipsa
1876 2317 1980 2345 morte
1999 2316 2149 2345 servatus
2167 2320 2234 2344 non
2251 2320 2287 2343 es

1358 2358 1397 2394 οὐ
1421 2358 1485 2406 γὰρ
1511 2357 1552 2393 ἄν
1578 2371 1660 2392 ποτε
1686 2359 1876 2407 άντέκυρσα
1893 2360 1949 2392 OC
1967 2356 2023 2392 98.
2045 2370 2070 2393 π
2093 2357 2198 2405 οσέβα
2221 2357 2286 2405 γὰρ

1357 2405 1397 2441 ἄν
1423 2404 1496 2440 ποτ’
1521 2405 1658 2450 άστιβὲς
1682 2406 1786 2445 ἄλσος
1816 2405 1882 2440 126
1899 2407 1951 2439 ch.
1982 2405 2021 2440 ού
2044 2418 2109 2453 γαρ
2135 2404 2175 2440 ἂν
2193 2403 2251 2439 ὧδ’
2269 2403 2288 2439 ἀ

1356 2453 1461 2501 τρίοις
1488 2452 1638 2500 ὄμμασιν
1664 2453 1783 2502 εἷρπον
1810 2452 1875 2487 146
1901 2464 1955 2487 an.
1986 2451 2050 2487 οὐκ
2075 2453 2115 2488 ἂν
2141 2450 2288 2488 πεσεῖνέ

1358 2500 1437 2535 748.
1466 2500 1539 2535 ἐπεὶ
1566 2499 1677 2549 σχολῇ
1700 2499 1778 2537 ποθ’
1802 2500 1896 2548 ἥξειν
1931 2497 2018 2547 δεῦρ’
2044 2499 2084 2536 ἂν
2111 2498 2280 2548 ἐξηύχουν

1357 2551 1437 2582 Ant.
1460 2546 1540 2581 390.
1570 2549 1608 2583 τὸ
1625 2548 1689 2596 γὰρ
1707 2547 1837 2584 ποθοῦν
1857 2547 1999 2584 ἕκαστος
2017 2547 2081 2583 οὐκ
2097 2546 2138 2582 ἂν
2156 2541 2288 2594 μεθεῖτ(

1361 2594 1438 2629 197.
1469 2594 1598 2641 ἤθελον
1626 2594 1653 2630 δ’
1680 2595 1720 2630 ἂν
1747 2596 1845 2634 ἐκτὸς
1872 2595 1919 2630 ὢν
1943 2598 2062 2643 τυχεῖν
2096 2597 2152 2628 Ai.
2173 2593 2230 2629 88.
2257 2593 2288 2629 τί

1357 2642 1506 2688 ἀμείνων
1524 2642 1650 2690 εὑρέθη
1672 2641 1749 2677 119.
1771 2642 1793 2677 ἃ
1810 2641 1957 2690 πρόσθεν
1976 2636 2041 2677 ούκ
2057 2641 2140 2689 ἔτλη
2158 2641 2232 2677 ποτ’
2248 2640 2288 2677 ἄν

1356 2692 1405 2730 τίς
1423 2689 1464 2725 ἄν
1483 2689 1555 2725 ποτ’
1576 2684 1661 2736 ᾤετο
1680 2690 1842 2731 ξυνοίσειν
1861 2688 1940 2724 430.
1964 2689 2028 2724 οὐκ
2045 2689 2086 2724 ἄν
2105 2688 2178 2724 ποτ’
2196 2687 2277 2736 ἔστη

1358 2739 1407 2785 μὴ
1427 2736 1517 2773 θεῶν
1544 2738 1630 2783 μέτα
1647 2735 1727 2772 950.
1759 2732 1787 2783 ᾧ
1806 2735 1931 2785 φθέγμ’
1948 2735 1988 2771 ἂν
2007 2735 2078 2772 οὐκ’
2104 2735 2144 2772 ἂν
2170 2735 2265 2784 εὗρες
2286 2746 2288 2769 ῑ

1361 2787 1420 2830 [sic
1437 2787 1508 2818 LA.
1530 2785 1594 2819 οὐκ
1611 2785 1743 2832 ἐνεῦρες
1760 2787 1863 2819 Dind.
1885 2796 1912 2818 c.
1933 2785 2127 2828 Hartung.].
2157 2782 2231 2818 ἐπεὶ
2254 2782 2288 2818 τὲ

1778 2829 2286 2926 ..a

1357 2894 1399 2963 &3
1422 2926 1539 2965 καλῶς
1565 2892 1667 2961 ἔσωσξ
1690 2926 1843 2972 ἐμαυτὴν
1869 2925 1892 2972 ἢ
1919 2893 2037 2964 mig<
2050 2891 2176 2960 ῐι’)ἰπιιιιλό
2205 2904 2248 2972 ην
2267 2889 2288 2959 1]

1356 2975 1395 3010 τὸ
1429 2974 1472 3019 δὴ
1507 2977 1698 3032 πανοῦργον
1733 2972 1796 3008 οὐκ
1829 2972 1869 3007 ἂν
1902 2972 1946 3019 ἦν
1975 2971 2064 3008 πολύ
2097 2937 2216 3006 *1507
2232 2971 2288 3018 [σθ

1356 3022 1490 3064 Dind.].
1520 3020 1654 3060 κούδεις
1680 3019 1720 3055 ἂν
1739 3019 1846 3059 οὕτως
1864 3019 1999 3068 εὐτύχει
2024 3020 2130 3059 κακὸς
2154 3020 2262 3068 γεγώς
2279 3039 2288 3054 A

1356 3073 1397 3103 fr.
1427 3067 1483 3109 94,
1516 3067 1569 3101 11.
1607 3067 1630 3114 ἡ
1666 3067 1895 3115 πατρόκτονος
1929 3067 2008 3114 δίκη
2041 3065 2180 3114 κεκλῇτ’
2213 3065 2253 3102 ἂν

1355 3117 1501 3150 Phthiot.
1532 3118 1573 3148 fr.
1602 3113 1670 3149 624
1693 3126 1737 3148 ex
1759 3117 1814 3148 Gr.
1837 3117 1942 3148 Bekk.
1975 3114 2052 3156 128,
2079 3113 2100 3147 3
2126 3116 2185 3157 qui
2209 3111 2250 3148 ἂν
2275 3114 2288 3159 (

1354 3162 1526 3206 τάσσεται)
1567 3162 1830 3209 παρακειμένοις
1871 3163 1929 3197 καὶ
1970 3160 2265 3209 ὑπερσυντελίκοις

1354 3208 1451 3259 κλῆτ’
1467 3221 1532 3243 em.
1555 3210 1670 3243 Cobet.
1693 3211 1734 3242 N.
1749 3212 1786 3242 L.
1815 3221 1848 3252 p.
1869 3208 1965 3253 224].
1996 3211 2122 3243 Eadem
2141 3219 2194 3242 res
2210 3212 2274 3251 est,

1355 3245 1525 3292 sententia
1549 3260 1718 3299 profertur
1743 3259 1991 3298 interrogative.
2020 3254 2125 3292 πόθεν
2151 3254 2252 3294 κλέος
2277 3268 2288 3303 γ

1354 3303 1593 3352 εὐκλεέστερον
1611 3303 1781 3353 κατέσχον
1792 3318 1800 3346 3
1821 3306 1903 3338 Ant.
1925 3303 2003 3338 502.
2026 3301 2132 3340 πόθεν
2148 3301 2213 3350 γὰρ
2230 3301 2271 3338 ἄν

1854 3353 1908 3384 Tr.
1939 3350 2019 3386 708.
2074 3352 2118 3383 Et
2144 3352 2181 3383 in
2207 3352 2288 3383 eiua]
