2288 3600
2038 0 2051 7 ⁵
2065 0 2077 9 ³
2112 0 2285 34 'vntum-,55

2260 86 2264 91 ,
2272 78 2284 87 .

284 144 383 193 550
1263 152 1350 216 Ὅς
2029 180 2076 223 [ιι
2085 191 2118 224 p.
2131 173 2288 219 370-ss

273 258 389 306 χερσίν
406 258 485 295 562.
538 262 576 299 ὃν
592 263 783 302 ἀπόπτολιν
801 265 834 302 εἴ
859 281 942 315 ομεν
963 272 1078 320 παντᾷ
1113 272 1294 310 δυοκαιδε-
1331 276 1430 311 dictis
1457 281 1666 315 lacessiverit.
1720 281 1770 328 μὴ

274 305 434 353 κάμηνον
452 308 668 356 (ἐμμένουσαι
685 313 811 372 χρόνον
852 315 897 350 47
915 319 968 352 ch.
1021 320 1068 355 ὧν
1088 319 1156 367 ἐγὼ
1181 320 1292 367 μεθύ-

276 364 391 402 στερον
415 354 478 402 τὴν
505 356 657 405 μάθησιν
682 372 830 407 αρνυμαι
855 363 933 398 710.
994 366 1032 401 ὃν
1056 372 1171 406 κεῖνος
1195 367 1292 409 ἐνδὺς

274 406 498 447 ταυροκτονεῖ
515 403 595 439 759.
647 407 695 441 ὧν
714 419 750 441 σε
767 409 926 456 ποίνιμος
945 410 1034 461 Δίκη
1059 414 1189 450 τίσαιτο
1206 414 1286 450 808.

273 448 321 482 ὧν
339 447 399 483 ἅδ’
416 449 438 484 οἱ
455 449 598 496 τλάμων
623 452 667 487 τοὶ
685 454 747 500 μὲν
765 454 838 491 οὔτι
855 458 1049 505 προσέβαλε
1067 460 1133 495 841
1151 464 1202 497 ch.
1247 462 1290 509 ἣν

274 494 408 541 μήποτ’
435 496 503 539 ἐγὼ
529 499 701 547 προσιδεῖν
731 501 748 536 ὁ
771 503 878 544 τάλας
901 506 1036 553 ὤφελον
1055 507 1134 543 998.
1187 509 1209 544 ἀ
1230 504 1289 558 ’γὼ

270 540 387 577 κλύων
411 541 492 578 δύστ
518 557 576 584 νος
605 545 829 590 ὑπεστέναζον
854 554 911 586 Ai.
943 552 1043 588 1000.
1098 557 1145 591 ὦν
1173 555 1289 591 οὕνεκ’

271 587 374 624 αὐτὸν
393 589 483 630 ούτις
503 592 578 627 ἐστ’
595 593 659 642 ἀνὴ
701 595 835 632 σθένων
853 603 1036 645 τοσοῦτον,
1068 603 1155 637 ὥστε
1188 609 1289 650 σῶμα

270 636 461 683 τυμβεῦσαι
492 638 536 673 τά
565 654 594 687 ῳ
630 640 645 674 1
675 641 731 676 62.
803 644 838 679 ὅν
873 645 909 694 γ’
951 647 1019 694 ἐγὼ
1053 647 1288 698 προσμένουσ’

270 682 303 718 οἰ
330 690 378 718 νῶ
403 687 456 719 El.
488 685 530 719 16
580 700 625 722 m.
680 683 708 736 ᾧ
725 689 783 725 τὸν
808 691 986 743 ὑπεραλγῆ
1011 695 1119 744 χόλον
1137 698 1289 743 νέμουσα

272 743 297 776 μ
326 728 366 766 θ’
393 730 445 771 οἷς
480 732 652 782 ἐχθαίρεις
677 736 885 787 ὑπεράχθεο,
907 742 999 790 μήτ’
1026 743 1193 780 ἐπιλάθου
1221 744 1287 779 176

270 779 321 812 ch.
373 777 425 817 οἷς
443 778 522 819 θεὸς
548 781 682 830 ὁμέγας
697 779 889 831 Ὀλύμπιος
914 790 1058 837 ποίνιμα
1081 791 1195 827 πάθεα
1218 804 1288 827 πα-

268 823 343 860 θεῖν
360 825 459 873 πόροι
477 825 545 861 209
563 841 607 864 m.
671 828 755 867 ἀνθ’
781 834 828 868 ὦν
856 834 1008 880 βιασθεὶς
1026 838 1140 874 πολλὰ
1168 838 1287 874 κάντι-

270 870 331 918 βὰς
350 872 450 918 μόλις
478 873 598 911 ἔθυσεν
625 877 730 925 αὐτήν
757 879 836 915 575.
890 882 927 918 ὃν
951 884 1067 920 πολλὰ
1094 886 1136 934 δή
1163 886 1208 934 μέ
1235 898 1286 922 σοι

267 919 401 967 τρέφειν
426 920 593 970 μιάστορα
618 923 794 972 ἐπῃτιάσω
821 926 900 963 603.
953 930 995 978 ἣν
1023 932 1061 967 σὺ
1089 933 1138 980 μὴ
1173 933 1286 980 δείσις

268 961 354 1002 πόθ’
382 967 429 1006 ὡς
446 967 571 1015 γέλωτι
596 971 738 1021 φαιδρὸν
762 973 893 1021 τούμὸν
918 976 1039 1024 ὄψεται
1063 981 1154 1027 κάρα
1180 947 1282 1015 1303.

268 1032 316 1039 —-
346 1015 457 1048 Pauca
497 1018 538 1051 de
571 1020 633 1052 hoc
665 1032 731 1053 usu
766 1026 895 1057 notavit
931 1026 1073 1061 Seidler.
1117 1031 1156 1061 ad
1198 1030 1281 1062 Eur.

270 1062 387 1095 Troad.
408 1060 489 1096 301.
978 1073 1027 1118 (ΙΙ
1051 1086 1085 1117 p.
1107 1073 1187 1117 370,
1208 1074 1286 1121 33.)

337 1107 371 1143 2.
392 1114 408 1148 ΙΙ
424 1112 509 1144 Raro
538 1114 654 1146 eadem
671 1116 762 1148 inest
779 1119 988 1163 significatio,
1019 1133 1094 1155 cum
1118 1126 1155 1156 in
1181 1125 1284 1156 collo-

270 1158 346 1198 quio
365 1159 501 1191 alterius
525 1170 628 1193 sermo
644 1165 870 1203 respondendo
896 1171 990 1208 quasi
1014 1174 1231 1203 continuatur
1255 1176 1285 1204 et

267 1205 427 1244 eaepletur.
455 1206 518 1239 Ph.
542 1205 642 1241 1225.
673 1220 749 1242 cum
767 1212 885 1246 Ulixes
902 1221 1052 1255 rogasset
1068 1216 1091 1263 ἡ
1118 1212 1154 1251 δ’
1171 1218 1286 1264 ἁμαρ-

266 1249 323 1284 τία
355 1250 405 1290 τίς
437 1251 499 1298 ἧν;
545 1255 786 1297 Neoptolemus
811 1263 993 1302 respondet
1019 1262 1063 1309 ἣν
1088 1263 1140 1299 σοὶ
1180 1264 1284 1300 πιθό-

268 1309 370 1342 μενος
403 1298 452 1346 τῷ
468 1312 506 1334 τε
531 1300 700 1347 σύμπαντι
733 1306 866 1354 στρατῷ
897 1307 1073 1356 (ἔπραξα).
1100 1314 1146 1345 ib.
1177 1311 1279 1347 1380.

264 1345 471 1380 Philoctetae
487 1349 709 1391 interroganti
725 1351 757 1386 τί
775 1350 841 1400 φής
859 1367 942 1389 ποτε
957 1368 966 1398 3
995 1359 1086 1391 idem
1103 1361 1284 1402 respondet

265 1391 284 1426 ὃ
303 1390 355 1426 σοί
377 1404 415 1427 τε
432 1393 540 1439 κάμοὶ
556 1395 662 1432 καλὸν
681 1396 750 1445 ὁρῶ
766 1412 803 1434 τε
829 1400 986 1447 ούμενον.
1033 1406 1089 1438 Tr.
1110 1404 1179 1439 430
1205 1418 1283 1440 cum

265 1441 387 1473 Lichas
405 1443 686 1483 quaesivisset-ci<
703 1441 780 1481 πότ’
795 1447 884 1482 ἐστιν
902 1448 920 1483 ὁ
938 1448 1055 1496 ξένοςς
1075 1456 1217 1487 nuntius
1228 1465 1282 1487 re·-

266 1488 410 1529 spondet
428 1486 464 1526 ὅς
490 1500 550 1524 σου
568 1492 686 1537 παρὼν
704 1492 865 1538 ἤκουσεν.
894 1498 939 1530 ib.
970 1497 1050 1533 741.
1102 1502 1282 1534 Deianirae

265 1536 395 1574 roganti
410 1533 471 1569 τίν’
488 1535 672 1585 ἐξήνεγκας
690 1538 813 1587 λόγον;
841 1544 962 1583 Hyllus
980 1548 1027 1578 ait
1053 1546 1090 1581 ὃν
1117 1547 1179 1595 ούγ
1209 1547 1282 1583 οἷόν

263 1591 301 1614 τε
319 1581 368 1627 μὴ
385 1580 602 1631 τελεσθῆναι.
624 1604 668 1610 --
685 1588 739 1620 ΕΙ.
760 1586 840 1623 407.
861 1592 903 1623 ad
919 1593 1072 1626 Electrae
1096 1590 1282 1636 interroga-

263 1629 390 1661 tionem
415 1628 439 1675 ἦ
462 1630 513 1677 τῷ
544 1631 803 1683 δυσμενεστάτῳ
837 1636 989 1684 βροτῶν;
1026 1642 1281 1683 Chrysothemis

263 1675 346 1708 dicit
370 1674 407 1710 ὃν
433 1672 553 1712 ἔκταν’
585 1678 686 1726 αὐτή.
713 1683 759 1715 ib.
798 1681 899 1718 1341.
947 1687 1104 1721 Electrae
1135 1692 1279 1723 interro-

263 1723 359 1762 ganti
375 1722 485 1770 ποίῳ;
514 1726 650 1760 Orestes
668 1731 845 1771 respondit
869 1730 909 1766 οὔ
926 1732 964 1768 τὸ
995 1731 1149 1770 Φωκέων
1175 1736 1278 1772 πέδον

264 1766 547 1818 ὑπεξεπέμφθην.
589 1774 683 1808 Haec
707 1779 774 1809 etsi
799 1788 867 1812 non
894 1783 1075 1821 patiuntur
1108 1786 1279 1823 subrogari

260 1817 581 1862 demonstrativum,
613 1833 690 1855 cum
721 1833 789 1857 non
832 1829 991 1861 membris
1031 1833 1279 1864 sententiarum

261 1866 522 1908 connectendis,
559 1869 619 1901 sed
651 1873 822 1905 sententia
854 1878 1074 1916 pergentibus
1115 1881 1274 1920 serviant,

260 1912 390 1954 primae
407 1914 647 1954 significationi
663 1922 832 1953 accenseri
850 1931 918 1954 non
935 1927 1131 1963 potuerunt.

331 1955 364 1991 3.
384 1959 400 2002 ss
417 1960 471 1992 Ex
495 1962 555 1994 illa
571 1964 818 2004 significatione
837 1970 867 2000 is
893 1979 977 2002 usus
1003 1972 1123 2013 fluxit,
1155 1977 1193 2005 ut
1217 1975 1300 2007 ali-3

262 2007 396 2047 quando
408 2032 416 2047 ‚
444 2010 592 2042 maxime
608 2012 721 2045 addito
738 2025 804 2059 γε,
825 2017 1004 2049 relativum
1018 2022 1056 2050 ut
1073 2022 1141 2061 qui,
1162 2022 1280 2061 quippe
1296 2012 1300 2055 l

260 2055 318 2094 qui
350 2054 544 2094 significans
585 2067 702 2091 causae
732 2061 921 2096 reddendae
955 2067 1178 2099 constitutum
1214 2070 1273 2100 sit:

261 2101 350 2141 quod
366 2103 426 2143 qui
444 2103 512 2135 solo
529 2107 710 2146 composito
729 2105 820 2146 ὅστις
839 2111 905 2143 dici
922 2114 1133 2148 existimant,
1150 2119 1274 2147 errant.

261 2147 513 2181 Animadvertit
535 2150 676 2185 Seidler.
707 2155 747 2187 ad
771 2156 853 2190 Eur.
883 2159 929 2190 IT
949 2156 1027 2191 148.
1096 2161 1152 2193 Fit
1176 2163 1278 2194 etiam

258 2195 350 2236 inde,
372 2199 411 2228 ut
435 2205 677 2240 nonnunquam
695 2199 712 2234 ὅ
725 2213 741 2239 ς
753 2229 761 2243 ,
780 2201 803 2248 ἦ
821 2214 882 2246 per
899 2204 1017 2252 ἐπειδὴ
1037 2205 1106 2252 ἐγώ
1118 2235 1125 2249 ,
1156 2207 1275 2252 ἐπειδὴ

260 2239 301 2274 σύ
318 2243 535 2285 interpretari
557 2246 668 2279 liceat.
729 2249 802 2288 Qua
827 2253 881 2284 via
911 2254 952 2285 ad
978 2254 1065 2286 hanc
1087 2257 1279 2297 pronomini

260 2289 330 2321 vim
354 2291 569 2324 tribuendam
595 2299 799 2335 perventum
823 2300 869 2330 sit
893 2302 1051 2341 exempla
1074 2307 1272 2344 monstrant,

260 2337 372 2377 qualia
387 2342 470 2370 sunt
486 2339 546 2371 Ph.
567 2336 648 2374 255.
670 2339 808 2375 713.-
826 2343 902 2379 ὅσιά
917 2358 956 2380 τε
972 2351 1100 2393 φωνεῖς
1112 2375 1120 2390 ,
1144 2348 1214 2383 ἔστι
1234 2347 1273 2392 τ’,

259 2382 288 2416 ὦ
304 2380 437 2425 τέκνον,
457 2382 571 2431 θέμις,
593 2386 630 2426 ὅς
676 2383 803 2435 ’ἡλίου
823 2388 901 2426 τόδ’
925 2393 1061 2440 εἰσορᾶν
1087 2394 1167 2442 ἐμοὶ
1190 2396 1277 2443 φάος

287 2428 364 2468 όνος
389 2429 542 2470 δέδωκας
559 2433 622 2467 Ph.
643 2401 710 2469 663
727 2438 750 2469 i.
772 2448 804 2472 e.
833 2439 908 2474 ἐπεὶ
927 2440 966 2476 σύ
983 2453 1033 2486 γε,
1055 2444 1126 2475 sive
1149 2441 1209 2477 ἅτε
1233 2442 1276 2490 δὴ

299 2474 438 2512 δωκότι.
482 2478 576 2526 ἡμᾶς
591 2477 623 2515 τ’
643 2481 817 2531 ἀπείργειν
834 2486 953 2534 (γρῆν)
973 2488 1007 2524 οἵ
1023 2488 1062 2536 γέ
1086 2501 1146 2524 σου
1163 2489 1276 2525 καθύ-

258 2521 375 2572 βρισαν
403 2523 506 2559 1364.
560 2532 636 2568 πῶς
661 2529 679 2576 (
708 2530 780 2570 ίλος
805 2529 875 2579 eij}
894 2534 931 2573 ὅς
955 2547 994 2583 γε
1015 2539 1091 2575 τοῖς
1117 2534 1133 2570 ἐ
1162 2536 1276 2584 θροῖσί

259 2565 299 2616 μ’
320 2569 480 2607 ἐκδοῦναι
495 2571 610 2613 θέλεις
631 2542 732 2612 1336.
774 2577 820 2614 ,οἵ
835 2592 874 2628 γε
890 2581 948 2616 τὸν
967 2581 1106 2630 φύσαντ’
1152 2586 1196 2630 μὲ
1213 2583 1275 2618 οὕ-

255 2628 325 2656 τως
341 2616 472 2664 ἀτίμως
487 2621 650 2670 πατρίδος
668 2623 907 2673 ἐξωθούμενον
925 2628 990 2664 οὐκ
1007 2629 1110 2677 ἔσχον
1119 2633 1175 2665 OC
1188 2629 1269 2665 427.

257 2662 294 2702 ὅς
309 2660 356 2711 γ’,
386 2666 415 2700 ὦ
432 2666 583 2710 κάκιστε,
594 2670 653 2705 τὸν
671 2670 773 2712 αὐτὸς
790 2672 894 2710 αὑτοῦ
913 2676 1046 2724 πατέρα
1061 2673 1160 2712 τόνδ’
1177 2678 1274 2725 ἀπή-

255 2709 363 2751 λασας
374 2711 487 2747 1354.
545 2715 728 2765 ἐπίσταμαι
851 2727 927 2762 πῶς
952 2723 1036 2770 γάρ;
1068 2718 1093 2772 ᾗ
1117 2737 1155 2773 γε
1183 2725 1273 2773 μηδὲ

255 2757 340 2805 πρὸς
356 2757 458 2799 θεοὺς
476 2757 590 2801 ἔξεστ’
606 2762 790 2814 ἀκλαύστῳ
805 2766 912 2815 τῆσδ’
933 2769 1124 2818 ἀποστῆναι
1150 2772 1228 2819 στέγ
1256 2785 1272 2811 ς

255 2806 310 2838 El.
331 2803 412 2840 911.
455 2809 530 2842 Non
547 2811 682 2845 additur
698 2825 763 2859 γει
793 2814 867 2862 ἁγὼ
886 2815 1063 2852 θάλλοντα
1088 2818 1221 2864 μᾶλλον
1246 2832 1270 2866 η

255 2851 507 2899 καταφθίνονθ’
528 2855 598 2902 ὀρῶ
611 2867 619 2876 ·
646 2853 672 2906 ᾗ
687 2865 808 2907 πρῶτα
825 2861 889 2908 μὲν
912 2863 955 2898 τὰ
974 2865 1104 2912 μητρὸς
1129 2865 1274 2914 ἔχθιστα

258 2909 296 2935 συ
329 2897 477 2947 βέβηκεν
502 2904 556 2937 El.
588 2903 669 2939 261.
722 2906 758 2946 ἐς
784 2903 852 2944 τίν’
868 2907 1016 2946 ἐλπίδων
1044 2908 1194 2959 βλέψασ’
1219 2912 1273 2948 ἔτ’

257 2911 384 2994 ὀρθήυ
414 2941 437 2996 ᾗ
455 2948 596 2995 πάρεστι
642 2952 677 2988 ὲν
696 2953 823 2989 στένειν
841 2955 993 2993 πλούτου
1009 2954 1170 3007 πατρῴου
1188 2964 1274 3006 κτῆ-

257 3002 307 3027 σιν
323 2992 536 3043 ἐστερημένῃ
555 2964 639 3033 θὸθΐ
671 2998 720 3040 τίς
739 2999 983 3050 ἐχθροδαίμων
1002 3005 1136 3051 μᾶλλον
1153 3005 1194 3041 ἂν
1210 3006 1271 3054 γέ·-

253 3035 343 3077 νοιτ’
358 3039 464 3090 ἀνὴρ;
495 3039 524 3090 ᾧ
540 3045 590 3091 μὴ
607 3045 713 3094 ξένων
730 3046 837 3090 ἔξεστι
863 3050 953 3097 μηδ’
977 3051 1089 3088 ἀστῶν
1113 3052 1189 3088 τινὰ
1213 3054 1270 3089 δό-

256 3098 334 3131 μοις
358 3086 520 3138 δέχεσθαι
553 3094 612 3126 OR
637 3093 716 3129 817.
785 3098 838 3130 De
863 3100 960 3131 cuius
984 3100 1067 3133 locis
1099 3103 1268 3144 scriptura

254 3147 288 3170 ν.
311 3147 338 3170 ε.
359 3135 466 3177 ἔξεστι
482 3150 516 3181 p.
537 3138 606 3173 250
622 3151 652 3175 a.
697 3140 729 3176 τί
746 3141 781 3178 δ’
797 3141 839 3178 ἂν
856 3144 999 3192 φοβοῖτ’
1021 3145 1218 3195 ἄνθρωπος,
1241 3142 1269 3195 ᾦ

254 3181 298 3218 τὰ
327 3187 391 3229 τῆς
421 3184 531 3233 τύχης
555 3191 677 3233 κρατεῖ
708 3187 789 3224 977.
841 3195 962 3234 quippe
985 3196 1050 3227 cui.
1101 3197 1154 3228 De
1178 3200 1267 3229 certo

255 3241 324 3264 uno
347 3231 482 3266 homine
498 3244 575 3266 cum
592 3245 659 3268 non
676 3237 816 3280 dicatur,
831 3239 891 3272 sed
903 3240 945 3273 de
957 3250 1080 3280 genere
1092 3243 1262 3285 universo,

253 3279 362 3319 possit
378 3281 479 3312 etiam
497 3279 535 3319 ὅς
551 3291 612 3323 pro
637 3280 727 3322 ὅστις
750 3286 880 3318 dictum
904 3287 1032 3329 videri,
1060 3291 1157 3321 euius
1181 3300 1266 3322 usus

258 3327 413 3368 exempla
429 3337 507 3360 mox
523 3330 750 3369 proferentur.
799 3331 898 3366 τόνδε
922 3331 986 3380 γὰρ
1005 3333 1173 3380 μεταίτιον
1199 3335 1266 3385 μό-

256 3369 707 3470 ἒὲἶτὲρὲἶᾱὲξῗυῖσῗόζὲῗῗ
715 3374 1007 3474 ’ἐῗέζξιῖᾗῖἓυςτέ
1025 3380 1194 3463 ὃέεέὐτῗῖι
1206 3381 1267 3473 Ξὶῖ

1288 1261 1290 1264 -
1321 1242 1462 1286 faceret,
1491 1247 1606 1287 cuique
1638 1247 1794 1290 facienti,
1821 1248 1871 1295 τῷ
1889 1248 2029 1297 δρῶντι,
2060 1250 2150 1292 ὅστις
2178 1251 2219 1288 ἂν
2263 1262 2284 1282 κ’

1816 281 1860 331 ἀρ
1883 281 1959 319 αἵδε
1991 283 2153 332 δαίμονες
2177 285 2286 323 θεῖαί·

1329 322 1469 371 ἄφωνον
1485 326 1592 372 τῆσδε
1609 331 1671 373 τῆς
1684 326 1769 375 ἀρᾶς
1788 294 1838 364 ἔτι
1854 341 1862 348 ·
1899 328 1937 370 ὅς
1957 330 2010 377 μ’,
2030 333 2060 368 ὦ
2074 332 2225 378 κάκιστε,
2242 332 2288 384 'w

1328 369 1403 417 ὄμμ
1419 370 1428 383 ⁷
1449 371 1652 413 ἀποσπάσας
1677 374 1802 424 ἐξοίχει
1833 378 1888 412 OC
1913 376 1994 413 866.
2052 380 2099 414 Et
2121 382 2182 414 hoo
2204 376 2288 425 quil

1328 421 1478 453 omnium
1495 423 1723 455 clarissimum
1749 427 1966 468 exemplum:
2012 437 2078 460 non
2105 433 2220 463 exstat
2249 430 2288 464 m

1328 467 1513 509 quidquam
1529 479 1595 511 quo
1613 471 1871 504 demonstrando
1897 469 1934 511 ὅς
1951 475 2071 507 referri
2087 478 2205 517 possit.
2272 483 2288 506 4-

1397 512 1431 546 4.
1452 514 1466 557 ΙΙ
1482 515 1695 549 Contrarium
1718 518 1815 560 huic,
1853 530 1929 552 cum
1960 530 2195 563 praegressum
2228 520 2288 569 0611Ι

1327 565 1484 601 spectans
1502 561 1546 600 ὅς
1564 573 1623 604 pro
1648 562 1757 598 ὥστε
1782 565 1910 599 dictum
1934 573 1999 601 est.
2048 569 2157 602 Cuius
2181 571 2288 614 loquq

1326 609 1465 640 rationis
1492 613 1648 652 exempla
1681 613 1912 647 eruditissime
1944 616 2081 657 collegit
2110 621 2147 650 et
2178 613 2288 653 iudici

1327 655 1495 688 Schaefer.
1525 667 1570 691 m.
1594 668 1638 690 cr.
1659 669 1692 699 p.
1713 657 1771 694 71.
1817 659 1882 694 οὐκ
1899 659 1989 696 ἔστιν
2016 660 2108 697 οὕτω
2135 668 2253 711 μῶρος
2265 668 2288 708 ,ξ

1324 698 1444 736 θανεῖν
1465 702 1528 750 ἐρᾷ
1545 705 1627 737 Ant.
1650 702 1729 738 220.
2117 709 2167 754 (ΙΙ
2183 721 2218 753 p.
2238 710 2288 762 32

1393 772 1453 804 IV.
1484 766 1558 812 ’Ὃς
1591 779 1627 807 et
1660 774 1779 814 ὅστις
1811 779 1878 811 etsi
1909 780 2109 823 plerumque
2145 791 2185 814 es
2210 769 2288 822 rats}

1325 819 1601 863 distinguuntur,
1631 832 1733 864 quam
1775 827 1935 867 exposuit
1958 826 2075 860 Herm.
2119 839 2212 863 cens.
2247 823 2288 879 iffi

1323 866 1442 898 Elmsl.
1465 867 1587 909 Opusc.
1609 867 1642 911 3,
1664 867 1761 912 212„
1782 869 1827 910 ὅς
1845 876 1885 905 ut
1901 874 2037 906 finitum
2055 876 2122 918 sit,
2144 877 2186 908 ad
2211 881 2288 929 σοῖς

1324 914 1471 954 aliquem
1504 917 1744 959 referendum,
1781 915 1906 958 ὅστις
1946 922 2122 956 infinitum
2164 927 2199 956 et
2284 967 2286 970 .

1323 969 1561 1003 quemcunque
1579 963 1619 995 de
1637 965 1756 997 multis
1773 971 1922 1008 spectet,
1950 971 2063 1001 tamen
2089 970 2170 1003 haec
2194 981 2272 1004 con

1324 1007 1463 1040 duntur.
1517 1010 1613 1048 Quod
1645 1013 1809 1053 quomodo
1835 1010 1928 1053 ὅστις
1944 1025 2004 1057 pro
2035 1014 2072 1054 ὅς
2097 1018 2242 1059 dicatur,
2262 1044 2267 1047 .

1322 1054 1425 1086 huius
1441 1056 1503 1087 loci
1522 1062 1574 1089 est
1591 1067 1779 1100 exponere3
1817 1058 1855 1099 ὅς
1878 1065 1994 1095 autem
2023 1064 2124 1097 etiam
2141 1074 2200 1107 pro
2218 1062 2267 1100 a«

1321 1102 1358 1132 in
1391 1105 1562 1136 sententia
1593 1105 1728 1138 infinita
1759 1107 1826 1140 dici
1859 1113 2112 1143 constat.-.—-
2141 1110 2173 1145 1.
2200 1111 2215 1155 ΙΙ
2249 1114 2283 1140 a*

1322 1149 1548 1189 interro-candi
1565 1151 1741 1191 formulas.
1794 1153 1831 1192 ὃς
1859 1152 1900 1189 ἂν
1917 1154 2049 1191 τούτων
2066 1169 2098 1192 τι
2127 1155 2202 1206 δρᾷ,
2232 1154 2282 1206 φ’

1322 1194 1524 1241 προκεῖσθαι
1542 1196 1776 1244 δημόλευστον
1802 1199 1839 1235 ἐν
1863 1200 1964 1237 πόλει
1989 1205 2073 1238 Ant.
2102 1203 2158 1240 35.

1319 1286 1538 1334 εὐδαίμονες,
1570 1291 1638 1327 οἷσι
1662 1299 1781 1328 κακῶν
1806 1293 1970 1342 ἄγευστος
1992 1297 2075 1333 αἰών
2094 1310 2101 1318 ·
2128 1298 2178 1339 οἷς
2231 1319 2239 1330 a
2256 1299 2282 1330 :3

1321 1333 1439 1384 σεισθῇ
1466 1336 1589 1373 θεόθεν
1617 1339 1741 1385 δόμος,
1774 1340 1857 1381 ἄτας
1883 1342 1981 1379 οὐδὲν
2007 1343 2157 1381 ἐλλείπει
2181 1312 2273 1383 582Η

1320 1384 1372 1415 ch.
1426 1385 1462 1419 ὃν
1489 1384 1588 1425 πόλις
1618 1386 1763 1433 στήσειε,
1783 1388 1884 1424 τοῦδε
1908 1392 1978 1439 χρὴ
2004 1390 2120 1427 κλύειν
2145 1391 2224 1429 666.
2264 1399 2267 1418 ³

1321 1427 1361 1463 ἂν
1377 1435 1448 1465 τῶν
1472 1430 1583 1479 λόγων
1609 1433 1705 1480 ἀλγῶ
1733 1434 1869 1479 κλύων,
1897 1438 1976 1477 τοὺς
1994 1439 2032 1474 δὲ
2058 1438 2194 1486 [τούσδε
2224 1443 2284 1487 ⁰(

1318 1476 1379 1511 καὶ
1396 1478 1558 1524 πράσσειν
1578 1487 1689 1528 στυγῶ
1708 1484 1769 1515 Ph.
1790 1482 1847 1516 86.
1869 1486 1892 1519 i.
1914 1496 1943 1518 e.
1965 1486 2075 1521 πάντα
2091 1486 2194 1534 λόγον
2207 1516 2215 1531 ,
2241 1493 2275 1525 ,’

1319 1522 1414 1571 ἀλγῶ
1431 1524 1560 1560 κλύων.
1589 1526 1641 1566 οἷς
1658 1526 1698 1563 ἂν
1719 1528 1757 1564 σὺ
1776 1542 1801 1564 π
1824 1529 1923 1580 οσθῇ,
1943 1536 2017 1572 τοῖς
2036 1529 2064 1567 δ’
2079 1530 2198 1577 [τοῖσδ’
2213 1538 2244 1574 D
2271 1533 2274 1538 ’

1319 1567 1449 1616 ἔφασκ’
1465 1572 1552 1607 εἷναι
1568 1574 1694 1621 κράτος
1711 1577 1767 1610 OC
1817 1576 1896 1611 332.
1940 1582 2081 1616 τοιαῦτα
2098 1577 2132 1615 δ’
2149 1579 2190 1617 ἂν
2235 1587 2273 1611 25⁴⁴

1318 1619 1383 1667 οὐχ
1402 1619 1419 1654 ὁ
1436 1623 1497 1654 τοῦ
1514 1625 1626 1656 κακοῦ
1642 1623 1821 1667 κοινωνός,
1842 1621 1924 1660 ἀλλ’
1947 1619 1975 1672 ᾧ
1994 1627 2102 1674 μηδέν
2121 1627 2196 1664 ἐστ’
2223 1631 2270 1667 of

1319 1664 1403 1712 βαρύ
1431 1669 1486 1700 Tr.
1514 1666 1593 1701 730.
1646 1671 1670 1702 i.
1699 1681 1728 1703 e.
1758 1671 1912 1711 τοιοῦτός
1936 1685 1998 1716 τις,
2036 1668 2073 1722 ᾦ.
2126 1676 2202 1716 δέος

1316 1713 1496 1760 πρόσεστιν
1524 1718 1696 1763 σωτηρίαν
1714 1715 1841 1766 ἔχοντα
1855 1719 1951 1754 τόνδ’
1976 1719 2138 1758 ἐπίστασο
2155 1725 2212 1759 Ai.
2226 1690 2261 1759 1⁶

1317 1762 1362 1794 Et
1388 1764 1506 1794 omisso
1530 1763 1804 1798 demonstrativo:
1830 1765 1883 1805 οἷς
1910 1766 1974 1815 γὰρ
2006 1767 2030 1815 ἡ
2061 1771 2159 1817 γνώμ
2243 1792 2265 1802 .·

1318 1807 1435 1854 μήτηρ
1453 1807 1615 1855 γένηται,
1646 1809 1757 1847 τᾶλλα
1781 1813 1936 1848 παιδεύει
1951 1815 2046 1850 κακά
2062 1818 2124 1850 Ph.
2147 1783 2270 1855 11361..

1317 1855 1366 1902 μή
1380 1850 1441 1889 ’στι
1466 1856 1590 1902 δρῶντι
1606 1857 1831 1903 τάρβος,ούδ’
1848 1859 1930 1900 ἔπος
1941 1862 2044 1909 φοβεῖ
2060 1865 2118 1898 OR
2127 1861 2207 1900 296.

1317 1899 1418 1947 δρῶσ’
1435 1902 1680 1949 οἱκρατοῦντες
1690 1904 1755 1956 οὐχ
1765 1906 1836 1953 ὁρῶ
1848 1905 1927 1941 530.
1957 1904 2012 1955 ἐφ’
2028 1909 2080 1950 οἷς
2091 1911 2155 1959 γὰρ
2178 1912 2227 1960 μὴ
2250 1933 2263 1939 ⁴-

1314 1954 1364 1983 νῶ
1383 1953 1479 1996 σιγᾶν
1506 1949 1595 1997 φιλῶ
1623 1950 1702 1986 569.
1758 1955 1806 1989 ὧν
1824 1953 1889 2001 γὰρ
1907 1952 1948 1990 ἂν
1965 1955 2046 1996 θεὸς
2063 1958 2181 2006 χρείαν
2197 1959 2254 1995 ἐμ

1318 1994 1441 2042 ῥᾳδίως
1461 1996 1561 2036 αὐτὸς
1580 2002 1682 2044 φανεῖ
1701 1999 1781 2034 724.
1832 2006 1902 2036 τῶν
1928 2001 1967 2038 δὲ
1991 2011 2159 2051 πημονῶν
2214 1988 2264 2039 ιῗΫ

1316 2039 1464 2078 immo&
1498 2044 1693 2092 αἳξφανῶσ’
1718 2046 1915 2096 αὐθαίρετοι
1941 2048 2041 2085 1231.
2093 2051 2142 2096 ῥ(ἱὶν
2173 2048 2207 2088 δ’
2229 2071 2275 2102 -ην

1318 2103 1445 2136 σωμεν,
1463 2090 1574 2126 τελεῖν
1589 2094 1644 2127 OC
1661 2091 1714 2128 13.
1768 2094 1925 2135 εἴκοντας
1942 2096 1965 2132 ἃ
1990 2096 2044 2133 δεῖ
2068 2097 2135 2133 172
2159 2111 2214 2136 an.

1316 2135 1356 2172 ἂν
1375 2137 1546 2186 παρείμην
1575 2138 1643 2174 οἷσι
1670 2142 1719 2189 μὴ
1746 2142 1840 2177 δοκῶ
1858 2148 1996 2203 φρονεῖν
2026 2143 2127 2180 1666.
2180 2146 2198 2182 δ
2226 2151 2257 2187 ἰ,

1315 2183 1958 2284 ῗόἔὲὸῗξεθαμὲὲῗέῖσῗεᾜῗῗῖἒγέἲθὲῗ
1974 2190 2218 2287 Ῐξῄςλᾶἷῗῗει.
2247 2207 2273 2253 ‘1⁶

1315 2278 1449 2325 δρῶσαν
1466 2279 1507 2314 ἂν
1525 2280 1593 2326 ἐγὼ
1611 2282 1807 2329 παραινέσω
1825 2282 1904 2319 943.
1955 2288 2053 2320 Adde
2077 2285 2148 2327 ἅτις
2171 2287 2212 2323 ἄν
2240 2285 2254 2290 ’

1314 2326 1405 2360 κέων
1429 2329 1679 2374 κατατάκομαι,
1712 2329 1753 2369 ἇς
1772 2329 1871 2378 φίλος
1888 2330 1981 2372 οὔτις
2005 2333 2093 2381 ἀνὴρ
2110 2333 2248 2382 ὑπερί-,ι

1314 2375 1367 2407 ΕΙ.
1391 2372 1458 2408 188
1475 2386 1529 2409 an.
1550 2377 1781 2418 adsignificata
1797 2389 1896 2412 causa
1913 2381 1981 2413 rei:
2002 2386 2039 2414 ut
2056 2392 2155 2423 qnam
2170 2381 2251 2424 des'

1313 2431 1420 2454 nemo.
1472 2423 1511 2454 Id
1536 2425 1676 2466 quidem
1702 2426 1744 2458 de
1761 2430 1846 2459 certo
1863 2427 2000 2460 homine
2021 2429 2165 2470 dicitur,
2192 2440 2239 2463 sm

1314 2469 1422 2500 fertur
1455 2471 1497 2501 ad
1521 2472 1656 2513 aliquod
1690 2469 1769 2518 ἐγώ,
1806 2475 1861 2506 cui
1891 2476 2086 2515 provinciae
2121 2478 2202 2510 alias
2231 2480 2259 2521 ιζ

1311 2517 1516 2558 praeficitur,
1539 2518 1625 2560 quod
1642 2520 1754 2560 ipsum
1771 2521 1808 2552 in
1833 2521 1936 2554 altero
1954 2524 2101 2556 membro
2119 2523 2269 2561 dictum

1382 2559 1416 2595 2.
1437 2563 1451 2606 ΙΙ
1470 2565 1511 2596 In
1534 2567 1733 2606 quaestione.
1793 2567 1822 2601 ὦ
1852 2564 2036 2614 δύσποτμ’,
2067 2567 2141 2605 εἴθε
2166 2569 2258 2653 {nik}

1310 2608 1439 2655 γνοίης,
1460 2609 1497 2648 ὃς
1515 2610 1548 2646 εἷ
1565 2613 1622 2645 OR
1641 2610 1742 2646 1068.
1787 2614 1927 2648 Rectius
1958 2620 2032 2649 erat
2051 2614 2103 2656 τίς
2127 2619 2182 2650 vel
2252 2662 2258 2667 .

1311 2666 1378 2689 non
1402 2662 1515 2698 potest
1539 2661 1630 2691 enim
1655 2669 1767 2701 neque
1790 2660 1886 2695 τόνδε
1919 2673 1947 2695 s.
1982 2665 2103 2698 τοῦτον
2143 2672 2259 2708 nequ

1310 2705 1482 2736 commode
1500 2707 1726 2739 subaudiendo
1743 2709 1884 2742 assumi.
1937 2706 2042 2748 ἔξοιδ’
2061 2709 2199 2745 ἀκούων

1310 2748 1347 2787 ὃς
1365 2745 1446 2785 ἐσθ’
1466 2750 1483 2785 ὁ
1501 2752 1694 2799 προστάτης
1712 2755 1768 2787 OC
1785 2752 1886 2788 1171.
1938 2754 1978 2790 οὐ
1997 2754 2120 2801 μαθὼν
2139 2756 2178 2797 ὃς
2201 2756 2260 2793 εἷΓ

1310 2808 1371 2839 σιν,
1392 2795 1497 2832 ἄλλον
1514 2796 1571 2833 τίν’
1591 2798 1680 2839 ἄξεις
1697 2798 1805 2847 ἄνδρα
1823 2800 1919 2847 δεῦρ’
1935 2801 2120 2850 ἐλεύθερον
2136 2806 2192 2839 Αἱ.
2242 2809 2245 2814 “

1308 2843 1416 2883 Quam
1433 2846 1553 2880 Elmsl.
1582 2848 1618 2879 in
1636 2849 1698 2880 hoc
1720 2858 1843 2889 genere
1866 2850 1977 2891 legem
2002 2853 2138 2894 scripsit
2161 2852 2204 2886 ad
2244 2891 2246 2893 ,

1310 2888 1428 2932 1086,
1456 2890 1535 2927 οἶδά
1551 2904 1587 2927 σε
1613 2892 1649 2932 ὃς
1667 2893 1699 2929 εἶ
1724 2896 1782 2927 sed
1799 2905 1866 2928 non
1883 2895 1948 2930 οὐκ
1966 2894 2044 2932 οἶδά
2068 2908 2106 2932 σε
2122 2897 2159 2936 ὃς
2177 2894 2209 2937 εἶ
2223 2919 2228 2930 ⁴
2277 2908 2279 2913 “

1306 2939 1394 2979 quod
1412 2937 1448 2976 ὅς
1461 2950 1644 2981 pronomen
1662 2942 1841 2975 definitum
1859 2953 1925 2976 non
1951 2946 2127 2978 conveniat
2150 2955 2253 2987 ιιιιι-ςΗΔ

1307 2986 1382 3025 quis
1417 2987 1461 3018 sit
1492 2988 1634 3029 aliquis,
1664 2992 1700 3020 et
1723 2989 1939 3023 Hermannus
1969 2993 2131 3026 refutavit
2161 2995 2198 3030 et

1305 3032 1421 3071 guitur
1438 3035 1593 3076 exemplo
1610 3035 1668 3068 ΟΒ
1687 3033 1787 3069 1068.
1825 3036 1893 3069 Sed
1908 3038 2006 3079 longe
2022 3039 2120 3080 plura
2137 3040 2173 3071 in
2189 3049 2246 3087 qi·

1305 3082 1363 3110 aut
1379 3080 1514 3122 aliquod
1531 3086 1701 3122 spectatur
1717 3092 1913 3124 pronomen,
1933 3089 1974 3117 ut
1982 3085 2038 3118 OC
2047 3082 2141 3127 571„
2161 3083 2229 3125 aut]

1304 3126 1442 3158 auditur
1457 3130 1611 3168 quamvis
1622 3130 1686 3161 alio
1703 3140 1793 3170 casu,
1815 3136 1853 3162 ut
1870 3128 2013 3165 0R415.
2044 3132 2099 3166 Tr.
2120 3129 2200 3169 400.
2229 3134 2246 3168 i.

1306 3170 1406 3206 1123.
1422 3200 1431 3214 ,
1451 3178 1510 3207 aut
1526 3177 1756 3215 praemittitur
1772 3178 1900 3209 nomini
1917 3179 2095 3211 relativum
2106 3206 2114 3220 ,
2141 3179 2246 3222 velut}

1303 3217 1383 3252 976.
1407 3221 1460 3253 Tr.
1477 3218 1555 3254 162.
1575 3223 1631 3255 Ai.
1644 3220 1724 3256 265.
1746 3223 1801 3255 El.
1817 3221 1916 3256 1040.
1938 3225 1999 3258 hoc
2016 3235 2093 3258 cum
2103 3229 2222 3264 attrae·

1372 3291 1414 3323 V.
1443 3292 1514 3323 Iam
1539 3294 1750 3325 enotabimus
1777 3304 1871 3326 casus
1902 3296 2032 3327 ‘relativi
2056 3299 2115 3328 aut
2138 3296 2245 3329 nudu'

1302 3346 1380 3369 cum
1395 3340 1644 3381 praepositione
1661 3340 2063 3374 adverbiascentes.-.-
2091 3339 2122 3376 1.
2156 3341 2172 3384 ΙΙ

1301 3384 1405 3416 nitiva
1438 3388 1519 3418 sunt
1545 3387 1693 3427 primum
1716 3384 1756 3420 οὖ
1789 3388 1878 3428 quod
1902 3388 1943 3420 de
1966 3389 2037 3421 loco
2066 3389 2238 3430 usitatiu„

1302 3431 1506 3473 significans.
1565 3433 1772 3476 Explicatior
1793 3435 1822 3468 is
1847 3444 1929 3468 usus
1959 3440 2031 3477 est,
2061 3445 2138 3468 cum
2190 3445 2249 3481 υτ(
