2288 3600
26 169 27 174 ¹
77 166 294 217 ωσι-188]

27 342 39 363 ,ι
55 327 126 365 us,
148 323 343 357 scholiastae
359 325 460 356 verba
477 327 626 356 secutus.
655 323 762 356 Metro
778 326 891 355 autem
909 332 982 355 eam

26 371 206 412 ctionem
229 372 423 411 convenire,
452 380 528 402 cum
553 371 680 411 epodus
705 371 750 402 ait
773 371 982 411 minimeque

45 418 200 451 marium
209 418 394 459 antispasto
412 418 502 450 finiri
522 427 667 457 versum,
680 418 747 450 dici
766 426 831 449 non
849 418 978 449 debuit.

17 459 30 482 ·’
49 478 59 496 s
83 462 216 512 νυχίαν,
236 465 320 497 ΡΒΤ
337 466 469 511 νυχιᾶν,
490 464 588 497 Farn.
617 466 736 511 νυχᾶν.
766 482 812 488 -
835 465 867 496 Α
892 467 982 496 tem-

19 522 32 535 1
43 526 50 537 ι
73 513 85 544 ἰ
100 512 344 551 significatione
360 512 529 544 deflexum
548 516 599 544 est
650 512 737 553 quod
754 520 870 543 somno
886 520 984 552 prae·
1000 545 1002 550 ¹

14 549 106 591 'itus
123 559 325 591 Philoctetes
343 559 466 591 dicitur
490 556 579 605 ἀνὴρ
602 536 631 591 5³
656 557 857 603 ἀνόμματος
884 556 983 591 ἐκτέ-

24 609 67 639 ἰ
81 602 199 653 νύχιος
216 605 277 638 Ph.
298 603 367 639 857
384 606 436 639 ch.
453 618 459 638 :
490 615 556 647 quo
573 606 668 638 modo
685 606 787 638 etiam
812 603 983 642 σκοτεινάς

62 662 104 685 r.
128 653 251 685 -·De
269 657 346 686 tono
362 654 495 693 generis
513 664 544 684 V.
566 653 643 685 Arc.
664 662 697 694 p.
717 649 776 693 41,
799 648 853 684 16.

0 712 15 729 [R

0 731 7 739 η

39 719 111 758 Νώ
122 718 168 756 δῦ
179 734 196 755 ν
207 733 251 760 ος
268 722 412 754 dolorem
428 722 565 755 leniens.
601 719 624 767 ἢ
649 719 779 769 φύλλον
805 711 837 755 εἴ
859 733 891 755 τι
913 721 982 755 νώ-

0 748 68 835 ἓιον
84 767 223 804 κάτοιδέ
240 780 305 803 που
324 769 384 801 Ph.
404 766 461 803 44.

0 830 216 885 *ΓΞ-Νωμάω
242 842 343 880 ayito.
388 840 535 881 Proprie,
559 840 653 872 velut
666 841 706 872 de
725 849 827 872 manu
845 844 880 872 et
897 840 982 881 pede

11 926 13 928 ,
38 888 69 920 ia
94 892 129 919 et
152 888 379 928 gubernaculo
405 888 529 919 dicitur
553 897 607 928 ap.
629 887 781 927 Homer„
818 898 848 919 ν.
880 889 907 919 1.
938 887 978 919 Η.

11 976 18 980 Μ
59 959 66 967 .
84 934 123 967 ad
142 934 240 966 Hom.
261 935 295 966 h.
318 934 431 966 Cerer.
452 944 485 975 p.
506 931 588 974 372,
615 932 689 981 ὥρα
705 945 754 967 νιν
780 933 872 981 φυγᾷ
895 932 983 967 πόδα

22 982 88 1020 ’,ἄν
113 981 170 1013 OR
195 978 264 1013 468
282 981 333 1013 ch.
378 981 462 1013 Inde
479 982 680 1013 transfertur
704 985 739 1013 et
766 982 807 1013 ad
830 981 984 1013 versandi

12 1023 17 1025 ’
79 1027 161 1060 endi
173 1032 386 1070 potestatem,
408 1029 501 1060 velut
514 1027 617 1073 νωμᾷ
637 1022 664 1061 δ’
683 1026 718 1061 ἐν
736 1027 890 1062 οἰωνοῖσι
901 1025 984 1062 τού-

3 1107 8 1112 ,
33 1085 96 1121 νης
113 1073 236 1122 πτερόν
255 1076 295 1106 fr.
316 1076 383 1107 inc.
405 1072 485 1107 678.
509 1073 548 1107 11
579 1073 638 1119 [cf.
659 1076 738 1107 Lob.
760 1076 800 1108 ad
822 1077 876 1107 Ai.
901 1072 985 1119 604]

12 1119 162 1165 {Venere
179 1132 240 1164 per
258 1123 368 1154 omnia
384 1127 522 1164 potente
539 1123 679 1163 dictum,
694 1126 729 1154 et
746 1123 787 1155 de
803 1122 934 1154 sciendo
951 1128 985 1154 et

56 1171 90 1201 ia
113 1169 334 1211 dispensanda
351 1173 551 1210 usurpatur:
574 1168 602 1202 ὦ
620 1168 731 1203 πάντα
754 1174 882 1214 νωμῶν
907 1166 986 1204 Τει-

5 1227 10 1253 J
41 1216 74 1258 α’,
96 1214 240 1250 διδακτά
255 1227 292 1250 τε
310 1214 444 1263 ἄρρητά
459 1227 496 1249 τε
519 1217 577 1249 OR
594 1213 674 1249 300.
718 1217 864 1257 Hesych.
880 1229 887 1248 ε
914 1228 986 1250 νω-

58 1275 67 1295 :
97 1262 235 1310 κρίνων.
284 1264 334 1295 De
363 1265 415 1296 his
444 1264 621 1303 derivatis,
653 1274 744 1309 στρω
774 1261 886 1304 ἆσθαι,
908 1274 985 1297 πω-

7 1358 46 1390 '¹2.
70 1359 157 1390 male
186 1358 356 1390 intellecto
374 1362 559 1390 monstrum
586 1359 736 1390 vocabuli
762 1359 942 1390 confictum
968 1369 986 1389 a

13 1408 28 1425 ”-
64 1406 176 1437 eidero
209 1406 309 1437 fluxit
331 1406 373 1437 ad
397 1406 539 1438 Aristot.
568 1406 638 1437 Pol.
677 1416 711 1446 p.
739 1402 803 1437 67:
835 1417 865 1438 v.
902 1407 980 1437 Lob.

4 1452 20 1515 ’Μ
39 1474 43 1479 .
65 1461 97 1492 g.
119 1453 159 1484 ad
178 1453 301 1492 Phryn.
321 1463 354 1493 p.
379 1449 458 1484 689.

218 1533 237 1556 ο
248 1533 264 1560 ς
281 1522 444 1562 iynobilis.
474 1519 585 1556 οὐδεὶς
599 1526 667 1556 τῶν
678 1519 818 1570 ἀγαθῶν
828 1520 984 1556 εὔκλειαν

748 156 968 214 Νώδυνος
994 186 1057 195 -
1086 157 1229 214 Ξένος

37 1306 116 1350 θαι,
151 1311 271 1356 νωμᾶν
291 1322 322 1344 ν.
344 1312 457 1353 Iutpp.
480 1311 631 1351 Gregorii
656 1321 689 1352 p.
717 1308 740 1343 2
769 1309 798 1343 1.
850 1312 902 1343 Ex
928 1296 1005 1343 ΟΒΙ

41 1512 74 1570 Ν
85 1521 113 1554 ώ
121 1534 140 1555 ν
149 1518 208 1602 135

8 1566 19 1571 ‘⁴
53 1570 127 1602 ῡναι
145 1566 167 1601 θ
210 1580 238 1602 ει
254 1569 412 1614 νώνυμος
430 1570 481 1601 El.
507 1566 596 1601 1084
614 1570 665 1601 ch.
1000 1571 1003 1608 ἰ

27 1652 31 1655 -
80 1637 223 1678 ωτίζω
248 1642 340 1680 terya
364 1640 417 1671 do.
450 1632 557 1684 ’Ἀρεα
584 1637 789 1673 παλίσσυτον
815 1637 1003 1686 δράμημα·

5 1984 62 2025 ,Ψί
76 1989 183 2025 αίνω
216 1993 375 2024 earmina.
420 1990 459 2025 σὺ
490 1990 536 2034 δ’,
578 1992 607 2026 ὦ
639 1991 678 2027 τὸ
710 1992 754 2027 λα
785 1991 868 2040 πρὸν
908 1996 983 2040 φῶς

14 2036 179 2085 βεννῦς
192 2037 324 2085 γένους,
345 2036 465 2077 ξαίνεις
483 2040 573 2080 Scyr.
594 2041 634 2072 fr.
651 2036 733 2080 497,
792 2041 833 2072 de
851 2041 983 2072 Achille

4 2085 49 2133 ,ἐζ-ι
78 2086 275 2165 Εέἓοωεᾱίε
294 2087 378 2118 filias
405 2091 579 2119 versante:
618 2079 764 2119 ilmstrat
790 2087 880 2120 Plut.
909 2088 993 2120 Mo·-

5 2194 63 2240 „³¹-
77 2190 195 2225 ανάω
218 2188 355 2235 (έωΡ).
402 2192 498 2224 Phot.
530 2202 564 2234 p.
595 2189 674 2229 307.
715 2190 757 2225 17
793 2196 827 2225 et
859 2193 978 2226 Suid.:

7 2234 23 2248 ⁸*
51 2240 105 2279 ,dn
133 2237 292 2272 κοπιάσω
318 2235 358 2273 Σ.
379 2235 541 2284 Ποιμέσιν
566 2240 618 2280 (fr.
639 2236 737 2282 450}
758 2232 982 2286 Ἕκτωρτοῖς

7 2285 128 2334 4³:201:
154 2283 365 2331 βουλόμενος
390 2283 563 2332 μάχεσθαί
581 2297 683 2333 φησιν
698 2295 705 2302 ·
731 2283 815 2331 ἡδὺ
841 2284 951 2333 ξανῆ
964 2306 982 2312 -

8 2329 38 2379 ’ἧι
53 2330 131 2384 Μααὶ
148 2331 461 2423 γερογυμνάσαι
477 2331 598 2380 χέρα.
634 2331 795 2378 [Hesych.
817 2331 978 2379 ξανῆσαι;

78 2388 142 2412 σαι.

8 2442 28 2483 252
36 2440 63 2480 f·
79 2434 184 2471 ανθό
195 2448 211 2474 ς
223 2438 344 2479 flavus.
373 2435 502 2484 ξανθὴν
518 2436 624 2473 ἵππον
638 2439 777 2471 Oenom.
793 2441 833 2472 fr.
847 2436 927 2480 422,
944 2436 979 2472 2.
999 2472 1002 2484 ,

158 2482 288 2522 πώλοις
313 2485 366 2516 El.
397 2482 478 2518 705.
528 2482 636 2531 ξανθὴ
663 2484 845 2532 ἀφροδισία
877 2484 982 2525 λάταξ

75 2553 84 2563 .
104 2527 186 2570 257,
220 2529 236 2563 1
270 2532 312 2563 de
346 2532 417 2563 vini
438 2533 584 2573 fluento,
611 2534 699 2574 quod
722 2535 876 2575 pluribus
902 2535 982 2566 locis

12 2577 43 2629 {14
72 2580 138 2608 =ter
164 2578 298 2618 corrigit
322 2580 359 2610 iu
384 2580 553 2611 trimetros
578 2580 774 2612 redacturus
796 2581 905 2621 Toup.
942 2581 983 2613 ad

12 2618 45 2661 ‘j'
59 2648 68 2656 .
88 2625 150 2656 vol.
170 2621 204 2656 2.
225 2635 258 2666 p.
279 2622 360 2665 471,
382 2630 420 2657 ut
435 2629 472 2657 et
487 2624 567 2671 ξένη
585 2628 685 2658 scribi
710 2628 852 2667 iuberet,
873 2637 982 2669 quan-

7 2666 65 2717 Ψ..
80 2670 124 2702 id
148 2673 338 2703 sententiae
362 2674 502 2704 minime
526 2675 689 2712 congruit.
732 2671 837 2720 θέρος
861 2672 983 2713 ξανθόν

13 2759 41 2773 ⁵
74 2717 114 2750 fr.
134 2714 215 2757 588,
236 2715 258 2750 4
275 2719 370 2750 iubae
386 2720 470 2761 flavi
485 2721 604 2752 coloris
632 2720 784 2753 detonsae
808 2722 979 2754 dicuutur.

12 2774 196 2821 ir
213 2777 236 2808 i.
257 2787 289 2818 q.
309 2775 470 2823 κάταγμα
487 2779 528 2811 fr.
547 2779 613 2810 inc.
625 2776 693 2810 915
711 2789 730 2810 a
747 2779 882 2811 Polluce
899 2789 983 2811 eno-

8 2817 41 2826 ᾗ..

14 2853 34 2868 =‹.
59 2836 73 2849 ἰ
97 2820 140 2862 7,
159 2820 215 2854 30.
260 2821 428 2867 [Fortasse
450 2826 594 2856 fluxisse
616 2836 635 2857 a
658 2826 713 2857 Tr.
734 2822 823 2866 838,
856 2828 914 2858 ubi
931 2830 984 2858 est

14 2869 143 2920 *gg-u,
173 2871 363 2911 suspicatus
387 2875 441 2902 est
466 2872 568 2903 Dind.
589 2875 693 2913 praef.
722 2873 775 2904 ed.
816 2874 908 2914 Lips.
945 2870 979 2905 4.

11 2965 64 3022 χ
79 2975 144 3008 εῖν
156 2985 201 3012 ος
219 2986 250 3007 ν.
271 2972 374 3014 ξένος.
761 2975 810 3020 (Π
828 2986 861 3019 p.
885 2974 984 3021 188.)

16 3029 186 3116 ²³22<
204 3033 337 3117 3ἓὲρὲἑὲ
348 3037 610 3113 ῡῖἔᾜῗωέἰῖᾞὶ
631 3033 983 3127 ῳξῒέὼέιρῗξροὲἰῖἷίἓ

20 3170 22 3174 Μ
42 3123 235 3174 'ss'indicio
256 3130 319 3167 est,
340 3128 440 3168 idque
467 3128 501 3159 in
524 3127 620 3159 Farn.
644 3133 815 3170 repertum
840 3126 983 3173 [ξενείας

12 3211 16 3229 Μ
55 3175 58 3177 ’
85 3191 89 3196 ›-
136 3173 208 3213 LA,
227 3173 242 3205 ἰ’
260 3183 362 3214 super
378 3184 406 3207 ει
424 3176 465 3205 ab
481 3175 504 3206 S
521 3172 654 3218 posito].
707 3176 887 3216 Receptam
905 3177 986 3207 scri-

82 3231 97 3246 ιι
129 3220 232 3251 solam
257 3221 293 3251 in
317 3221 437 3262 Oedipi
462 3225 611 3253 mentem
637 3224 816 3254 convenire
842 3223 986 3254 manife-

14 3288 16 3303 ,
60 3271 67 3281 ³
81 3269 144 3297 est.

14 3326 17 3342 ³
62 3326 81 3368 ᾗ.
107 3321 212 3363 νίζω
245 3325 382 3365 hospitio
407 3328 541 3367 excipio.
596 3324 713 3360 σίτοισι
742 3325 984 3374 παγχόρτοισιν

178 3371 255 3410 Tyr.
276 3373 317 3404 fr.
339 3369 418 3405 579.
451 3390 493 3396 -
517 3372 603 3404 eum
637 3374 829 3415 metaphora
861 3375 985 3406 dicitur

16 3415 23 3456 L,
58 3414 66 3422 ''
88 3415 304 3462 γαμέμνονα)
333 3417 422 3452 κατὰ
455 3418 518 3463 μὲν
552 3417 722 3465 βάρβαρον
744 3417 822 3453 αἶαν
855 3417 985 3466 φοίνιος

1931 158 2032 207 479

142 277 315 317 trionibus,
335 276 423 318 quod
439 277 476 308 in
493 274 700 324 ἐννυχιᾶν
720 277 864 308 mutavit
878 276 984 309 Lach-
1018 273 1157 310 νωτίσαι
1179 272 1312 321 πάτρας
1337 271 1489 320 ἅπουρον
1511 275 1571 308 OR
1596 271 1662 307 193
1688 274 1740 306 ch.
1792 275 1902 307 Affert
1934 273 2030 307 Suid.

1020 334 1050 355 v.
1070 320 1220 363 νωτίσαι,
1242 323 1327 355 male
1345 323 1433 354 sicut
1449 322 1552 355 schol.
1580 318 1750 355 ἀπελάσαι
1775 321 1967 363 explicans,
1996 326 2035 353 ut

1018 370 1197 402 transitive
1222 369 1350 402 dictum
1373 373 1481 410 esset,
1521 369 1799 410 quemadmodum
1826 369 1892 400 alia
1925 369 2033 400 inter-

1019 418 1163 458 pretatio
1180 417 1315 448 additur
1331 414 1477 455 νωτίζω,
1498 414 1722 462 μεταστρέφω
1738 413 1781 449 τὰ
1797 418 1901 448 νῶτα.
1942 416 2034 447 Bene

1019 465 1064 504 gl.
1092 464 1256 496 Brunckii
1281 461 1404 497 παλινό
1427 474 1446 497 ο
1474 465 1569 509 ἤσαι.
1618 463 1815 504 Sophoclem
1843 463 2034 504 respexisse

1019 514 1102 552 puto
1115 511 1273 543 Photium
1292 520 1325 552 p.
1346 474 1427 550 2655),
1444 475 1485 542 21
1502 534 1511 550 ,
1538 511 1627 552 apud
1652 520 1752 551 quem
1778 520 1853 541 cum
1871 510 2034 551 scriptum

1019 556 1230 591 sitm-riom:
1252 555 1458 603 ἐπάρασθαι,
1478 557 1564 589 haud
1583 558 1685 589 dubia
1698 558 1902 589 correctione
1915 566 2033 588 emen-

1019 606 1167 638 dandum
1192 602 1470 651 ἀπάρασθαι,
1508 605 1542 636 id
1575 605 1663 646 quod
1697 606 1797 636 etiam
1839 601 1968 649 ἀπᾶραι
1999 606 2035 635 et

1018 649 1099 699 ἆραι
1115 653 1252 692 dicitur,
1268 653 1444 694 proficisci.
1468 670 1508 676 —
1525 652 1601 684 Alio
1619 661 1720 683 sensu
1739 651 1829 683 dixit
1854 650 2035 691 Euripides

1018 697 1184 738 νωτίζειν,
1212 709 1242 731 ν.
1265 699 1357 731 Pors.
1378 698 1419 731 ad
1436 699 1561 731 Phoen.
1583 695 1639 731 66.
1754 697 1805 741 (11
1824 707 1857 739 p.
1881 695 1960 737 187,
1982 695 2036 740 7.)

1090 789 1248 827 Νῶτον
1267 797 1407 833 termam.
1445 793 1602 834 Proprie:
1632 789 1722 839 ἀμφὶ
1751 795 1843 825 νῶτα
1867 789 1925 825 καὶ
1951 802 1973 823 τ
2017 810 2035 816 -

1019 843 1093 887 χῶν
1111 838 1226 885 βάσεις
1250 838 1301 886 ἤφ
1325 838 1394 879 ιζον
1424 838 1561 873 ἱππικαὶ
1577 837 1679 872 πνοαί
1705 839 1757 870 ΕΙ.
1779 836 1859 871 718.
1914 831 1960 873 Ἀ
1988 849 2036 876 ως

1019 886 1149 926 σκιάζει
1173 890 1266 921 νῶτα
1291 851 1450 933 Χημνίας
1475 885 1556 932 βοός
1591 887 1708 918 Lemn.
1738 887 1778 918 i'r.
1814 883 1903 925 348,
1933 895 2034 927 quem

1019 944 1152 966 versum
1171 944 1238 966 sec.
1260 935 1362 967 schol.
1386 935 1524 966 Theocr.
1547 932 1566 965 7
1582 959 1589 971 ,
1619 930 1665 966 76
1690 934 1775 965 mala
1800 933 2036 965 emendatione

1021 983 1198 1013 infestavit
1215 982 1366 1014 Pierson.
1386 982 1425 1013 ad
1449 982 1550 1013 Moer.
1572 990 1606 1022 p.
1626 977 1707 1012 268.
1746 981 1899 1012 Tertium
1925 985 1978 1012 est
1994 981 2036 1012 de

1020 1030 1162 1061 animali
1186 1030 1393 1070 exemplum.
1452 1026 1671 1074 τετράπτεροι
1693 1025 1733 1060 τὸ
1765 1031 1874 1061 νῶτον
1907 1025 2035 1074 σφηκοί

1022 1076 1179 1117 Aethiop.
1202 1077 1242 1107 fr.
1264 1072 1323 1115 27,
1344 1077 1379 1107 iu
1398 1085 1463 1117 quo
1489 1076 1637 1107 Atticam
1662 1075 1942 1107 cousuetudinem
1958 1099 1966 1115 ,
1994 1075 2035 1106 de

1021 1133 1086 1164 qua
1111 1122 1408 1164 Moeris'loquitur
1433 1132 1466 1164 p.
1494 1119 1563 1155 267
1587 1126 1622 1154 et
1656 1122 1866 1161 Phrynichus
1891 1131 1923 1163 p.
1950 1118 2032 1160 290,

1020 1171 1219 1202 custoditam
1238 1171 1402 1210 videmus,
1426 1180 1468 1201 ne
1486 1170 1613 1202 diceret
1637 1166 1654 1203 ὁ
1680 1171 1838 1206 νῶτοςε
1867 1169 1924 1200 sed
1954 1170 2036 1201 bru-

1022 1222 1130 1249 torum
1148 1222 1182 1248 et
1195 1217 1369 1249 hominum
1385 1218 1565 1249 minimum
1590 1217 1624 1248 in
1651 1216 1712 1248 hac
1735 1226 1814 1248 voce
1837 1217 2032 1256 discrimen,

1021 1265 1109 1296 sicut
1133 1265 1322 1296 observavit
1350 1265 1430 1296 Lob.
1461 1265 1483 1296 l.
1513 1274 1541 1296 c.
1579 1281 1619 1287 ——
1655 1263 1765 1296 νώτου
1781 1261 2037 1302 καταστάζοντα

1023 1308 1178 1356 βύσσινον
1206 1309 1314 1358 φάρος
1333 1312 1428 1343 Laoc.
1452 1313 1492 1342 fr.
1508 1307 1586 1349 342,
1610 1307 1631 1342 3
1649 1320 1702 1352 ap.
1724 1311 1825 1342 Dion.
1849 1311 1922 1342 Hal.
1936 1312 1978 1342 A.
1994 1311 2032 1342 R.

1027 1358 1056 1397 1,
1077 1356 1134 1390 48.
1163 1359 1252 1391 Plut.
1283 1359 1365 1390 Mor.
1396 1368 1429 1399 p.
1466 1355 1532 1389 100
1559 1358 1578 1389 d
1609 1358 1709 1389 habet
1724 1359 1842 1402 μοτοῦ.
1881 1374 1923 1381 —
1958 1355 2037 1403 πρὶν

1022 1403 1062 1438 ἂν
1082 1404 1218 1451 μάστιγι
1234 1409 1371 1450 πρῶτον
1388 1409 1480 1438 νῶτα
1498 1402 1688 1451 φοινιχθεὶς
1706 1402 1796 1449 θάνῃ
1815 1406 1869 1437 Ai.
1894 1402 1971 1436 110.
1990 1423 2034 1429 --

1022 1453 1314 1492 Adsigniilcautur
1330 1455 1415 1485 vires
1428 1452 1637 1494 perferendis
1655 1451 1839 1484 laboribus:
1870 1450 1899 1484 ὦ
1923 1449 2036 1485 πολλὰ

1021 1498 1064 1545 δὴ
1151 1498 1210 1533 καὶ
1228 1499 1325 1547 γερσὶ
1342 1498 1399 1533 καὶ
1417 1499 1554 1532 νώτοισι
1570 1495 1754 1546 μογθήσας
1770 1496 1788 1532 ἐ
1811 1498 1840 1531 ὠ
1859 1499 1915 1530 Tr.
1930 1496 2031 1531 1047.

1021 1546 1049 1580 ὦ
1070 1550 1162 1580 νῶτα
1175 1538 1368 1592 καὶ”στέρν’,
1389 1546 1419 1579 ὦ
1437 1544 1531 1593 φίλοι
1548 1540 1726 1592 βραχῖονες
1747 1544 1762 1577 1
1793 1543 1847 1578 ,0.
1863 1563 1904 1569 --
1923 1544 1946 1579 ἀ
1990 1544 2037 1592 φὶ

1020 1597 1137 1627 νῶτα
1153 1595 1394 1634 adverbiascit,
1432 1605 1452 1624 a
1479 1597 1567 1633 tergo
1584 1594 1791 1633 significans.
1827 1595 1921 1630 τοῖος

1020 1635 1098 1674 νῶτ’
1124 1637 1234 1687 ἐτάθη
1253 1640 1404 1686 πάταγος
1417 1632 1540 1686 ΙἈρεος
1557 1642 1639 1672 Ant.
1661 1638 1727 1672 124
1745 1640 1797 1671 ch.
1971 1604 2036 1639 μφι

958 1852 1050 1927 Ξ.

1013 1986 1126 2041 Ἀρης
1153 1991 1217 2028 οὐκ
1241 1991 1384 2033 ἐξένισεν
1413 1994 1465 2025 El.
1494 1989 1540 2026 96
1558 2003 1612 2027 an.
1642 1994 1683 2025 de
1701 1993 1818 2032 Μαῖα
1846 1995 1903 2026 sed
1938 1996 2034 2027 tacita

1019 2042 1220 2080 significatio
1237 2043 1327 2073 inest
1351 2041 1463 2072 caedis
1488 2042 1522 2073 in
1549 2042 1834 2081 Agamemnonem
1852 2042 1942 2074 inter
1959 2051 2035 2073 coe-

1019 2098 1097 2120 nam
1127 2091 1277 2130 patratae
1290 2085 1351 2132 [de
1369 2097 1434 2129 quo
1445 2088 1577 2120 dicendi
1597 2097 1662 2120 usu
1681 2099 1712 2120 v.
1728 2087 1764 2120 C.
1782 2088 2031 2120 Funckhaenel.

1018 2135 1054 2166 in
1073 2134 1194 2166 Philol.
1216 2132 1248 2167 4.
1270 2144 1304 2175 p,
1324 2131 1392 2168 748
1411 2133 1514 2180 sqq.].
1543 2135 1663 2167 Veram
1690 2135 1891 2176 scripturam
1914 2135 2033 2174 s(·.hol.,

1020 2181 1115 2214 Suid.
1145 2193 1176 2214 v.
1211 2179 1374 2222 ἐξένισεν,
1404 2181 1492 2213 Flor.
1516 2178 1540 2215 Γ
1557 2178 1585 2216 Δ
1611 2183 1670 2214 LA
1695 2193 1714 2214 a
1730 2192 1780 2223 pr.
1803 2192 1848 2214 m.
1884 2184 2035 2214 retinue-

1019 2231 1120 2261 runt:
1156 2230 1191 2260 in
1222 2229 1279 2261 LA
1309 2239 1327 2260 a
1357 2233 1492 2261 correct.
1531 2232 1582 2261 est
1601 2227 1776 2270 ἐξείνισεν;
1805 2230 1840 2260 in
1863 2230 2035 2271 plerisque

1019 2285 1072 2316 ap.
1093 2276 1240 2308 Brunck.
1262 2276 1357 2308 libris
1386 2272 1542 2314 ἐξείνισε,
1577 2273 1719 2315 ἐξένισε,
1755 2286 1842 2317 quae
1875 2277 2035 2318 pleraque

1019 2326 1133 2354 contra
1150 2332 1328 2354 numerum
1358 2324 1623 2364 anapaesticum.

1089 2389 1169 2427 Ξέν
1184 2404 1202 2426 ο
1214 2404 1229 2430 ς
1247 2396 1282 2424 et
1298 2390 1420 2431 ξεῖνος.
1440 2392 1455 2434 ΙΙ
1472 2393 1648 2425 Primitiva
1665 2396 1699 2425 et
1724 2395 1960 2436 antiquissima
1975 2402 2035 2434 po-

1019 2443 1122 2471 testas
1141 2440 1291 2472 vocabuli
1309 2444 1378 2480 est,
1417 2441 1504 2481 quod
1532 2440 1688 2480 hospitem
1711 2445 1745 2472 et
1771 2442 1983 2473 substantive
2001 2446 2034 2472 et

1020 2487 1184 2519 adiective
1226 2487 1406 2526 siguificat.
1465 2487 1547 2518 Nam
1581 2487 1751 2527 hospitalis
1790 2489 2034 2527 significatione

1019 2543 1072 2575 ap.
1093 2534 1194 2575 Soph.
1215 2543 1281 2565 non
1307 2534 1440 2573 legitur.
1473 2550 1513 2557 -—
1539 2532 1597 2566 καὶ
1622 2531 1662 2566 σὺ
1689 2531 1828 2580 φίλτατε
1846 2533 1949 2574 ξένων
1976 2534 2030 2566 El.

1022 2578 1076 2612 15.
1125 2582 1187 2614 τοῦ
1210 2579 1440 2625 πορεύσαντος
1473 2578 1568 2620 ξένου
1593 2577 1674 2612 801.
1735 2581 1897 2614 Phanotei
1931 2582 2030 2621 regis.

1020 2625 1114 2666 ξένον
1153 2625 1297 2661 παλαιὸν
1326 2625 1407 2660 ὄντα
1437 2627 1491 2659 Tr.
1524 2623 1606 2659 263.
1674 2627 1719 2659 Et
1744 2628 1910 2660 adiective
1942 2625 2026 2673 ξένῳ

1018 2671 1096 2720 παρ’
1112 2672 1207 2720 ἀνδρὶ
1230 2672 1370 2719 ναίομεν
1394 2674 1449 2706 Tr.
1477 2671 1535 2706 40.
1561 2692 1609 2698 -—
1625 2674 1640 2716 ΙΙ
1657 2675 1746 2706 Hinc
1772 2684 1810 2706 eo
1834 2676 2029 2715 traducitur,

1019 2725 1058 2753 ut
1075 2722 1242 2761 significet
1259 2723 1442 2762 quicunque
1457 2721 1624 2752 nobiseum
1649 2722 1781 2753 vivit-ulo
1806 2721 1947 2763 quodam
1974 2731 2033 2753 m-

1018 2767 1224 2799 cesaitudinis
1240 2769 1404 2806 iungitur.
1456 2766 1539 2813 πρὸς
1566 2764 1670 2806 θεῶν,
1690 2765 1770 2802 εἴτι
1796 2766 1887 2813 σέβει
1924 2766 2032 2809 ξένον,

1018 2812 1189 2848 πέλασσον
1208 2815 1267 2846 Ph.
1291 2811 1381 2846 1163
1399 2815 1452 2847 ch.
1467 2816 1594 2855 quippe
1609 2815 1827 2856 Neoptolemo
1836 2825 1911 2846 cum
1929 2816 2033 2847 comi-

1018 2863 1109 2893 tibus
1127 2865 1162 2893 et
1178 2861 1364 2893 Philocteta
1382 2866 1576 2892 mutuarum
1601 2862 1881 2902 pollicitationum
1906 2863 2032 2893 sancti-

1018 2911 1086 2940 tate
1104 2909 1283 2940 obstrictis.
1320 2900 1488 2950 Ἕιτορος
1512 2905 1616 2946 ξένων
1643 2905 1722 2953 ἐμοὶ
1748 2906 1896 2953 μάλιστα
1929 2918 2033 2955 μιση-

1017 2952 1137 2991 θέντος
1162 2956 1217 2988 Ai.
1237 2952 1326 2995 8173
1348 2955 1439 2996 quod
1456 2959 1530 2996 post
1546 2964 1693 2995 pugnam
1709 2956 1909 2996 diremptam
1935 2956 2032 2987 donis

1019 3011 1092 3033 sese
1109 3002 1296 3041 obligarant
1319 3002 1552 3042 hospitalibus.
1592 2999 1622 3034 εἰ
1645 2999 1706 3038 τάς
1725 2999 1752 3048 γ’
1770 2996 1924 3046 Ἀθήνας
1976 3000 2031 3035 ασὶ

1018 3046 1126 3093 μόνας
1144 3046 1181 3081 δὲ
1196 3047 1256 3081 τὸν
1273 3046 1488 3092 κακούμενον
1501 3045 1596 3086 ξένον
1611 3047 1728 3087 σώζειν
1746 3046 1821 3086 οἵας
1838 3049 1937 3081 τεΟΟ
1971 3046 2027 3080 61.

1019 3096 1212 3135 Supplicem
1240 3095 1406 3134 intellige.
1449 3088 1634 3142 κατῄνεσεν
1657 3088 1731 3127 τάδ’
1756 3093 1774 3128 ὅ
1796 3106 1870 3132 Αιιος
1897 3093 2031 3141 δράσειν

1018 3139 1103 3186 ξένῳ
1123 3138 1224 3173 1637.
1277 3142 1316 3172 ln
1334 3142 1554 3173 allocutione:
1583 3138 1654 3178 ξένε
1670 3141 1725 3173 OC
1747 3139 1761 3172 1
1790 3139 1846 3173 06.
1890 3141 1920 3174 ὧ
1945 3139 2032 3179 ξεῖνε

1019 3187 1074 3220 OC
1095 3185 1195 3220 1119.
1234 3187 1385 3219 Theseus
1403 3189 1540 3227 dicitur,
1561 3189 1620 3228 qui
1638 3189 1803 3228 Oedipum
1821 3189 2032 3229 hospitaliter

1020 3238 1211 3274 exceperat.
1256 3231 1298 3266 ίὼ
1322 3232 1410 3272 ξένοι
1435 3234 1489 3266 OC
1507 3231 1587 3266 822.
1645 3234 1672 3267 ὦ
1705 3232 1811 3274 ξένοι,
1835 3232 1934 3273 ’ξένοι
1961 3232 2031 3266 844

1019 3282 1260 3314 Athenienses,
1276 3298 1316 3304 —
1336 3281 1350 3323 ΙΙ
1369 3282 1456 3313 Dein
1470 3282 1679 3321 pereyrt'nwm
1695 3286 1730 3312 et
1747 3281 1908 3313 advenam
1926 3283 2031 3320 signi-

1021 3328 1108 3359 ficat.
1154 3327 1318 3359 Adiective
1343 3329 1477 3360 dicitur.
1529 3326 1561 3360 τί
1613 3326 1655 3373 ρή
1687 3339 1729 3372 με
1762 3326 1798 3360 ἐν
1830 3326 1907 3366 ξένα
1937 3327 2030 3366 ξένον

1020 3372 1148 3420 στέγειν
1168 3385 1228 3414 ...;
1261 3374 1320 3406 Ph.
1345 3372 1410 3406 135
1427 3375 1479 3406 ch.
1516 3338 1699 3419 μανξάνειν
1717 3373 1779 3420 γὰρ
1795 3363 1925 3419 *nopes
1944 3373 2031 3414 ξένοι

1020 3419 1103 3466 πρὸς
1131 3418 1242 3453 ἀστῶν
1265 3420 1321 3452 OC
1348 3418 1401 3452 13.
1445 3418 1558 3464 τόλμα
1591 3419 1698 3460 ξεῖνος
1724 3420 1780 3454 ἐπὶ
1831 3419 1910 3466 ένης
1943 3419 2030 3454 ἀπο-
