2288 3600
196 136 295 185 476

192 248 267 285 ἀνθ’
286 249 366 286 ὅτου
384 251 428 285 τὰ
444 254 503 286 νῦν
522 251 679 300 αἴσχιστα
698 251 783 300 ἔργα
802 252 918 299 δρῶσα
935 253 1116 302 τυγχάνεις
1134 253 1214 287 585.

195 297 248 332 κεί
266 297 310 332 τὰ
326 301 385 332 νῦν
403 297 565 345 τηλωπὸς
583 299 695 347 οἰχνεῖ
719 302 774 334 Ai.
802 299 883 334 563.
929 297 1096 344 Exempla
1120 313 1218 344 prae-

194 347 317 386 sentis,
331 357 405 378 eum
423 345 467 380 τὰ
482 349 540 380 νῦν
558 349 655 380 aliam
670 349 866 389 particulam
887 354 1084 390 sequentem
1103 350 1215 390 habet,

195 394 364 426 vidimus:
388 395 444 426 Tr.
465 392 545 426 302.
582 395 638 427 OG
664 393 743 427 553.
786 393 885 428 1034.
919 394 1018 429 1750.
1048 398 1104 430 Ai.
1134 394 1214 429 426.

197 441 376 473 Omittitur
394 442 447 473 El.
470 438 549 473 421.
580 443 635 474 OC
664 440 741 474 133.
787 444 842 476 Sic
865 445 1066 485 explicanda
1090 442 1107 478 ἐ
1134 442 1218 489 θρὸς

195 485 311 521 καὶτὰ
327 490 386 521 νῦν
406 486 455 522 ἔτι
472 490 526 520 Αἱ.
549 486 605 521 78.
657 487 700 523 τὰ
723 492 782 523 νῦν
801 485 830 522 δ’
847 488 983 524 ἀκούειν
1007 489 1058 528 τίς
1085 455 1218 525 ἀθλιώ-

194 541 308 580 τερος·,
330 536 387 567 OR
409 532 498 568 1204
516 536 567 568 eh.
617 537 784 578 perfecti?
808 536 900 571 τάνδ’
933 536 1075 583 α’ίγλαν,
1113 537 1135 572 ἃ
1158 536 1218 571 τέ-

193 593 292 615 ταται
309 581 352 615 τὰ
367 584 426 615 νῦν
445 583 505 615 Ph.
527 581 595 615 831
618 584 668 616 ch.
699 603 743 607 —
781 587 916 617 coristi:
944 584 1023 618 οὔτε
1050 583 1217 631 πάροιθέν

191 623 265 663 ποτ’
295 623 394 676 ἔγωγ’
421 627 497 663 οὔτε
528 628 571 663 τὰ
599 633 658 663 νῦν
684 643 738 664 πω
767 630 900 677 ἔμαθον
928 633 986 665 OR
1012 630 1082 664 492
1099 634 1151 666 eh.
1175 651 1214 656 —

200 677 312 717 Optat.
338 679 532 717 potentialis
560 688 629 710 (ιον.
674 679 786 710 adest:
825 683 900 717 πῶς
942 675 991 713 ὅδ’
1026 677 1066 713 ἂν
1101 677 1216 713 ἀέλιον

199 721 314 770 ἕτερον
331 722 354 769 ἢ
380 722 423 757 τὰ
447 726 507 757 νῦν
534 723 620 764 ἴδοι;
654 726 709 758 Tr.
739 723 808 758 835
835 727 886 759 ch.
925 746 965 751 -—
999 728 1218 767 Imperativus

188 773 395 812 praesentis:
421 769 464 805 τὰ
481 773 540 805 νῦν
559 769 587 805 δ’
601 771 641 806 ἔα
658 773 713 805 OG
733 771 812 805 593.
843 776 980 806 aoristis
1006 773 1064 807 καὶ
1089 773 1132 807 τὰ
1156 776 1216 806 νῦν

199 816 272 856 ἴσος
288 820 389 864 γενοῦ
406 820 491 851 Oed.
513 821 552 851 R.
574 817 630 852 53.
669 821 734 852 Sed
751 822 786 852 in
805 822 862 853 OG
883 819 993 862 1195,
1014 823 1072 853 ubi
1092 820 1141 866 μή
1161 831 1215 853 re—

195 866 395 906 tinendum,
428 876 494 898 non
531 878 606 910 μοι
639 868 869 907 corrigendum
904 869 1078 901 docuimus
1111 870 1146 900 in
1183 880 1214 901 v.

196 909 406 947 ἁποσκοπέω
423 911 474 946 τὰ
489 915 564 946 νῦν
583 916 646 946 iarn
666 925 732 946 non
750 916 1025 957 adverbiascunt,
1055 917 1110 948 sed
1138 920 1217 947 tan-

198 970 296 1001 quam
323 962 488 993 obiectum
519 962 559 992 ab
583 959 775 995 ἀποσκόπει
799 967 973 1002 reguntur.
1012 980 1052 987 ——
1092 963 1212 995 I'urtiv.

195 1008 284 1048 perf.
306 1008 422 1040 adest:
443 1006 576 1053 τόλμης
593 1011 656 1053 τῆς
675 1010 899 1055 παρεστώσης
916 1008 959 1043 τὰ
975 1012 1034 1042 νῦν
1045 1011 1099 1042 OG
1113 1007 1212 1042 1030.

272 1052 305 1086 4.
336 1051 423 1089 Νῦν
442 1057 575 1096 quando
592 1066 666 1088 eum
696 1058 771 1088 aliis
796 1058 971 1098 particulis
998 1059 1212 1097 consociatur,

201 1102 295 1134 modo
313 1107 423 1134 servat
441 1113 534 1134 suam
554 1107 588 1135 et
606 1104 787 1143 legitimam
807 1106 1100 1145 significationem,
1123 1105 1217 1136 modo

197 1150 335 1190 amittit,
355 1150 395 1181 de
414 1160 480 1191 quo
497 1160 619 1189 genere
644 1152 730 1182 alius
749 1152 881 1183 dicendi
908 1152 1000 1183 locus
1018 1153 1094 1184 erit.
1140 1154 1217 1184 Ser—

195 1201 250 1228 vat
267 1197 371 1236 igitur
387 1198 422 1228 in
447 1197 499 1229 his
520 1199 680 1239 formulis,
704 1202 739 1230 et
750 1201 1039 1239 postpositum
1057 1200 1191 1240 quidem
1207 1211 1212 1230 :

192 1241 310 1276 ἀλλὰ
342 1246 426 1277 νῦν.
485 1242 575 1278 ἀλλὰ
614 1247 673 1277 νῦν
714 1242 758 1278 ἔτ’
808 1243 844 1278 ἐν
879 1245 991 1292 σαυτῷ
1025 1248 1126 1292 γενοῦ
1152 1247 1212 1278 Ph.

195 1287 276 1323 950.
328 1289 360 1324 τί
378 1289 452 1337 δῆτ’
469 1288 510 1324 ἂν
527 1289 618 1325 ἀλλὰ
634 1294 693 1324 νῦν
720 1290 748 1324 σ’
767 1290 813 1325 ἔτ’
840 1291 1009 1339 ὠφελοῖμ’
1037 1291 1105 1339 ἐγώ
1130 1295 1211 1325 Ant.

194 1335 275 1370 552.
329 1336 419 1372 ἀλλὰ
434 1340 494 1372 νῦν
511 1350 549 1384 γε
567 1341 633 1377 πᾶς
651 1337 742 1373 εὕδει
766 1338 909 1385 στρατός
927 1341 982 1374 Ai.
997 1338 1077 1372 291.
1133 1351 1214 1386 συγ-

214 1382 332 1419 ένεσθέ
351 1380 380 1431 γ’
397 1383 488 1419 ἀλλὰ
504 1388 564 1419 νῦν
583 1387 637 1418 ΕΙ.
651 1384 731 1419 411.
777 1385 868 1420 ἀλλὰ
883 1389 943 1421 νῦν
962 1386 1108 1434 εὑρίσκω
1123 1386 1216 1421 κακά

190 1397 272 1464 936.
321 1451 360 1456 -
395 1433 410 1474 ΙΙ
443 1430 540 1466 ἀλλ’
566 1431 669 1467 οὐδὲ
692 1436 764 1467 νῦν
790 1438 826 1467 et
852 1431 900 1468 οὔ
933 1446 973 1468 τι
1001 1437 1087 1468 νῦν.
1140 1433 1215 1469 οὶλλΊ

192 1477 273 1513 οὐδὲ
299 1482 357 1513 νῦν
384 1490 420 1513 σε
440 1479 489 1526 μὴ
517 1475 657 1526 παρόντ’
681 1479 728 1526 ἵδ,
764 1479 872 1520 πέλας
894 1483 947 1514 Ai.
969 1480 1028 1515 83.
1072 1477 1148 1516 ἀλλ’
1174 1480 1213 1515 ού

191 1537 223 1559 τι
237 1526 292 1584 μὴ
310 1529 369 1560 νῦν
387 1525 530 1573 (ἀτηρὸς
555 1527 601 1562 ὦΙ
618 1530 679 1560 Ph.
704 1526 719 1560 1
751 1526 805 1561 73.
820 1548 858 1553 —
882 1529 896 1571 ΙΙ
914 1528 963 1563 αὖ
981 1532 1067 1562 νῦν.
1099 1529 1215 1575 φρόνει

195 1572 304 1618 βεβὼς
322 1572 364 1608 αὖ
382 1576 442 1608 νῦν
461 1573 518 1608 ἐπὶ
540 1573 640 1622 Εύρου
657 1574 768 1623 τύχης
785 1578 867 1608 Ant.
898 1574 977 1609 996.
1008 1577 1022 1619 ΙΙ
1048 1576 1100 1622 δὴ
1125 1579 1209 1609 νῦν.

192 1619 272 1658 ὁδός
307 1615 339 1654 θ’
363 1619 453 1655 ὁδῶν
488 1627 605 1657 πασῶν
637 1622 803 1657 ἀνιάσασα
827 1622 869 1667 δὴ
907 1622 1055 1668 μάλιστα
1085 1623 1213 1669 τούμὸν

192 1666 409 1715 σπλάγχνον,
439 1667 482 1714 ἣν
510 1668 552 1715 δὴ
569 1672 628 1703 νῦν
647 1668 731 1716 ἔβην
750 1671 803 1702 Ai.
826 1668 906 1704 995.
961 1669 996 1704 δ’
1030 1682 1089 1705 νυν
1125 1673 1212 1713 quod

191 1716 310 1748 Elmsl.
340 1726 431 1748 oens.
462 1717 592 1750 Hecub.
623 1719 758 1750 l'orsoni
785 1719 905 1751 suadet
929 1729 963 1760 p.
1017 1716 1037 1750 9
1072 1723 1212 1751 senten-

192 1764 274 1795 tiam
300 1763 474 1804 debilitat,
503 1774 566 1796 uec
592 1766 729 1806 produci
744 1776 804 1798 νυν
822 1770 951 1806 potest;
985 1767 1072 1807 qnod
1099 1768 1211 1808 ipsum

193 1811 346 1850 neglexit
363 1811 479 1843 Herm.
501 1822 532 1843 v.
557 1809 666 1853 1129,
688 1813 747 1844 sed
767 1817 857 1844 recte
876 1817 990 1845 monet
1005 1814 1103 1853 longe
1121 1814 1211 1845 alind

193 1867 268 1889 esse
284 1855 390 1891 α”κουε
409 1856 452 1904 δή
471 1870 530 1892 νυν
549 1859 630 1891 audi
648 1861 761 1900 iyitur.
814 1861 929 1901 Ipsum
949 1860 1010 1892 hoc
1035 1859 1141 1894 ἄκουε
1167 1859 1210 1906 δὴ

193 1906 252 1938 νῦν
270 1905 394 1945 legitur
410 1906 464 1937 El.
485 1902 573 1947 947,
609 1910 645 1939 et
668 1908 742 1939 iure
767 1911 899 1939 arcetur
921 1908 1082 1940 inclinata
1108 1910 1212 1939 forma

194 1949 345 1996 [admisit
362 1951 507 1998 Dind.]:
535 1955 602 1985 iam
618 1955 722 1994 enim,
750 1957 781 1986 et
806 1956 875 1995 ipso
895 1956 952 1986 illo
979 1958 1121 1995 tempore
1138 1965 1212 1986 sese

192 2000 296 2031 sorori
321 2000 498 2032 consilium
527 2010 625 2032 suum
652 2003 862 2043 patefactura
877 2002 1038 2043 'loquitur
1063 2003 1207 2033 Electra.

193 2046 288 2085 Quod
306 2047 387 2079 huie
403 2047 585 2079 finitimum
601 2053 663 2089 est,
684 2060 702 2080 ν
716 2050 762 2081 ὒν
781 2046 850 2093 δή,
872 2050 905 2081 id
923 2050 1007 2090 quod
1023 2060 1098 2081 cum
1112 2059 1212 2091 prae-

192 2095 292 2125 terito
311 2095 380 2126 solo
396 2095 554 2135 coniungi
572 2097 716 2127 affirmat
733 2096 798 2127 ΕΜ
823 2107 855 2138 p.
879 2094 937 2136 78,
956 2093 1013 2128 39.
1059 2097 1146 2129 Gud.
1174 2106 1207 2137 p.

194 2137 276 2181 412,
297 2138 340 2173 31
360 2142 495 2182 tragicis
517 2143 681 2174 indictum
707 2148 770 2175 est.
829 2144 1046 2175 lllustrarunt
1070 2144 1206 2175 Ruhnk.

192 2189 234 2220 ad
252 2188 340 2220 Tim.
369 2199 404 2230 p.
430 2185 506 2221 186.
544 2190 687 2221 Boeckh.
708 2191 748 2222 ad
768 2191 852 2223 Plat.
867 2191 952 2222 Min.
974 2201 1007 2232 p.
1032 2188 1088 2223 90.
1118 2192 1213 2230 Wyt-

191 2235 284 2267 tenb.
306 2236 346 2268 ad
373 2236 542 2268 Phaedon.
572 2247 606 2278 p.
631 2234 709 2269 132.
734 2235 812 2270 141.
852 2239 978 2270 Ηοίηιί.
1007 2239 1047 2270 ad
1075 2238 1207 2271 Charin.

191 2292 225 2324 p.
248 2278 304 2314 67.
334 2282 432 2323 Gorg.
447 2292 480 2324 p.
495 2281 528 2315 7.
552 2302 594 2308 -—
612 2283 627 2326 ΙΙ
643 2282 716 2317 καὶ
732 2286 815 2317 νῦν.
845 2283 905 2318 καὶ
921 2286 980 2318 νῦν
998 2283 1020 2318 ἃ
1036 2285 1206 2318 πονεῖΡΙι.

193 2326 259 2361 195
284 2339 339 2361 an.
390 2328 450 2363 καὶ
473 2332 533 2363 νῦν
559 2328 637 2364 οἶδα
661 2328 741 2364 634.
786 2330 846 2365 καὶ
861 2333 920 2365 νῦν
1009 2329 1092 2378 ἆρον
1126 2330 1206 2364 877.

191 2373 298 2422 δῆλος
317 2374 356 2410 δὲ
383 2375 442 2411 καὶ
465 2378 524 2410 νῦν
552 2375 642 2411 ἐστιν
664 2375 764 2410 1011.
810 2378 868 2413 καὶ
892 2381 951 2412 νῦν
985 2381 1078 2416 νοεῖς
1106 2376 1206 2411 1016.

190 2421 250 2456 καὶ
265 2425 324 2456 νῦν
341 2421 373 2457 τί
391 2421 426 2468 μ’
443 2422 562 2470 ἄγετε;
595 2422 697 2458 1029.
751 2423 870 2459 ἔλθετε
894 2424 952 2459 καὶ
976 2428 1035 2459 νῦν
1059 2427 1116 2459 OR
1145 2423 1210 2458 166

190 2470 243 2502 ch.
283 2468 342 2504 καὶ
364 2473 425 2504 νῦν
444 2469 502 2505 ὅδε
519 2469 650 2506 ὄλωλεν
668 2469 750 2504 948.
794 2471 854 2506 καὶ
886 2475 944 2506 νῦν
1035 2471 1117 2518 φασὶ
1141 2471 1210 2506 κ’-

191 2527 303 2563 ρυγμα
337 2515 451 2552 θεῖναι
484 2520 565 2551 Ant.
598 2517 631 2552 7.
674 2519 734 2552 καὶ
758 2521 818 2553 νῦν
844 2518 995 2566 κηρύξας
1022 2519 1093 2566 ἔχω
1130 2518 1171 2552 19
1200 2546 1206 2552 .

190 2561 256 2598 οὐκ
275 2562 378 2599 οἶσθα
394 2564 453 2599 καὶ
480 2568 540 2599 νῦν
558 2563 638 2598 316.
683 2565 741 2600 καὶ
767 2568 828 2600 νῦν
855 2564 980 2604 σωθείς
1010 2565 1078 2600 330
1107 2565 1211 2611 [quod

190 2621 219 2643 c.
240 2609 372 2658 ὀφείλω
388 2613 500 2653 iungit
516 2613 681 2646 Fritzseh.
702 2614 743 2646 ad
767 2614 905 2646 Theocr.
937 2612 999 2655 12,
1027 2612 1100 2659 20].
1153 2613 1212 2648 καὶ

192 2659 252 2691 νῦν
268 2660 366 2705 κρῖνε
383 2656 462 2693 398.
514 2658 572 2694 καὶ
588 2662 647 2694 νῦν
664 2658 739 2706 ἄγει
757 2671 799 2706 με
817 2657 896 2694 916.
941 2659 999 2694 καὶ
1022 2663 1081 2695 νῦν
1105 2659 1211 2707 ἀφεῖ-

189 2715 247 2738 ται
271 2704 383 2740 πάντα
411 2704 511 2739 1165.
556 2706 616 2741 καὶ
644 2709 703 2741 νῦν
728 2705 808 2753 ἥκει
840 2709 896 2741 Tr.
927 2706 1008 2741 365.
1058 2706 1119 2742 καὶ
1151 2710 1210 2741 νῦν

191 2750 360 2798 μίμνομεν
388 2751 468 2787 539.
514 2752 574 2788 καὶ
589 2756 648 2788 νῦν
666 2765 716 2792 τις
732 2752 798 2788 οὐκ
813 2753 1022 2801 ἀποτρέψεις
1048 2752 1137 2788 1013
1163 2766 1207 2787 m.

193 2798 252 2833 καὶ
267 2801 326 2833 νῦν
389 2798 447 2835 ’θι
478 2798 579 2834 1076.
623 2800 683 2835 καὶ
712 2803 771 2835 νῦν
805 2799 875 2848 ὁρῶ
905 2803 960 2834 Ai.
989 2800 1022 2835 3.
1077 2800 1135 2836 καὶ
1151 2804 1210 2835 νῦν

193 2844 346 2893 ἐπέγνως
376 2845 392 2879 1
423 2873 430 2880 .
486 2847 545 2882 καὶ
572 2851 631 2882 νῦν
656 2846 823 2888 αἰκίζεται
849 2847 905 2882 65.
950 2848 1010 2883 καὶ
1042 2851 1101 2882 νῦν
1133 2847 1210 2882 νέον

193 2890 299 2939 ἄλγος
317 2893 390 2941 ἔχει
405 2892 475 2927 259
492 2906 547 2928 an.
598 2894 657 2930 καὶ
671 2897 730 2929 νῦν
748 2893 781 2929 τί
786 2894 866 2953 ,χρὴ
887 2894 988 2941 δρᾶν;
1011 2894 1092 2929 457.
1135 2895 1212 2929 καί-

191 2951 244 2974 τοι
261 2951 297 2973 σε
314 2939 372 2974 καὶ
387 2943 448 2975 νῦν
464 2944 566 2976 τοῦτο
583 2953 620 2990 γε
638 2941 763 2988 ζηλοῦν
783 2953 855 2989 εχω
873 2941 942 2976 552
966 2945 1066 2975 etiam
1090 2945 1126 2975 in
1154 2943 1211 2975 hoc

192 2997 302 3020 renam
320 2998 468 3021 mearum
487 2993 590 3022 statu.
635 2988 693 3023 καὶ
709 2992 768 3023 νῦν
788 3001 825 3036 γε
843 2987 987 3036 Τεύκρῳ
1003 2988 1093 3024 τάπὸ
1117 2983 1210 3023 τοῦδ’

191 3032 402 3080 ἀγγέλλομαι
422 3033 522 3068 1376.
566 3038 625 3070 νῦν
651 3048 688 3082 γε
712 3034 801 3070 τάπὸ
828 3036 927 3071 τοῦδε
954 3038 1106 3078 proxime
1130 3039 1210 3069 iun-

191 3085 329 3121 guntur.
375 3081 433 3116 καὶ
449 3085 508 3116 νῦν
526 3081 717 3130 πάμψυχος
733 3081 872 3117 ἀνάσσει
896 3085 948 3118 ΕΙ.
969 3081 1038 3116 839
1056 3085 1109 3117 ch.
1152 3082 1210 3117 καὶ

191 3130 251 3161 νῦν
267 3127 326 3162 καὶ
342 3126 410 3162 τότ’
429 3127 651 3175 ἐξεπίσταμαι
677 3127 757 3163 907.
797 3128 857 3164 καὶ
882 3133 941 3164 νῦν
975 3127 1074 3164 ποθῶ
1105 3127 1206 3163 1168.

191 3174 250 3209 καὶ
283 3177 342 3208 νῦν
367 3173 632 3225 ἀπαλλαχθέντε
657 3174 741 3211 εἵσω
767 3175 957 3223 παρέλθετε
987 3175 1090 3210 1335.
1120 3195 1160 3202 -
1180 3177 1195 3219 ΙΙ

193 3221 272 3267 μὲν
305 3224 393 3256 νῦν.
439 3221 564 3269 εἴρηκα
594 3222 657 3268 μὲν
690 3226 750 3258 νῦν
775 3227 884 3258 ταῦτα
901 3225 952 3256 ΕΙ.
983 3222 1040 3256 73.
1069 3225 1124 3256 Br.
1147 3222 1209 3268 μέν

190 3279 262 3310 νυν,
293 3279 488 3311 perperam;
526 3273 680 3312 sequitur
705 3269 758 3304 σοὶ
791 3265 819 3303 δ’
852 3269 922 3316 ἤδη
956 3267 1134 3316 μελέσθω,
1172 3274 1212 3303 ut

194 3315 255 3347 hoc
288 3315 418 3348 dicatur
450 3327 509 3357 ⁶90
533 3318 664 3359 quidem
690 3319 726 3350 in
746 3327 902 3358 praesens
930 3318 1012 3358 dixi,
1041 3328 1123 3359 quae
1139 3318 1210 3359 fieri

193 3363 288 3402 volo,
310 3366 348 3395 tu
363 3372 439 3396 vero
466 3364 533 3404 fac.
563 3365 683 3397 Blomf.
706 3363 836 3410 μέντοι.

194 3407 250 3442 Oc
267 3406 324 3442 96.
369 3410 455 3442 Male
473 3411 615 3443 inclinat
631 3412 751 3444 Elmsl.

1185 138 1279 187 Νῦν

892 3363 1028 3410 ἔγνωκα
1057 3363 1120 3409 μὲν
1149 3366 1209 3398 νῦν
2247 3406 2249 3409 ι

864 3410 914 3455 (ll
932 3422 965 3453 p.
990 3407 1068 3452 179,
1089 3409 1113 3443 2
1130 3423 1148 3444 a
1165 3409 1211 3455 f.)
1245 3404 1356 3444 τοῦντ’
1374 3409 1408 3444 έν
1421 3403 1531 3456 ”Αρει,
1552 3412 1610 3444 νῦν
1630 3409 1658 3443 δ’
1675 3408 1717 3443 αὖ
1736 3408 1848 3455 φίλοις
1868 3409 1955 3455 μέγα
1971 3406 2096 3446 πένθος
2112 3404 2205 3454 ηὗρ’,
2224 3451 2226 3454 .
2253 3406 2266 3417 ⁸

2183 0 2288 98 Qua}

1924 149 1975 197 [11
1996 161 2030 194 p.
2055 102 2288 205 178-181.J{

1327 256 1425 287 Porro
1450 257 1532 288 alias
1554 257 1735 297 particulas
1756 256 1994 297 praecedit.
2027 259 2103 291 νῦν
2120 268 2181 304 γε.
2234 254 2288 299 έξῖζ.

1256 299 1358 336 Ἰλίου
1374 313 1427 336 τοι
1445 301 1488 347 δὴ
1505 301 1548 335 τὰ
1566 301 1669 348 [δῆτα
1688 301 1762 347 LA]
1779 305 1838 336 νῦν
1855 315 1892 349 γε
1910 302 2088 339 ναυστολῶ
2105 305 2167 338 Ph.
2184 301 2288 339 245.’.

1254 352 1327 387 τοῖς
1344 352 1403 383 νῦν
1420 361 1457 395 γε
1477 347 1709 395 μαντεύμασιν
1727 350 1784 382 Oc
1797 348 1878 383 387.
1926 349 1942 384 ἐ
1966 353 2016 389 εἰς
2034 350 2096 396 μὲν
2115 349 2196 398 οὐχὶ
2210 353 2288 391 νῦνῖἐ

1255 408 1292 441 γε
1311 398 1365 428 ΕΙ.
1388 395 1468 429 552.
1508 395 1598 430 ἀλλὰ
1615 399 1674 429 νῦν
1692 408 1729 443 γε
1748 394 1837 431 εὕδει
1863 399 1917 430 Αἰ.
1963 395 2020 431 91.
2063 397 2123 433 καὶ
2147 401 2206 432 νῦν
2231 394 2288 446 γεῑξ

1255 442 1401 489 ἀγγέλλο
1434 455 1467 477 αι
1496 442 1597 476 1376.
1628 462 1732 476 —-.-
1767 444 1781 486 ΙΙ
1813 447 1888 478 νῦν
1907 444 1952 479 δέ
1978 444 2038 491 [cf.
2067 447 2192 479 Wund.
2229 446 2288 481 ad·;

1256 491 1310 523 OC
1329 456 1504 535 26911νῦν
1523 489 1561 524 δὲ
1579 490 1637 524 δός
1654 502 1712 535 μοι
1730 492 1790 523 Ph.
1811 489 1868 524 83.
1898 494 1957 526 νῦν
1977 487 2006 526 δ’
2023 491 2093 539 ὁρῶ
2111 489 2168 526 98.
2210 494 2288 536 νῦνεὲζ

1256 536 1294 571 δέ
1311 549 1369 583 μοι
1386 536 1464 584 λέγε
1484 535 1551 570 152
1565 539 1617 570 ch.
1661 540 1720 571 νῦν
1739 532 1767 572 δ’
1784 537 1858 582 εἶμι
1875 536 1956 572 461.
1999 542 2059 573 νῦν
2085 538 2123 573 δὲ
2141 538 2180 574 σὺ
2199 541 2288 572 osb-:³²

1256 595 1314 618 σον
1332 583 1412 617 500.
1467 587 1525 618 νῦν
1553 584 1589 618 δὲ
1614 583 1787 630 εὐδαίμων
1813 583 1928 619 ἀνύσει
1952 584 2019 619 719
2053 587 2104 619 ch.
2155 589 2216 620 νῦν
2242 581 2288 620 δ’τ-

1256 631 1331 678 αἷρε
1357 631 1480 666 σαυτόν
1505 629 1584 664 886.
1637 634 1695 665 νῦν
1715 630 1742 666 δ’
1765 631 1950 679 ἠπάτημαι
1975 631 2055 666 949.
2103 636 2162 667 νῦν
2181 628 2210 667 δ’

1257 677 1378 712 ἔκπλει
1395 677 1475 712 972.
1516 681 1575 712 νῦν
1594 677 1621 712 δ’
1639 678 1714 717 ένὸς
1730 684 1848 725 κρατῶ
1865 678 1971 727 λόγου
1991 678 2094 714 1048.
2145 683 2205 715 νῦν
2231 679 2288 727 δὲ,

1255 725 1307 759 σοί
1325 724 1353 772 γ’
1372 725 1460 760 ἑκὼν
1473 724 1687 772 ἐκστήσομαι
1700 725 1800 760 1053.
1831 725 1867 765 ὃς
1886 725 1973 772 μετὰ
1989 727 2127 767 ζώντων
2146 725 2194 762 ὅτ’
2210 726 2288 775 ἤνωξ’

1254 768 1354 818 ἥκου’
1371 771 1502 819 ἄριστα,
1523 775 1581 806 νῦν
1600 772 1638 807 δὲ
1662 777 1730 807 τῶν
1753 772 1973 820 τεθνηκότων
1995 773 2095 808 1313.
2146 777 2205 808 νῦν
2231 773 2251 808 δ

1253 819 1415 866 λείπομεν
1443 818 1532 866 ὑμᾶς
1561 819 1646 853 1461
1682 831 1735 853 an.
1781 824 1840 854 νῦν
1861 819 1888 854 δ’
1914 819 1950 855 ἐς
1973 821 2013 856 τὸ
2036 820 2150 856 κείνου
2174 824 2262 867 κρᾶτ

1256 865 1396 913 ἐνήλαθ’
1413 866 1436 912 ἡ
1454 867 1544 914 τύχη
1571 869 1627 900 OR
1645 866 1726 901 263.
1775 871 1834 901 νῦν
1859 868 1895 902 δὲ
1919 868 2003 915 τῇδε
2027 866 2166 915 θήμέρᾳ
2191 880 2247 903 στε
2285 870 2288 876 “

1253 914 1384 962 ναγμός
1407 910 1520 947 1283]
1551 917 1610 948 νῦν
1637 910 1665 949 δ’
1691 913 1763 950 ἔσθ’
1788 913 1805 948 ὁ
1834 914 1978 961 τλήμων
2003 914 2039 949 ἐν
2061 914 2125 950 τίνι
2158 915 2244 964 σχολ

1254 965 1386 1002 κακοῦ,
1411 960 1512 994 1286.
1552 965 1610 995 νῦν
1638 957 1666 995 δ’
1691 959 1795 996 ἄθεος
1819 962 1880 1008 μέν
1906 963 1977 1008 εἰμι
1996 961 2098 996 1360.
2157 967 2216 998 νῦν
2242 964 2268 999 ὃγ

1254 1007 1297 1042 αὖ
1314 1003 1374 1042 τίν’
1397 1007 1494 1054 ἥκεις
1521 1007 1631 1054 μῦθον
1659 1008 1811 1057 φέρουσα
1836 1010 1891 1042 OC
1918 1008 1998 1043 357.
2049 1012 2108 1044 νῦν
2135 1009 2173 1044 δὲ
2197 1011 2228 1045 εἰ
2267 1045 2270 1046 .

1253 1054 1341 1101 ῆλθε
1358 1059 1432 1090 τοῖν
1455 1055 1667 1103 τρισαθλίοιν
1692 1057 1761 1103 ἔρις
1780 1055 1859 1089 371.
1904 1060 1962 1091 νῦν
1987 1055 2184 1104 δ’,ἔσγατόν
2209 1069 2248 1093 σο
2267 1063 2269 1065 “

1252 1101 1380 1148 τούμὸν
1399 1102 1540 1137 ἅπτεται
1559 1102 1665 1149 δέμας
1686 1102 1787 1138 1550.
1831 1107 1890 1137 νῦν
1916 1099 1944 1138 δ’
1970 1104 2012 1139 αὖ
2039 1099 2159 1139 σκόπει
2184 1107 2272 1138 Ant·

1253 1149 1309 1183 58.
1354 1153 1414 1184 νῦν
1433 1150 1461 1184 δ’
1478 1150 1546 1197 ἤδη
1566 1151 1717 1198 φέρομαι
1743 1150 1806 1184 801
1829 1162 1882 1184 an.
1925 1155 1985 1185 νῦν
2013 1151 2051 1186 δὲ
2075 1147 2185 1186 τοιάδ’
2207 1151 2280 1187 ‹f›

1252 1209 1357 1242 νυμαι
1375 1196 1454 1230 903.
1498 1201 1557 1231 νῦν
1573 1197 1599 1232 δ’
1617 1197 1750 1244 ἀγροῖσι
1767 1198 1930 1246 τυγχάνει
1947 1201 2000 1232 ΕΙ.
2022 1197 2101 1233 313.
2154 1202 2213 1234 νῦν
2246 1202 2285 1244 '‘ss

1253 1243 1351 1278 οὐδὲν
1371 1243 1524 1291 ἐντρέπει
1543 1244 1628 1291 ἐμοῦ
1646 1258 1683 1292 γε
1703 1243 1781 1279 519.
1826 1249 1886 1280 νῦν
1911 1245 1938 1280 δ’
1964 1244 2077 1293 ἕκηλά
2094 1258 2160 1280 που
2177 1245 2282 1293 91¹⁵&

1255 1291 1419 1338 ρεύσομεν
1439 1291 1518 1325 786.
1561 1295 1621 1326 νῦν
1640 1292 1677 1327 δὲ
1695 1296 1756 1327 ποῖ
1772 1305 1814 1338 με
1830 1292 1901 1340 χρὴ
1920 1292 2058 1339 μολεῖν;
2094 1292 2175 1326 812.
2211 1295 2256 1328 ν’“’
2269 1296 2284 1333 ξς

1254 1338 1291 1375 δὲ
1310 1339 1359 1377 εἰς
1378 1339 1415 1373 σὲ
1434 1339 1476 1385 δὴ
1509 1338 1626 1385 βλέπω
1660 1339 1740 1373 954.
1796 1343 1856 1374 νῦν
1886 1338 1913 1374 δ’
1948 1339 2131 1375 ἐκλέλοιπε
2162 1343 2247 1376 ταῦτ

1257 1385 1356 1420 1149.
1401 1385 1561 1428 θανόντα,
1580 1390 1639 1435 νῦν
1659 1387 1696 1421 δὲ
1719 1390 1895 1435 μηχαναῖς
1922 1386 2136 1432 σεσωσμένον
2163 1386 2282 1421 122·-

1252 1437 1310 1468 νῦν
1330 1432 1357 1467 δ’
1376 1433 1447 1480 ἔχω
1467 1445 1503 1467 σε
1530 1433 1619 1467 1285
1646 1445 1691 1467 m.
1746 1438 1805 1469 νῦν
1831 1433 1858 1468 δ’
1882 1433 1967 1469 αἰτῶ
1988 1433 2088 1468 1379.
2149 1437 2208 1469 νῦν

1252 1480 1356 1527 ἡνίκα
1435 1480 1626 1527 ὑπερτελὴς
1653 1480 1728 1529 ἔφυ,
1751 1479 1899 1515 ἐνταῦθα
1923 1481 1966 1527 δὴ
1993 1477 2179 1528 ταρβήσασ’

1253 1532 1307 1562 Tr.
1330 1527 1387 1560 36.
1430 1531 1488 1562 νῦν
1513 1528 1551 1562 δὲ
1567 1527 1660 1573 κάμὲ
1677 1528 1747 1576 χρὴ
1766 1528 1893 1577 φράσαι
1917 1528 2019 1563 τόσον
2047 1528 2104 1563 52.
2156 1523 2275 1563 νῦν”“.4

1252 1575 1350 1610 οὐδὲν
1371 1574 1521 1622 ἐλλείψω
1539 1574 1595 1609 90.
1641 1572 1701 1609 νῦν
1733 1571 1761 1609 δ’
1795 1575 1934 1623 α”πειρος
1967 1575 1998 1610 εἶ
2024 1575 2103 1610 143.
2152 1579 2211 1610 νῦν
2233 1581 2258 1606 e‘

1251 1622 1324 1657 εἷπε
1352 1621 1428 1655 161.
1466 1626 1525 1656 νῦν
1544 1617 1695 1669 δ”Ἃρης
1709 1622 1900 1681 οἰστρηθεὶς
1917 1621 1976 1668 [αὖ
1988 1622 2152 1671 στρωθεὶς
2162 1625 2263 1666 Dnn‘]

1252 1683 1279 1704 c.
1295 1669 1437 1715 Musgr.j
1448 1668 1574 1709 ἐξέλυσ’
1588 1669 1750 1704 ἐπίπονον
1759 1670 1890 1717 άμεραν
1901 1668 1969 1703 653
1979 1672 2029 1703 ch.
2051 1673 2110 1705 νῦν
2123 1670 2160 1704 δὲ
2170 1669 2212 1718 ἕχ
2231 1705 2270 1717 ἰ

1252 1729 1293 1752 σα
1319 1716 1400 1750 688.
1444 1720 1502 1751 νῦν
1529 1716 1566 1751 δὲ
1591 1716 1702 1765 θῆλυς
1726 1716 1772 1764 ηὔ
1795 1729 1884 1764 ημαι
1916 1715 2016 1751 1075.
2060 1721 2119 1752 νῦν
2145 1717 2183 1751 δὲ

1250 1763 1475 1811 πεπόρθημαι
1496 1763 1596 1798 1103.
1632 1768 1691 1799 νῦν
1710 1764 1748 1799 δὲ
1768 1729 1871 1800 got-act
1887 1765 1999 1799 πεσών
2018 1767 2072 1797 Ai.
2094 1763 2175 1798 823.
2207 1766 2255 1799 vi*
2277 1783 2279 1786 ⁴

1251 1808 1279 1846 δ’
1306 1811 1377 1857 εἰμὶ
1405 1810 1513 1857 δούλη
1531 1810 1610 1845 489.
1655 1815 1713 1846 νῦν
1741 1808 1769 1845 δ’
1794 1811 1836 1846 αὖ
1862 1812 1950 1858 μέγα
1974 1809 2100 1850 πένθος
2116 1810 2184 1859 ηὖρ
2220 1825 2240 1841 ⁴1

1251 1858 1318 1891 615
1337 1860 1389 1892 eh.
1433 1861 1491 1892 νῦν
1518 1854 1546 1892 δ’
1570 1858 1659 1905 ὁρῶν
1686 1858 1885 1904 ἀπόλλυμαι
1914 1857 2014 1892 1000.
2057 1862 2117 1894 νῦν
2144 1859 2172 1892 δ’
2201 1877 2207 1879 Α
2232 1862 2258 1880 ν’
2285 1881 2288 1888 -

1251 1905 1325 1953 μέγ’
1342 1905 1384 1940 αὖ
1402 1910 1519 1952 φρονῶ
1532 1905 1631 1940 1088.
1675 1909 1735 1940 νῦν
1753 1906 1790 1940 δὲ
1868 1905 1999 1941 ἀνεῖται
2018 1907 2172 1954 στυγερῷ
2286 1918 2288 1920 ·

1251 1966 1328 1999 μονι
1350 1952 1439 1987 1214
1456 1954 1508 1986 ch.
1552 1957 1610 1988 νῦν
1630 1951 1754 1992 Αἰνέας
1772 1953 1789 1988 ὁ
1807 1956 1871 1999 τῆς
1890 1952 1974 1989 θεοῦ
1999 1953 2140 1999 πάρεστι
2164 1955 2249 2000 Lar-v

1250 2004 1290 2033 fr.
1328 1999 1419 2038 342.
1461 1999 1490 2032 1.
1534 2003 1592 2034 νῦν
1619 1999 1647 2034 δ’
1666 2000 1765 2035 οὐδέν
1783 2000 1853 2047 εἰμι
1871 2003 1945 2034 Ter.
1975 1999 2060 2040 517,
2087 1998 2124 2033 Ι1.
2147 2020 2201 2034 -.
2218 2007 2249 2038 fiss-
2276 2005 2278 2009 “

1248 2051 1322 2081 νῦν
1343 2046 1426 2082 οὖν.
1471 2050 1530 2081 νῦν
1549 2047 1621 2090 οὖν,
1641 2046 1795 2094 Ὀρέστα,
1827 2048 1885 2082 καὶ
1911 2046 1972 2090 σύ,
2002 2046 2142 2095 φίλτατε
2158 2047 2225 2088 ξέν

1249 2093 1404 2141 Πυλάδη,
1433 2094 1466 2128 τί
1483 2095 1552 2142 χρὴ
1572 2094 1654 2142 δρᾶν
1674 2095 1708 2129 ἐν
1725 2095 1824 2143 τάγει
1842 2094 2045 2140 βουλευτέον
2064 2096 2117 2127 ΕΙ.
2134 2093 2186 2129 15.
2239 2097 2243 2100 ’

1248 2162 1294 2166 -
1311 2143 1325 2185 ΙΙ
1342 2145 1413 2175 νῦν
1438 2137 1507 2176 τε.“
1528 2146 1586 2176 νῦν
1611 2154 1648 2176 τε
1672 2142 1730 2176 καὶ
1755 2138 1863 2176 πάλαι
1895 2141 1987 2188 λέγω
2020 2141 2088 2188 [γρ.
2117 2137 2180 2176 τότ’
2229 2156 2247 2182 χ

1247 2188 1342 2223 νέπω
1362 2191 1419 2222 LA
1439 2201 1482 2221 m.
1504 2189 1591 2235 ant.]
1618 2191 1670 2223 ΕΙ.
1692 2187 1771 2222 676.
1808 2191 1866 2222 νῦν
1883 2201 1919 2223 τε
1940 2188 2135 2235 ἱκετεύομέν
2153 2201 2190 2223 σε
2212 2194 2222 2219 Ι
2245 2230 2247 2234 ,

1248 2235 1303 2269 40.
1349 2237 1406 2270 τὸν
1424 2234 1502 2270 οὔτε
1517 2236 1595 2284 πρὶν
1611 2236 1736 2282 νήπιον
1753 2239 1812 2269 νῦν
1830 2234 1858 2269 τ’
1876 2235 1910 2270 ἐν
1938 2236 2033 2283 ὅρκῳ
2052 2235 2158 2283 μέγαν
2175 2238 2243 2281 κα]

1248 2283 1380 2318 αἱδεσαι
1411 2282 1480 2316 653
1506 2285 1557 2316 ch.
1610 2287 1669 2318 νῦν
1694 2282 1722 2317 τ’
1747 2282 1846 2321 αὖθις
1882 2283 1980 2330 πειρᾷ
2007 2285 2182 2328 μετασπᾶν
2236 2320 2238 2323 ,
2276 2318 2277 2321 ,

1249 2329 1327 2363 772.
1364 2328 1492 2377 πρόσθε
1572 2334 1630 2364 νῦν
1647 2326 1675 2364 τ’
1693 2329 1932 2375 ἀνακαλοῦμαι
1954 2328 2053 2363 1376.
2089 2333 2148 2364 νῦν
2170 2325 2196 2364 τ’
2235 2368 2237 2370 ,
2267 2367 2270 2368 ⁷

1247 2378 1295 2416 ὡς
1307 2378 1418 2425 τάχος
1437 2377 1538 2423 μάλιν
1559 2376 1660 2410 1398.
1705 2381 1763 2411 νῦν
1781 2390 1817 2411 τε
1842 2377 1900 2412 καὶ
1925 2376 2031 2412 πάλαι
2056 2375 2154 2411 δοκεῖ
2178 2379 2231 2410 ΑΓ
2271 2421 2275 2423 ‚

1250 2424 1327 2458 181.
1373 2426 1419 2458 Et
1444 2427 1491 2458 sie
1514 2431 1603 2458 recte
1630 2427 1742 2458 editur
1768 2426 1848 2457 Ant.
1877 2423 1957 2458 456.
2011 2423 2050 2459 οὐ
2068 2423 2132 2471 γάρ
2154 2421 2244 2471 τινζ
2272 2428 2275 2468 J

1246 2484 1282 2505 τε
1300 2470 1443 2519 κάχθές,
1465 2470 1540 2506 ἀλλ’
1559 2471 1612 2506 ἀεί
1626 2471 1719 2506 *ποτε
1737 2471 1780 2519 ζῇ
1795 2474 1902 2506 ταῦτα
1914 2499 1922 2513 ,
1953 2474 2016 2504 etsi
2035 2473 2128 2505 codd.
2147 2473 2184 2504 in
2226 2469 2243 2497 ι’
2271 2502 2275 2503 .

1246 2531 1284 2566 γε
1310 2521 1547 2560 consentiunt,
1577 2521 1663 2561 quod
1691 2521 1815 2551 iniuria
1843 2520 1995 2552 defendit
2018 2520 2165 2560 Schaef.,
2195 2529 2235 2562 ⁰.
2272 2530 2275 2534 ’

1248 2569 1346 2599 etiam
1373 2578 1426 2608 ap.
1449 2568 1540 2600 Plut.
1562 2577 1617 2608 qu.
1640 2577 1747 2607 symp.
1781 2577 1814 2608 p.
1835 2564 1901 2599 731
1923 2567 1961 2599 G.
1989 2567 2063 2598 adv.
2096 2566 2196 2599 Stoic.
2221 2580 2224 2582 ·
2245 2564 2247 2566 ’

1250 2612 1339 2646 1074
1357 2615 1396 2646 Ε.
1419 2618 1452 2645 et
1469 2625 1522 2655 ap.
1545 2615 1682 2646 Aristot.
1703 2614 1802 2645 Rhet.
1827 2611 1857 2653 1,
1879 2611 1934 2646 13.
1958 2611 2000 2645 15
2017 2617 2146 2645 constat
2164 2610 2179 2657 [
2203 2626 2228 2659 1„

1248 2662 1322 2693 nuit
1341 2659 1476 2705 Dindj.
1495 2679 1596 2692 —.-
1618 2661 1631 2703 ΙΙ
1648 2662 1720 2693 νῦν
1740 2659 1803 2694 ἔτι
1828 2666 1862 2692 et
1877 2662 1950 2694 νῦν
1975 2658 2026 2705 ἥδ
2074 2660 2224 2698 notavi
2249 2682 2251 2686 -

1246 2709 1280 2739 in
1300 2719 1354 2741 νν.
1384 2706 1433 2741 ἔτι
1451 2712 1485 2739 et
1501 2706 1584 2753 ἤδη.
2060 2708 2141 2749 Hp.
2164 2704 2199 2738 1*
2217 2707 2228 2754 γἱ,
2269 2707 2270 2710 ’

1319 2752 1351 2786 5.
1382 2756 1540 2796 Inprimis
1559 2755 1715 2787 notabilis
1733 2759 1786 2786 est
1804 2755 1954 2794 legitima
1982 2754 2130 2786 adverbii
2155 2754 2199 2789 si:
2221 2792 2226 2796 ‘
2270 2763 2273 2766 ·

1249 2802 1366 2843 ficatio,
1390 2803 1521 2843 quoties
1538 2812 1612 2834 cum
1640 2803 1714 2833 aliis
1738 2801 1900 2833 adverbiis
1924 2801 2155 2841 temporalibus
2187 2809 2229 2845 *k

1245 2850 1397 2888 iungitur
1415 2853 1572 2890 tauquam
1590 2850 1804 2880 contrarium.
1826 2847 1837 2890 Η
1853 2859 1871 2880 ν
1886 2850 1930 2880 ὒν
2033 2844 2176 2894 ἐχθές.
2198 2859 2203 2863 ·
2223 2883 2228 2890 .
2264 2851 2267 2854 ’

1246 2895 1310 2941 γάρ
1327 2907 1360 2928 τι
1376 2898 1434 2928 νῦν
1451 2906 1487 2928 τε
1512 2894 1580 2941 [γε]
1605 2892 1754 2942 κάχθές,
1791 2889 1866 2928 ἀλλ’
1898 2892 1951 2928 ἀεί
1974 2905 2056 2928 ποτε
2082 2893 2125 2941 ζῇ
2180 2901 2220 2923 1¹1

1246 2945 1327 2975 Ant.
1350 2940 1430 2975 456.
1453 2961 1562 2975 —.--
1587 2941 1598 2985 Η
1623 2945 1696 2975 νῦν
1785 2940 1949 2975 ἔπειτα.
2003 2939 2175 2986 βλέποντα
2191 2935 2218 2972 ‘⁸
2266 2961 2271 2978 s

1249 2988 1311 3033 μὲν
1329 2987 1415 3034 ὄρθ’,
1429 2988 1546 3022 ἔπειτα
1565 2988 1601 3023 δὲ
1620 2988 1739 3022 σκότον
1758 2987 1902 3020 oum).
1926 3007 2028 3020 —.-
2047 2990 2119 3021 νῦν
2142 2986 2190 3022 τά
2204 2990 2217 3024 ’,
2264 3017 2268 3019 .

1247 3034 1380 3069 θανόντ’
1393 3031 1561 3082 Ὀρέστην
1578 3038 1636 3069 νῦν
1653 3047 1690 3068 τε
1707 3034 1766 3068 καὶ
1783 3033 1850 3069 τότ’
1867 3033 1999 3069 ἐννέπω
2026 3036 2077 3067 ΕΙ.
2107 3031 2185 3068 676.
2266 3047 2271 3075 g

1247 3084 1345 3115 Eust.
1366 3093 1400 3124 p.
1421 3080 1508 3125 702,
1540 3081 1562 3115 4
1586 3085 1645 3115 νῦν
1669 3094 1706 3116 τε
1723 3081 1782 3115 καὶ
1800 3080 1906 3116 πάλαι
1924 3080 2015 3127 λέγω
2032 3083 2148 3122 affert,
2167 3082 2208 3115 οὖ

1247 3131 1306 3162 LA
1324 3140 1368 3161 m.
1389 3141 1438 3172 pr.
1461 3131 1594 3170 legitur.
1641 3128 1699 3163 καὶ
1715 3131 1773 3162 νῦν
1791 3127 1823 3162 θ’
1841 3127 1971 3173 ὁμοίως
1988 3128 2048 3162 καὶ
2064 3125 2133 3162 τότ’
2151 3125 2195 3166 ἐ-,
2214 3128 2218 3163 ᾗ
2270 3134 2271 3138 ’

1247 3187 1373 3222 σταμαι
1399 3178 1451 3208 ΕΙ.
1479 3174 1559 3209 907.
1591 3194 1695 3208 -.-
1718 3178 1793 3209 νῦν
1889 3173 2039 3209 πάλαι.
2098 3173 2167 3209 κάκ
2255 3183 2273 3212 -5

1246 3221 1406 3257 εἶναινῦν
1424 3234 1460 3256 τε
1473 3222 1532 3257 καὶ
1549 3221 1656 3257 πάλαι
1675 3222 1772 3256 δοκεῖ
1789 3225 1869 3255 Ant.
1896 3220 1957 3255 181
1988 3234 2017 3254 v.
2048 3221 2176 3255 Schaef.
2268 3221 2274 3232 ‘

1249 3289 1290 3295 -
1310 3269 1446 3316 πάρος
1532 3273 1618 3303 νῦν.
1659 3269 1717 3303 καὶ
1741 3269 1805 3315 γὰρ
1828 3267 1908 3302 οὐδὲ
1931 3268 1988 3302 τὸν
2014 3268 2122 3315 πάρος
2147 3268 2193 3313 μ’
2235 3311 2238 3314 γ
2267 3287 2270 3300 l

1248 3315 1361 3362 μάτην
1378 3315 1541 3362 ἤκουσας,
1564 3315 1644 3351 οὐδὲ
1661 3319 1720 3349 νῦν
1739 3317 1831 3350 δοκῶ
1850 3317 1905 3347 Tr.
1928 3313 2008 3348 341.
2031 3334 2134 3347 -.-
2159 3323 2184 3347 π
2200 3318 2220 3349 ’ζ
2263 3347 2266 3354 2

1316 3366 1402 3398 νῦν.
1449 3362 1485 3398 ὃν
1515 3362 1698 3409 έξεπέμψω
1724 3363 1801 3408 πρὶν
1837 3361 1878 3407 δή
1913 3373 1994 3396 ποτε
2018 3360 2148 3407 θουρίῳ
2191 3361 2193 3367 ’
2261 3382 2267 3390 ⁴
