2288 3600
247 129 346 185 342

249 243 305 291 [de
322 247 486 278 feminino
503 256 626 286 genere
644 246 676 278 h.
698 247 718 278 l.
741 257 772 278 v.
796 247 874 278 Lob.
896 246 1000 279 Paral.
1020 242 1116 291 273J.
1140 246 1191 278 De
1209 248 1281 278 ειο-1
1364 238 1502 293 Ἴσχω
1527 244 1638 291 [Curt.
1660 247 1715 278 Et.
1746 257 1778 279 n.
1803 244 1895 292 170].
1933 247 2003 280 Hoc
2023 248 2162 280 verbum
2182 246 2238 283 S=2
2258 263 2260 266 .

250 296 352 325 centu
370 293 463 325 nulla
479 293 660 333 dubitatio,
684 297 719 326 et
736 294 922 333 generatim
938 293 1109 335 praecepit
1126 293 1204 326 Arc.
1224 303 1258 334 p.
1300 294 1344 325 cli
1368 303 1436 327 non
1454 294 1541 327 ultra.
1557 303 1718 334 praesens
1739 295 1897 327 flectitur.
1927 293 1934 335 Ι
1971 293 2121 331 cohibere
2142 294 2249 337 signi

248 337 306 383 20,
322 336 380 381 20,
407 344 559 374 accurate
583 341 704 372 Herod.
727 352 764 374 π.
785 352 820 385 μ.
842 337 873 373 λ.
902 350 936 381 p.
959 337 1014 380 32,
1039 337 1100 382 15,
1129 340 1186 373 sed
1212 343 1263 372 est
1300 343 1335 372 et
1347 341 1525 380 prohibere.
1563 334 1673 376 οὐκέτ’
1690 338 1781 387 ἴσχω
1798 341 1859 374 Pn.
1884 338 1927 374 10
1951 338 1974 374 4
1991 341 2042 374 ch.
2077 341 2215 378 Heathii
2237 355 2268 369 ιν

247 387 360 429 aliqua
384 388 425 420 de
450 388 574 429 spiritu
598 385 656 432 [cf.
679 387 835 429 Spitznor
857 388 898 420 ad
915 388 954 419 Il.
977 383 1009 419 6.
1031 384 1110 419 501.
1142 387 1258 421 Lentz.
1280 411 1281 420 2
1299 388 1428 420 iectura
1450 385 1540 434 ἴσχω
1566 389 1757 420 confirmata
1774 389 1926 429 quamvis
1942 397 2099 430 perversa
2116 388 2272 424 scholias-

248 434 428 468 Herodian.
450 444 484 477 p.
506 431 602 478 7ΟΟ].
631 435 742 467 Libris
767 435 803 466 in
827 438 895 466 tam
913 443 982 466 raro
1001 435 1158 466 vocabulo
1176 435 1261 467 nihil
1279 425 1281 474 }
1300 435 1443 467 alicuius
1467 436 1693 476 explicatione
1720 433 1759 469 οὐ
1785 433 1849 481 γὰρ
1867 433 1917 469 ἔτι
1935 433 2008 482 ἔχω
2025 431 2167 476 ἐλπίδα,
2194 444 2247 468 me
2275 441 2279 447 ·

246 482 486 527 tribuendum3
516 491 568 523 ap.
591 482 746 520 Aeschyl.
767 482 860 513 enim
878 491 1062 522 nusquam,
1085 482 1190 513 semel
1207 491 1258 523 ap.
1279 480 1281 503 ἲ
1300 485 1434 523 recepta
1457 485 1509 515 cst
1526 482 1606 514 inde
1622 493 1641 514 a
1657 482 1836 514 Brunckio.
1874 483 1967 516 Libri
1984 480 2023 516 οὐ
2041 480 2106 528 γὰρ
2124 476 2169 516 ἔτ’
2188 480 2258 529 ἰσχ·

249 528 367 571 Soph.‚
394 537 527 571 perraro
543 538 596 570 ap.
618 529 773 570 Euripid.
802 529 926 569 legitur
950 533 983 561 et
1009 530 1119 560 nescio
1137 539 1179 560 an
1197 538 1262 560 non
1279 529 1281 568 1
1301 528 1476 565 Sententia
1492 529 1532 562 ab
1551 529 1694 562 Heathio
1712 530 1870 563 restituta
1886 533 2033 564 mettum
2047 530 2162 562 Herm.
2182 529 2238 562 adi
2272 528 2275 529 ’

247 585 316 612 uno
332 576 403 609 loco
419 575 465 608 ΙΤ
484 572 586 608 1397.
607 576 710 610 Seidl.
740 577 798 617 qui
826 576 960 617 quidem
977 574 1094 608 lenem'
1107 577 1262 617 spiritum
1279 571 1281 601 3
1300 573 1410 609 οὐκέτ’
1426 573 1517 623 ἴσχω
1535 573 1590 620 [οὐ
1608 574 1672 622 γὰρ
1690 573 1715 609 ἴ.
1737 574 1858 621 Dind.]
1886 577 2078 609 scribendo:
2106 578 2240 616 rapiant

249 632 293 655 ex
310 622 376 657 EM
391 632 425 664 p.
447 619 527 663 478,
551 620 592 655 16
619 633 637 654 a
653 623 831 655 thematico
855 620 895 655 εἴ
906 621 962 657 δω
987 620 1094 656 εἴσω
1119 623 1262 656 ducente
1279 611 1281 646 ί
1299 624 1448 655 volucres
1460 647 1468 663 ,
1495 632 1564 655 non
1576 623 1728 663 prohibeo
1745 625 1899 664 amplius.
1936 621 2045 670 ἴσχειν
2065 617 2092 656 δ’
2111 621 2226 657 οὐκέτι
2251 642 2270 650 ν-

248 669 419 714 defendit,
447 674 625 712 utramque
650 673 798 711 prostare
815 674 958 703 testatus
977 670 1066 711 apud
1083 671 1264 710 lexicogra-
1298 668 1361 715 γὰς
1379 668 1526 714 δύναμαι
1543 668 1700 716 δακρύων
1719 672 1800 703 Ant.
1818 668 1887 703 802
1900 681 1954 703 an.
1981 671 2057 718 ἴσχε
2076 669 2190 704 δακὼν
2205 680 2222 703 σ

247 717 331 759 phos
356 714 469 760 [Phot.
489 720 602 752 tamen
618 715 724 762 ἴστωρ
742 727 775 758 p.
802 713 878 758 116,
900 713 931 749 9.
957 714 999 749 10
1022 721 1060 748 ut
1077 717 1257 750 Herodian.
1279 712 1280 751 ἒ
1300 715 1358 750 σόν
1377 718 1432 749 Tr.
1454 713 1522 750 976
1540 718 1607 758 ch.,
1635 728 1700 759 quo
1719 718 1834 750 eodem
1852 727 1954 750 sensu
1967 715 2140 764 εὐφημίαν
2156 719 2215 751 νῦν
2232 715 2258 752 ἴ
2283 717 2284 720 ’

245 765 269 796 1.
298 761 364 806 c.);
403 764 577 805 Euripidis
609 765 678 797 loco
703 765 862 796 Aldinam
890 765 959 796 leni
984 765 1103 806 spiritu
1133 768 1257 805 notare,
1278 753 1280 787 ²
1298 764 1427 796 dictum
1447 761 1523 805 178,
1547 765 1634 806 quod
1651 766 1679 797 si
1696 766 1772 806 quis
1785 763 1946 812 εὐφήμει,
1967 766 2080 799 σιώπα
2094 765 2242 806 explicu

248 811 458 853 eandemque
477 812 676 853 scripturam
694 821 767 843 esse
784 813 820 843 in
837 812 932 843 libris
950 812 1141 853 Sophocleis
1159 809 1208 856 [at
1225 813 1260 843 in
1298 820 1364 843 non
1393 813 1563 853 prohibeo,
1601 812 1659 844 sed
1688 808 1779 858 ἔχειν
1811 818 1846 845 et
1873 810 1982 860 ἴσχειν
2012 814 2049 846 in
2077 812 2130 846 his
2161 813 2244 850 form

248 859 307 896 LA
321 861 374 891 est
384 855 520 904 ἵστωρ],
538 868 590 901 ap.
609 859 808 891 scholiasten
823 869 976 899 asperum
995 861 1151 901 reperiri3
1175 860 1279 901 lezi-3
1299 860 1432 898 linquae
1465 859 1658 891 cohibendae
1691 860 1760 891 vim
1794 860 1928 893 habent.
1988 858 2116 906 γονέων
2151 856 2223 893 ἐκτί
2259 881 2267 899 ι,

246 907 294 941 cis
312 909 426 940 autem
444 906 530 939 nihil
546 907 777 938 tribuendum.
807 906 896 945 Quid
912 907 1040 947 igitur?
1074 907 1169 939 Ratio
1187 914 1279 938 cum
1297 903 1443 951 ἴσχουσα
1475 904 1642 952 πτέρυγας
1674 905 1842 947 ὀξυτόνων
1869 906 1958 953 γόων
1983 907 2038 940 ΕΙ.
2067 902 2136 940 242
2161 916 2206 938 ιιι.

246 954 282 986 in
308 954 409 985 rebus
434 954 634 995 scripturam
652 954 882 995 spectantibus
900 958 934 986 et
950 963 1010 994 per
1029 963 1064 986 se
1083 955 1126 985 sit
1143 954 1257 994 fallax,
1277 956 1278 981 ἶ
1299 951 1475 1000 ἰσχύουσα.
1510 954 1629 986 Zonar.
1665 964 1699 996 p.
1722 950 1790 986 653
1825 952 1962 1001 ἔχουσα.
2008 956 2048 986 V.
2079 951 2228 999 ἔκτιμος.
2268 965 2277 990 .’

1082 122 1242 195 Ἰσχάς
1269 159 1330 166 -
1351 121 1488 185 Ἴσως
1999 138 2032 186 [1
2048 150 2083 183 r·
2098 138 2229 176 852-—

246 996 341 1038 v'elut
367 1010 445 1035 cum
469 997 576 1046 ἴστωρ
603 1003 728 1042 quippe
754 1002 793 1033 ab
819 998 899 1034 εἴδω
925 1001 1063 1033 ductum
1090 1005 1124 1033 et
1149 1003 1278 1033 tamen*

247 1046 394 1094 ἱστορεῖν
419 1048 597 1088 scribitur,
634 1052 669 1080 et
697 1057 795 1089 saepe
820 1052 973 1080 veterum
999 1049 1200 1080 testimoniis
1226 1047 1278 1080 et³

244 1105 311 1134 usu
328 1095 559 1136 redarguatur,
572 1095 613 1128 ad
628 1099 805 1138 praecepta
820 1096 1051 1128 technicorum
1065 1096 1260 1135 confugien-
1276 1095 1277 1150 ἒ

245 1142 345 1183 dum,
373 1143 404 1175 si
420 1152 506 1184 quae
523 1146 614 1175 sunt.
644 1143 690 1177 Et
706 1146 788 1174 sunt
803 1147 872 1175 tam
890 1144 1028 1183 diserta,
1049 1148 1087 1174 ut
1105 1144 1145 1175 de
1163 1153 1259 1185 aspe-
1276 1152 1277 1166 ι

246 1184 349 1222 rando
366 1190 524 1222 vocabulo
541 1199 608 1222 non
626 1191 725 1222 liceat
739 1191 901 1223 dubitare.
924 1191 1071 1222 Lexicon
1083 1201 1120 1223 π.
1134 1201 1254 1235 πνευμ.
1276 1179 1277 1207 ¹

245 1247 279 1278 p.
300 1232 370 1270 230
386 1234 426 1270 τὸ
444 1248 453 1270 ι
471 1235 539 1282 πρὸ
555 1239 616 1271 τοῦ
635 1247 672 1278 o,
701 1235 730 1270 εἰ
750 1235 798 1282 μὴ
816 1237 854 1271 τὸ
870 1249 889 1270 τ
907 1236 1081 1283 ἐπάγοιτο,
1103 1235 1260 1283 ψιλοῦται
1275 1254 1278 1280 1

246 1280 309 1318 ἀεί.
331 1302 374 1308 -
394 1302 436 1308 —
463 1282 493 1318 εἰ
510 1281 548 1317 δὲ
565 1282 726 1331 ἐπάγοιτο
742 1283 781 1318 τὸ
798 1296 827 1325 τ,
856 1282 1045 1318 δασύνεται.
1073 1282 1218 1329 ἵστωρ,
1240 1283 1258 1319 ὁ
1275 1281 1277 1291 ²

246 1328 457 1377 ἐπιστήμων.
489 1329 662 1377 ἱστορία
685 1343 719 1365 κ.
744 1343 774 1365 τ.
795 1330 827 1365 λ.
857 1330 1048 1378 σημείωσαι
1072 1331 1110 1366 τὸ
1136 1329 1254 1373 ἴστω,

246 1376 321 1417 ἀντὶ
336 1380 398 1414 τοῦ
415 1377 621 1425 γινωσκέτω,
650 1377 797 1413 ἰστέον
822 1378 881 1413 καὶ
899 1372 1046 1426 Ἴστρο
1058 1391 1073 1417 ς
1091 1378 1255 1424 ποταμός.
1275 1374 1277 1385 '

245 1425 358 1462 Priora
374 1427 456 1459 satis
473 1427 567 1459 docte
581 1430 616 1458 et
629 1436 672 1459 ex
686 1428 824 1468 antiquo
838 1428 941 1468 fonte,
962 1431 1000 1459 ut
1014 1429 1128 1459 statim
1142 1432 1258 1459 osten-

245 1473 383 1517 demus3
411 1477 579 1515 postrema
595 1475 778 1507 incautius.
815 1475 929 1515 Longe
947 1476 1075 1515 gravior
1091 1476 1189 1507 testis
1206 1479 1258 1506 est

246 1520 347 1555 schol.
367 1521 408 1555 11.
430 1531 449 1554 σ
465 1518 544 1554 501.
567 1519 635 1555 ἀπὸ
649 1523 710 1555 τοῦ
728 1518 854 1562 εἴδω,
878 1519 1003 1562 εἴσω,
1024 1519 1159 1567 ἴστωρ
1176 1519 1253 1565 (scr.

244 1565 405 1614 ἵστωρ),
423 1565 644 1615 ἐλλείψαντος
661 1580 721 1602 του
739 1579 765 1610 ε,
785 1566 858 1603 ἐπεὶ
873 1568 922 1616 τῷ
941 1581 950 1602 ι
965 1568 1003 1603 τὸ
1021 1579 1060 1602 στ
1073 1567 1257 1627 ἐπεφέρετο
1275 1588 1276 1597 1

247 1614 294 1649 ὡς
310 1612 345 1653 ὲν
361 1614 414 1660 τῷ
435 1613 549 1657 ἱστῶ,
581 1613 734 1657 ἱστίον,
760 1614 929 1662 ἵστημι.
959 1614 1059 1651 ὅθεν
1085 1628 1157 1650 και
1182 1615 1258 1650 δα-
1275 1627 1276 1636 ’

248 1659 443 1704 σύνεται,
480 1660 576 1696 ἐπεὶ
605 1661 653 1697 τὸ
688 1674 697 1696 ι
730 1663 809 1709 πρὸ
841 1665 917 1697 τοῦ
950 1675 995 1696 στ
1021 1662 1154 1709 μόνου
1182 1662 1259 1697 δα-

247 1706 435 1744 σύνεται.
470 1712 670 1757 προσκεῖται
693 1708 732 1744 τὸ
759 1709 904 1755 μόνου,
935 1709 1007 1746 ἐπεὶ
1030 1710 1068 1744 τὸ
1087 1703 1259 1758 Ἴστρος

247 1754 418 1804 ψιλοῦται.
1003 1757 1036 1802 [1
1052 1769 1085 1800 p.
1107 1756 1185 1800 853,
1208 1756 1278 1803 301

317 1809 349 1850 'I
362 1814 481 1863 σχοίς.
509 1814 574 1854 κάν
591 1813 708 1853 ἄλλοις
728 1814 765 1850 δὲ
782 1816 844 1862 τὴν
862 1814 1012 1863 ἄγκυραν
1030 1814 1117 1864 Σοφ.
1136 1816 1260 1864 ἰσχάδα

245 1860 429 1909 κέκληκεν,
450 1860 507 1897 διὰ
522 1862 562 1897 τὸ
577 1861 737 1909 κατέχειν
754 1863 817 1909 τὴν
834 1866 915 1898 ναῦν
931 1875 937 1881 ·
975 1861 1107 1899 Ναῦται
1125 1862 1151 1898 δ’
1169 1865 1260 1912 ἐμη-

248 1908 391 1956 ρύσαντο
414 1909 497 1956 νηὸς
525 1908 650 1957 ἰσχάδα
675 1913 716 1943 fr.
744 1912 810 1943 inc.
841 1908 908 1944 699
934 1912 1021 1953 apud
1046 1913 1258 1946 Athenaeum

245 1968 280 2000 p.
301 1953 346 2001 99
364 1958 406 1998 d,
434 1958 525 1991 unde
550 1959 651 1990 habet
675 1958 773 1990 Eust.
802 1969 836 2000 p.
860 1956 966 2000 1944,
991 1956 1048 1992 26.
1094 1962 1167 1992 Vox
1193 1966 1278 1992 tam.

246 2005 472 2046 tenebricosa,
499 2008 539 2037 ut
555 2015 621 2038 non
638 2006 782 2037 multum
802 2006 905 2038 distet
921 2017 940 2038 a
956 2008 1109 2047 Dionysii
1127 2009 1261 2048 tyranni
1276 2038 1278 2044 ,

246 2049 408 2098 παρθένῳ
427 2050 603 2098 μενάνδρῳ
623 2056 657 2085 et
675 2050 884 2099 μυστηρίοις.

315 2107 376 2145 'Ie
417 2108 520 2156 ὖρός
551 2111 694 2144 validus.
739 2111 786 2149 ὡς
819 2107 913 2158 ἄνδρ’
944 2110 1032 2147 ἑλών
1062 2111 1095 2159 μ’
1121 2112 1259 2162 ἰσχυρόν
1276 2116 1278 2146 l

246 2158 308 2191 Ph.
336 2121 408 2192 94}
446 2160 539 2200 quasi
567 2159 691 2190 viribus
722 2161 876 2192 valerem.
929 2161 978 2192 De
1006 2165 1144 2193 accentu
1168 2154 1259 2193 *nihil

245 2206 394 2245 ambigui
410 2210 446 2238 et
462 2207 589 2238 notavit
605 2206 682 2238 Arc.
703 2216 737 2247 p.
758 2203 815 2248 95,
837 2204 869 2239 6.

315 2258 347 2298 '1
359 2257 437 2312 σχύ
447 2276 463 2302 ς
487 2265 549 2305 vio,
569 2274 646 2302 cum
660 2266 803 2306 corporis
817 2268 889 2297 tum
901 2266 976 2298 alia.
1004 2265 1026 2312 ἦ·
1046 2265 1115 2312 μὴν
1131 2264 1154 2312 ἢ
1168 2265 1259 2314 λόγῳ

245 2309 421 2350 πείσαντες
445 2308 535 2350 ἄξειν
609 2310 693 2358 πρὸς
717 2310 835 2360 ἰσχύος
859 2312 985 2358 κράτος
1011 2313 1071 2346 Ph.
1100 2310 1180 2346 594.
1213 2316 1255 2346 cf.

245 2359 394 2392 Brunck.
414 2359 455 2392 ad
472 2359 555 2391 Ant.
598 2355 631 2392 Ο.
673 2359 791 2392 Elmsl.
813 2360 852 2392 ad
870 2361 959 2393 Med.
980 2357 1059 2393 525.
1101 2361 1254 2394 Merrick.

245 2416 299 2448 ap.
319 2406 489 2439 Wernick.
510 2406 551 2438 ad
568 2406 748 2448 Tryphiod.
769 2417 803 2448 p.
824 2403 904 2441 299.
943 2405 1054 2455 φθίνει
1081 2407 1142 2453 μὲν
1163 2407 1259 2455 ἰσχὺς

244 2455 327 2499 γῆς,
358 2450 469 2500 φθίνει
486 2451 524 2486 δὲ
542 2453 701 2499 σώματος
720 2453 775 2487 Oc
794 2451 874 2487 610.
921 2455 1033 2487 Corais
1050 2456 1127 2487 olim
1147 2457 1260 2488 conie-

245 2504 341 2533 ctura
363 2501 431 2533 fuit
452 2497 486 2538 ἴς
510 2498 647 2547 ψυχῆς,
677 2502 824 2534 refutata
848 2503 906 2534 illa
923 2513 941 2534 a
959 2502 1090 2534 Schaef.
1113 2504 1189 2535 mel.
1212 2514 1255 2535 cr.

244 2557 278 2588 p.
300 2544 357 2580 46.
402 2545 489 2593 ὁρᾷς
511 2546 576 2594 τὴν
602 2544 692 2581 θεῶν
721 2547 818 2596 ἰσχὺν
836 2547 919 2595 ὅση;
949 2550 1003 2581 Ai.
1027 2547 1105 2582 118.
1151 2547 1260 2588 οὕτως

246 2592 319 2642 ἔχει
342 2603 375 2628 τι
401 2593 508 2628 δεινὸν
535 2593 545 2628 ί
592 2592 652 2633 ύος
676 2591 823 2641 θράσος,
851 2596 914 2628 Ph.
939 2593 1004 2628 104
1028 2598 1191 2629 obiective
1209 2599 1261 2629 di-

245 2646 355 2674 ctum:
383 2643 505 2674 virium
524 2642 546 2684 fi
570 2644 658 2675 noia.
702 2644 790 2676 Num
808 2654 827 2677 υ
859 2644 895 2675 in
923 2644 1052 2676 casibus
1078 2644 1259 2684 trisyllabis

245 2692 410 2731 perpetuo
427 2690 642 2731 corripiatur,
672 2691 759 2722 sicut
775 2691 908 2723 Passov.
929 2691 1029 2732 dicit,
1054 2692 1192 2724 dubium
1210 2694 1261 2724 vi-

247 2736 378 2778 deatur,
391 2737 523 2778 quando
541 2738 616 2778 quis
633 2737 721 2769 idem
739 2738 775 2769 in
793 2739 892 2770 verbo
907 2735 1016 2786 ἰσχύω
1029 2739 1166 2779 produci
1180 2749 1259 2771 con·
1277 2737 1279 2764 ἲ

245 2783 452 2816 sideraverit.
488 2783 541 2815 De
566 2788 704 2816 accentu
730 2786 915 2825 generatim
937 2787 1100 2826 praecipit
1125 2787 1201 2818 Arc.
1222 2797 1255 2828 p.
1277 2781 1279 2823 ἔ
1299 2794 1419 2844 ἔχεις
1444 2797 1540 2829 Brek·
1571 2807 1599 2829 0,
1629 2797 1729 2828 Triol,
1774 2797 1826 2828 De
1859 2806 1926 2837 qua
1954 2797 2129 2828 verborum
2155 2795 2190 2828 in
2234 2793 2242 2819 ι

1277 2861 1278 2896 γ
1298 2844 1493 2876 confusione
1511 2855 1542 2875 V.
1564 2843 1679 2875 Herm.
1701 2844 1741 2875 ad
1758 2844 1819 2876 Ph.
1840 2841 1920 2876 830.
1944 2860 1984 2866 —-
2020 2843 2072 2875 De
2090 2841 2200 2882 forme
2214 2850 2234 2871 v
2252 2881 2254 2883 Ι

1277 2897 1404 2923 lunum
1430 2891 1656 2924 adnotandum
1684 2891 1770 2931 quod
1793 2894 1981 2923 monstrum
2005 2889 2196 2931 imperativi
2221 2910 2247 2934 ·--.

1252 2933 1260 2946 '
1296 2939 1420 2978 legitur
1444 2937 1498 2970 OC
1521 2934 1609 2970 1169
1627 2938 1663 2968 in
1681 2938 1750 2969 cod.
1773 2938 1831 2971 LA
1848 2938 1934 2970 aliis.
1963 2938 2021 2968 LB
2037 2934 2135 2983 ἴσχε,
2163 2944 2220 2977 qu·
2235 2949 2247 2970 *.
2285 2975 2288 2977 st

246 2826 302 2871 92,
324 2826 366 2863 8:
388 2831 448 2863 sed
465 2840 504 2863 ea
520 2831 636 2870 regula
652 2841 727 2864 cum
746 2833 850 2864 altera
866 2842 900 2873 p.
922 2829 978 2873 9'1,
1000 2829 1021 2864 9
1038 2837 1177 2874 pugnat,
1199 2843 1260 2865 nec

245 2877 428 2919 quidquam
444 2878 481 2909 in
498 2887 537 2910 eo
553 2887 675 2918 genere
692 2880 775 2911 certi
793 2880 953 2911 constitui
971 2883 1092 2921 potest.

313 2929 374 2970 Ἰσ
417 2932 475 2969 ύω
507 2937 632 2969 viribus
655 2938 758 2970 valeo.
804 2938 856 2970 De
882 2938 1034 2970 homine:
1072 2935 1179 2985 ἔγωγε
1205 2949 1223 2972 σ

244 2980 393 3017 ἔλειπον
410 2979 559 3031 σχύοντοί
574 2995 611 3016 τε
628 2982 687 3017 καὶ
705 2982 817 3024 ζῶντα
833 2983 892 3018 καὶ
910 2982 1084 3020 θάλλοντα
1102 2986 1158 3018 Tr.
1175 2983 1220 3018 23
1248 3011 1255 3025 ,

244 3030 332 3071 quod
358 3031 530 3063 nonnullis
553 3031 758 3063 abundantia
773 3032 921 3064 laborare
939 3028 1060 3064 visum.
1106 3030 1141 3069 ὃς
1161 3030 1260 3078 μέγι-

245 3087 321 3110 στον
346 3074 467 3124 ἴσχυσε
486 3080 628 3124 στρατοῦ
647 3079 702 3110 Ai.
725 3075 804 3110 502.
843 3077 922 3112 ὅταν
942 3076 979 3113 δέ
994 3090 1044 3116 τις
1062 3076 1152 3113 θεῶν
1172 3078 1258 3124 βλά-

316 3149 324 3164 ,
345 3120 469 3157 δύναιτ’
487 3121 528 3158 ἂν
546 3119 618 3158 οὔδ’
635 3122 674 3158 ἂν
695 3123 823 3172 ἰσχύων
842 3123 875 3170 [ὁ
890 3123 1019 3160 σθένων
1034 3127 1119 3158 coni.
1138 3127 1256 3159 Heim-
1274 3159 1276 3168 ,

244 3179 299 3203 soe
316 3168 371 3215 h.]
387 3173 506 3218 φυγεῖν
524 3172 578 3204 El.
593 3168 672 3204 697.
702 3170 780 3206 ὅσον
800 3170 927 3219 ἰσχύεις
940 3174 995 3206 Ai.
1011 3169 1112 3205 1409.
1135 3174 1186 3206 De
1200 3183 1253 3206 re:
1274 3169 1276 3174 ’

243 3214 396 3262 τάληθὲς
423 3215 487 3264 γὰρ
514 3216 524 3251 ἰ
571 3220 631 3252 ῦον
656 3217 772 3266 τρέφω
798 3220 856 3252 OR
881 3217 959 3253 356.
1015 3216 1166 3266 τάληθὲς
1191 3219 1258 3254 αἰεὶ

245 3261 404 3299 πλεῖστον
424 3262 534 3312 ἰσχύει
573 3263 654 3312 όγου
672 3268 712 3298 fr.
733 3267 799 3298 inc.
821 3263 901 3300 691.
929 3269 969 3299 In
984 3267 1064 3299 Oed.
1085 3268 1107 3299 l.
1130 3277 1157 3299 c.
1179 3269 1257 3299 olim

246 3308 257 3342 ἰ
305 3308 364 3345 ύον
389 3312 613 3352 scribebatur,
641 3313 728 3354 quod
754 3314 966 3354 redarguitur
990 3315 1101 3346 Aiacis
1126 3315 1195 3346 loco
1220 3325 1251 3346 V.

1276 2389 1278 2404 l
1296 2369 1374 2419 ἴσχε
1389 2372 1450 2404 Ph.
1464 2369 1546 2404 807.
1574 2370 1604 2404 εἰ
1621 2369 1648 2404 δ’
1667 2369 1780 2404 οἶκτον

247 3354 263 3388 1
315 3355 347 3390 9.
375 3356 523 3403 [Vitiosa
546 3360 582 3392 in
607 3361 667 3392 LA
693 3358 858 3407 ἰσχύουσα
874 3361 925 3393 El.
947 3358 1034 3402 242,
1065 3359 1174 3408 ἰσχύω
1191 3361 1252 3394 Ph.

246 3400 367 3450 1094]
391 3415 422 3437 v,
442 3402 546 3452 ἴσχω.

1312 1000 1327 1043 ΙΙ
1344 994 1432 1033 Hinc
1458 1001 1607 1041 capiendi
1632 1005 1662 1032 et
1683 1001 1814 1034 tenenda·
1832 1006 1902 1034 orta
1920 1002 2130 1042 significatio.
2166 999 2225 1035 τὸν
2263 1008 2279 1036 τ’

1296 1045 1448 1086 ἄπλατος
1477 1045 1568 1095 ἴσχει
1598 1049 1652 1083 Ai.
1681 1045 1749 1081 256
1776 1050 1828 1081 ch.
1866 1050 1984 1082 vitiose
2010 1049 2172 1091 quaedam
2197 1059 2250 1081 am-

1298 1093 1380 1143 ἔχει.
1410 1096 1454 1127 Et
1470 1097 1586 1128 tralata
1604 1096 1849 1136 significatione
1867 1094 1948 1130 αύτό
1967 1107 2026 1142 μοι
2041 1093 2157 1140 λαβὼν
2176 1093 2241 1129 ἐπ·
2264 1105 2267 1108 ·

1298 1154 1374 1187 μον,
1399 1139 1450 1177 Εὐ
1475 1141 1608 1183 ύσακες,
1638 1140 1716 1189 ἴσχε
1733 1141 1872 1187 (σάκος)
1889 1145 1945 1176 Ai.
1967 1141 2034 1176 575
2058 1144 2162 1176 retine
2180 1145 2216 1176 in
2269 1142 2271 1145 ⁴

1296 1200 1399 1222 serva.
1445 1153 1525 1225 ἐξεὸν
1552 1188 1591 1223 ού
1618 1188 1711 1235 λήξω
1729 1189 1813 1224 ποτὲ
1830 1189 2021 1237 προστάταν
2038 1188 2150 1237 ἴσχων
2167 1189 2227 1223 OR
2245 1191 2263 1219 ἓ*

1297 1238 1347 1270 ch.
1370 1247 1435 1271 non
1454 1237 1557 1285 ἔχων,
1583 1238 1639 1269 sed
1658 1235 1706 1275 εἰς
1724 1235 1777 1271 ἀεὶ
1794 1236 1897 1284 ἔχων.
1922 1257 1961 1262 -
1981 1238 1995 1280 11
2012 1238 2095 1271 Inde
2113 1238 2246 1279 ireque
2267 1240 2269 1242 ’

1295 1285 1336 1317 de
1353 1286 1498 1317 sensibus
1516 1286 1619 1317 animi
1637 1286 1962 1318 circumlocutiones.
2008 1283 2030 1318 ἂ
2046 1283 2106 1318 καὶ
2123 1283 2160 1318 σὲ
2181 1282 2245 1318 ἐλπ

1275 1330 1386 1378 ’λέγω
1411 1327 1484 1366 τάδ’
1509 1330 1581 1365 αἰὲν
1607 1329 1717 1378 ἴσχειν
1737 1332 1790 1364 Tr.
1816 1329 1881 1364 137
1900 1333 1952 1364 ch.
1983 1341 2049 1366 non
2075 1329 2224 1371 ἐλπίζειν
2255 1343 2267 1374 >3

1297 1378 1456 1424 ἐμμεῖναι
1481 1381 1558 1417 ταῖς
1585 1377 1724 1412 ἐλπίσιν.
1753 1373 1838 1412 ἀλλ’Ι
1854 1377 1932 1426 ἴσχε
1953 1378 2069 1424 κάμοῦ
2091 1378 2270 1424 μνῆστινῇ

1296 1424 1363 1459 520
1388 1437 1454 1459 non
1482 1423 1674 1472 μνήσθητι,
1705 1427 1764 1458 sed
1790 1424 1876 1465 σῶζε
1899 1424 2027 1472 μνείαν.
2065 1426 2129 1460 Sed
2155 1424 2185 1460 εἰ
2203 1428 2266 1466 σι)ν

1275 1477 1276 1509 l
1296 1471 1344 1507 ὅδ’
1368 1473 1456 1520 ἀνὴρ
1486 1472 1556 1508 οὐδ’
1581 1472 1636 1507 ἐπὶ
1666 1478 1818 1531 σμικρῶν
1843 1471 1955 1520 λόγων
1979 1470 2026 1508 ἔτ’
2050 1472 2143 1521 ἴσχει
2167 1467 2273 1520 μνῆι

1298 1518 1398 1554 1269.
1443 1519 1485 1554 τὰ
1509 1519 1537 1554 δ’
1563 1520 1597 1554 ἐν
1624 1519 1719 1567 μέσῳ
1743 1532 1766 1566 η
1793 1519 1912 1565 λῆστιν
1938 1519 2048 1568 ἴσχεις
2074 1521 2129 1555 OC
2153 1518 2221 1554 584

1297 1567 1506 1614 ἐπιλέλησαι,
1534 1569 1593 1600 sed
1611 1566 1771 1612 οὐδαμῶς
1789 1566 1878 1613 μέμν
1907 1578 1971 1602 σαι.
2009 1570 2060 1600 De
2078 1572 2269 1601 structura

1296 1616 1424 1648 Schaef.
1456 1609 1484 1662 ᾧ
1510 1614 1618 1649 πίστιν
1644 1613 1753 1662 ἴσχων
1776 1579 2098 1663 τήνδ’Ίέχειρούμ-ην
2116 1613 2224 1661 ἄγραν
2246 1616 2252 1642 ῑ

1276 1666 1278 1674 ’
1295 1663 1410 1703 fretus.
1448 1665 1550 1695 Paulo
1580 1664 1677 1694 aliter
1701 1663 1828 1695 dictum
1852 1660 1950 1708 εἴπερ
1974 1661 2063 1711 ἴσχει
2091 1660 2180 1704 Ζεὺς
2205 1659 2250 1704 ἔτ’

1297 1709 1381 1755 ἐμοῦ
1407 1708 1508 1756 σέβας
1535 1711 1616 1742 Ant.
1638 1706 1707 1742 304
1731 1720 1797 1742 non
1824 1707 2005 1755 σεβίζεται,
2035 1720 2222 1753 quanquam
2254 1744 2256 1746 ,

1295 1759 1424 1800 simile,
1453 1759 1512 1790 sed
1537 1756 1636 1796 σώζει
1658 1756 1721 1802 τὴν
1742 1756 1846 1802 τιμὴν
1865 1755 1913 1795 εἰς
1930 1755 1993 1791 ἀεί.
2023 1758 2037 1800 ΙΙ
2061 1757 2148 1791 Sunt
2162 1758 2259 1799 alia,

1296 1806 1417 1846 quibus
1439 1803 1548 1852 ἴσχειν
1573 1809 1606 1836 et
1631 1802 1721 1850 ἔχειν
1747 1805 1860 1836 habere
1878 1805 1935 1837 vix
1954 1805 2149 1839 discrimine
2167 1814 2249 1838 cet

1297 1856 1351 1884 tur
1368 1854 1448 1885 ullo.
1485 1854 1586 1886 τανῦν
1606 1850 1643 1885 δὲ
1662 1849 1784 1885 δοῦλον
1802 1849 1958 1909 ἴσχουσιν
1977 1850 2049 1897 βίον
2069 1853 2123 1884 Τι’.
2146 1848 2223 1890 302.
2245 1886 2258 1899 ,Ι

1277 1898 1426 1946 ’φορβὰν
1455 1898 1503 1933 ἔτι
1528 1898 1749 1945 προσφέρων,
1781 1910 1820 1932 ου
1844 1903 1981 1934 πτανῶν
2007 1893 2064 1932 ἀπ’
2083 1896 2210 1944 ἐμῶνὸ
2240 1934 2244 1937 ,

1277 1954 1280 1972 ⁵
1295 1950 1475 1993 κραταιαῖς
1493 1945 1579 1992 μετὰ
1595 1945 1712 1994 χερσὶν
1730 1944 1745 1979 ἴ
1794 1957 1841 1980 ων
1854 1946 1915 1979 Ph.
1935 1944 2022 1979 1111
2039 1957 2082 1979 m.
2105 1947 2222 1980 habena
2236 1946 2244 1954 ¹

1293 1997 1429 2035 potitus.
1469 1993 1543 2031 δέος
1560 1992 1674 2040 ἴσχετε
1692 1985 1800 2039 μηδεν
1820 1991 1859 2026 ὅσ
1886 1991 1980 2026 αὐδῶ
1998 1994 2053 2026 OC
2071 1990 2139 2026 223
2157 1993 2208 2026 ch.
2246 2014 2249 2015 ν

1298 2041 1347 2087 μὴ
1374 2040 1518 2087 δείσητε.
1563 2042 1607 2077 Et
1631 2042 1823 2075 huiusmodi
1848 2050 1924 2073 cum
1950 2042 2142 2078 nominibus
2167 2042 2194 2073 c'
2221 2054 2255 2075 1¹:

1277 2111 1278 2114 η
1296 2090 1480 2121 locutiones
1501 2090 1610 2121 variae
1625 2092 1724 2120 sunt:
1749 2092 1822 2133 μῶν
1836 2085 1940 2133 ἄλγος
1954 2085 2114 2135 ἴσχεις...
2131 2099 2138 2128 ;
2162 2087 2223 2123 Ph.
2256 2103 2260 2115 ι

1297 2136 1365 2168 cod.
1387 2138 1474 2169 Ven.
1495 2134 1605 2183 ἴσχει,
1635 2137 1688 2167 cui
1706 2139 1891 2176 repugnat,
1920 2137 2009 2176 quod
2026 2135 2113 2167 Phil.
2134 2145 2253 2176 respv‘

1297 2180 1336 2216 οὐ
1362 2180 1435 2229 δῆτ’
1455 2177 1572 2229 ἔγωγὲ.
1612 2184 1663 2214 Ita
1679 2181 1711 2216 τί
1729 2180 1755 2216 δ’
1773 2180 1876 2228 ἄλγος
1894 2179 1908 2215 ἴ
1957 2180 2022 2216 οντ’
2041 2180 2075 2216 ἐν
2092 2183 2216 2219 κακοῖς
2232 2177 2248 2226 [
2285 2227 2287 2230 .

1296 2241 1376 2268 παις
1394 2229 1517 2275 Dind.]
1537 2241 1578 2275 με
1596 2228 1804 2275 λαμβάνεις;
1824 2230 1881 2262 OR
1902 2227 1917 2261 1
1972 2228 2001 2262 1.
2045 2229 2184 2275 γνώμαν
2201 2225 2239 2266 ’ί-
2256 2237 2259 2239 ’

1296 2274 1438 2310 Ρ1ι.837
1449 2279 1500 2310 ch.
1530 2275 1568 2311 ού
1586 2277 1725 2323 γνώμαν
1741 2275 1923 2323 ἴσχεις...;
1947 2277 1999 2315 El.
2020 2274 2090 2309 214
2105 2278 2126 2308 i.
2141 2286 2222 2357 q'gt
2259 2316 2275 2326 ,Ἴ

1820 2335 1849 2356 ν.
1871 2321 1896 2356 ἴ.
1919 2324 1980 2357 P-h.
2001 2321 2070 2357 853
2087 2324 2138 2356 ch.
2206 2322 2257 2357 άἸ

1799 2336 1909 2418 ἴσχεις
1928 2371 1983 2404 Tr.
1996 2368 2062 2404 801
2079 2384 2123 2399 =
2138 2349 2256 2404 oimff

1296 2416 1340 2464 ἢν
1356 2418 1393 2452 δέ
1410 2430 1469 2452 του
1489 2417 1607 2452 σπάνιν
1621 2412 1681 2452 τίν’
1696 2416 1799 2466 ἴσχῃς
1811 2419 1866 2451 OC
1880 2415 1960 2450 506.
1990 2416 2132 2452 αἰτοῦσα
2148 2416 2226 2455 τοὺς

1295 2463 1424 2513 χθονὸς
1461 2464 1635 2512 ξύγγνοιαν
1671 2463 1779 2513 ἴσχειν
1807 2467 1889 2499 Ant.
1920 2462 1964 2497 66
1993 2466 2016 2497 i.
2047 2475 2078 2507 q.
2111 2462 2231 2512 ξυγγν
2257 2469 2262 2506 ᾗ

1297 2511 1592 2598 ιιὲ”ῖ;ιῑ”..ξ“χ“”
1616 2510 1809 2592 {zita
1821 2510 2039 2604 aaa&
2055 2509 2170 2597 ²2⁵³?
2240 2529 2253 2581 s

1299 2609 1433 2650 scripsit
1450 2605 1572 2652 Dind.]
1590 2609 1708 2640 merito
1726 2617 1753 2639 c.
1775 2607 1890 2640 Herm.
1913 2570 2183 2648 Elmslssecepit

1297 2335 1387 2362 σκεις
1413 2329 1448 2357 et
1464 2323 1494 2358 εἰ
1510 2322 1635 2358 ταύταν
1651 2322 1781 2357 τούτων

1277 2684 1279 2698 ,
1297 2652 1328 2687 εἴ
1351 2652 1410 2688 τιν’
1436 2652 1577 2692 οἴσεις
1603 2653 1686 2699 πρὸς
1713 2652 1798 2699 ἐμὰν
1816 2653 1961 2702 λέσχαν,
1990 2656 2018 2686 si
2035 2654 2113 2696 quid
2129 2663 2160 2685 aa
2175 2663 2218 2689 r«

1297 2712 1410 2742 surus,
1439 2703 1526 2743 quod
1550 2703 1585 2734 in
1605 2702 1662 2733 LA
1687 2702 1841 2742 vulgatae
1859 2700 1948 2749 ἔχεις
1967 2702 2244 2743 superscriptum·
2262 2740 2267 2748 Ι

1297 2750 1334 2781 ιιι
1351 2750 1412 2782 Ph.
1436 2746 1522 2782 1131
1542 2760 1586 2781 ιιι.
1615 2750 1740 2781 iniuria
1765 2747 1892 2794 φρένας
1916 2746 1948 2782 εἴ
1970 2759 2062 2786 τινας
2086 2746 2240 2795 ἴσχεις,

1296 2985 1424 3018 hiatum
1450 2995 1517 3017 non
1542 2985 1748 3023 admittitur,
1779 2985 1836 3016 ΡΑ
1858 2982 2014 3030 ἐπίσχες,
2044 2993 2087 3016 ex
2103 2985 2230 3023 interp

1295 3033 1397 3073 tione,
1421 3033 1520 3065 simul
1539 3035 1718 3072 anapaesto
1735 3032 1771 3062 in
1789 3033 1979 3063 trimetrum
1996 3032 2108 3071 illato,
2134 3029 2188 3066 PT
2205 3026 2239 3066 F
2252 3026 2283 3070 fs

1294 3077 1400 3126 εἶχες.
1430 3080 1566 3111 Heathii
1593 3078 1784 3110 coniectura
1808 3088 1855 3125 oy
1868 3076 1911 3115 ές
1937 3081 2071 3119 recepta
2089 3080 2140 3110 est
2155 3077 2195 3108 ab

1295 3127 1413 3159 Elmsl.
1430 3123 1587 3170 [Dind.];
1616 3123 1753 3172 ἴσχες,
1776 3120 1944 3158 Brunckio
1962 3126 2156 3157 damnatum
2169 3122 2207 3157 sd
2231 3122 2288 3166 ‘fij

1293 3170 1374 3213 832,
1403 3175 1618 3206 Hermannus
1638 3173 1809 3213 defendit,
1831 3174 1957 3213 quippe
1974 3171 2163 3204 recitationi
2178 3176 2249 3211 ap
2286 3193 2288 3197 .

1295 3220 1346 3252 Cf.
1369 3218 1467 3267 ἔχω.
2026 3217 2058 3261 (1
2074 3228 2107 3259 p.
2129 3213 2208 3256 854,
2233 3209 2287 3277 :j

1356 3305 1499 3350 Ἴσως.
1521 3313 1534 3354 ΙΙ
1549 3301 1684 3352 pariter.
1718 3307 1811 3357 ἥκει’
1844 3311 1885 3358 ἀρ
1909 3310 1949 3356 (ἡ
1976 3309 2092 3354 νόσος)
2108 3307 2164 3343 διὰ
2178 3290 2282 3358 ff,

1293 3357 1452 3400 πλάνοις,
1483 3357 1567 3396 ἴσως
1601 3359 1647 3396 ὡς
1675 3324 1871 3404 ἐξεπλήσθη
1893 3359 1952 3390 Ph.
1975 3356 2044 3390 758
2070 3355 2171 3402 [ἴσοις
2208 3359 2226 3391 ⁸.
2247 3388 2282 3413 ἕ

1293 3417 1320 3439 c.
1343 3404 1460 3451 Both]
1503 3406 1612 3439 Schol.
1650 3403 1745 3446 ἴσως,
1785 3405 1839 3440 ὅτε
1875 3403 2044 3451 ἐκορέσθη
2076 3402 2195 3440 πλανω
2240 3449 2265 3472 ἡ
