2288 3600
279 131 374 180 136

273 243 733 327 (1125τ5ηίιδέεοαιθὲωθίέξέιῗίέ
748 257 987 335 ῐθεεῖοίιέἱηοᾶἰί
1013 253 1059 327 i}
1075 257 1123 327 εὸιὲ
1141 243 1212 340 γῖόὶῖρ1
1225 246 1288 326 οῗζ

275 341 338 388 μὸς
351 340 463 388 βίοτος
479 341 566 374 ὥστε
591 338 768 386 θαυμάσαι
793 341 848 373 ΕΙ.
870 338 948 373 393.
973 359 1076 373 —.-—
1095 341 1109 383 ΙΙ
1127 343 1196 372 Iam
1215 341 1287 372 sin-

274 391 352 430 gula
369 390 409 421 de
427 391 583 421 sermonis
599 390 635 420 in
652 389 713 420 hac
730 389 892 430 particula
905 391 1104 429 proprietate
1121 387 1288 421 afferenda

275 441 374 469 sunt:
412 437 426 479 ΙΙ
469 436 645 469 Sententia
670 436 946 468 demonstrandae
964 438 1018 468 vel
1044 436 1210 477 copiosius
1228 445 1289 466 ex-

273 485 448 527 ponendae
471 485 519 516 rei
546 484 728 515 constituta
753 484 838 515 solet
866 484 1003 524 quidem
1033 485 1087 515 vel
1119 483 1290 525 praemitti

274 533 328 563 vel
346 532 467 564 subiici
484 531 582 562 alteri
607 529 700 574 (nam
718 531 943 570 interrogandi
961 532 1120 563 formulae
1145 532 1180 562 in
1199 530 1290 561 huno

274 589 414 611 censum
438 588 505 610 non
523 576 704 622 veniunt):
734 587 978 619 nonnunquam
997 583 1110 610 autem
1128 578 1290 609 inseritur

273 627 421 658 mediae:
450 627 509 659 νῦν
528 619 569 667 δ’,
593 623 640 663 είς
659 623 696 658 σὲ
735 623 776 670 <ip
795 623 932 670 πομπόν
949 636 985 658 τε
1002 624 1126 659 καύτὸν
1145 621 1288 670 ἄγγελον

273 671 365 754 ἑκω,
387 671 425 707 σὺ
444 677 553 706 σῶσον
578 673 638 704 Ph.
661 669 706 704 50
736 698 742 704 .
771 670 838 717 ἐγώ
866 683 901 705 σε
917 666 1018 713 τοῦτ’,
1041 671 1125 710 ’ίσως
1143 671 1207 719 γὰρ
1226 670 1289 704 οὐκ

297 719 444 761 κ’κοας,
479 721 546 761 πᾶν
581 717 748 760 ἐκδιδάξω
783 717 861 752 603.
890 722 949 753 νῦν
984 714 1025 761 δ’,
1054 717 1192 764 ὕστερος
1225 717 1288 764 γὰρ

274 766 374 805 ἀστος
392 766 440 805 εἰς
458 765 581 804 ἀστοὺς
597 764 699 808 τελῶ,
727 765 808 812 ὑμῖν
833 771 1007 813 προφωνῶ
1026 767 1083 798 OR
1099 764 1179 800 222.
1202 764 1286 806 οὐδ’,

275 814 304 848 εἰ
321 814 384 862 γὰρ
409 813 453 860 ἦν
476 814 514 848 τὸ
532 816 674 859 πρᾶγμα
693 813 742 859 μὴ
768 812 949 860 θεήλατον,
979 812 1174 860 ἀκάθαρτον
1200 812 1290 860 ὑμᾶς

273 861 366 900 εἰκὸς
390 859 434 907 ἦν
461 859 571 896 οὕτως
587 859 646 895 ἐᾶν
664 859 744 894 255.
775 859 848 902 οὐκ,
878 861 906 895 ὧ
923 867 1040 895 κακῶν
1058 862 1210 903 κάκιστε,
1231 860 1290 895 καὶ

271 908 341 991 332
361 907 404 990 ἂι
425 903 1012 994 iffae-1,iia..÷’⁶vi}.3{{3²f‘22’
1042 907 1285 956 ἐ

275 1003 378 1042 ἱκέτις
396 967 424 1038 ἄ
445 1006 544 1050 ῖγμαι
559 1000 639 1036 919.
658 1001 743 1050 αὕτη
762 998 790 1037 δ’
807 1002 903 1046 ἴσως,
926 969 1046 1050 ’φροᾨέῖ
1062 983 1125 1051 wip
1144 967 1288 1050 ἄκξγυνῆ

277 1050 376 1098 μέγα,
397 1015 461 1097 ἐἶν
480 1048 672 1097 δυσγένειαν
689 1050 753 1095 τὴν
771 1050 859 1097 ἐμὴν
879 1049 1074 1099 αἰσχύνεται
1094 1049 1194 1084 1078.
1217 1050 1291 1085 ἐπεὶ

277 1098 380 1144 μόνος
397 1098 510 1144 πατὴρ
535 1096 674 1132 ταύταιν
692 1096 865 1145 λέλειψαι,
894 1099 943 1132 νὼ
960 1098 1023 1145 γὰρ
1043 1097 1222 1144 ὀλώλαμεν
1241 1096 1290 1131 δύ’

274 1145 349 1180 ὄντε
368 1145 417 1192 μή
445 1157 508 1192 σφε
526 1143 681 1193 περιίδῃς
701 1144 803 1178 1504.
826 1140 960 1187 ἄπελθ’,
982 1145 1050 1192 ἐρῶ
1068 1145 1132 1193 γὰρ
1148 1145 1207 1180 καὶ
1225 1145 1290 1191 πρὸ

274 1192 401 1235 τῶνδε,
430 1191 520 1239 μηδέ
547 1204 589 1238 με
614 1191 766 1239 φύλασσε
783 1194 838 1226 OC
855 1191 935 1225 811.
958 1193 986 1227 ὦ
1005 1189 1147 1240 φίλτατ’,
1184 1192 1289 1240 ἔγνων

273 1240 339 1288 γὰρ
355 1240 394 1275 τὸ
411 1239 653 1288 προσφώνημά
678 1251 757 1283 σου,
785 1238 942 1274 πέπονθα
965 1239 1056 1275 δεινά
1073 1239 1154 1274 891.
1181 1240 1220 1275 σὺ
1247 1235 1287 1282 δ’,

274 1287 305 1323 εἶ
327 1287 391 1335 γὰρ
410 1288 448 1322 οὐ
468 1286 598 1325 δίκαιος
611 1282 804 1329 ...,τοιαῦτ’
822 1286 993 1327 ὀνειδίζεις
1016 1300 1058 1333 με
1074 1286 1173 1322 τῶνδ’
1191 1287 1290 1322 ἐναν-

273 1334 345 1370 τίον
361 1333 462 1369 1000.
510 1339 598 1382 ῶρον
618 1329 658 1377 δ’,
679 1333 806 1382 ἐπείγει
821 1334 885 1382 γάρ
905 1347 946 1380 με
964 1335 1048 1370 τούκ
1065 1334 1147 1370 θεοῦ
1165 1334 1285 1382 παρόν,

275 1382 463 1431 στείχωμεν
517 1381 560 1429 δη
580 1379 682 1415 1540.
702 1381 823 1427 κάμοί,
850 1381 941 1428 λέγω
989 1383 1030 1430 ἀρ
1047 1382 1151 1429 κάμέ,
1178 1381 1290 1430 κηρύ-

277 1429 356 1471 Εαντ
390 1430 482 1478 ἔγειν
508 1431 589 1463 Ant.
611 1427 667 1462 32.
690 1428 748 1463 ἐὰν
767 1429 804 1464 δέ
823 1442 876 1464 τοι
893 1429 965 1475 ληφ
994 1431 1079 1478 ῆ...,
1108 1434 1208 1465 τοῦτο
1226 1430 1289 1476 *ἀρ

275 1476 366 1526 τύχη
384 1473 504 1524 κρίνεῖ,
527 1475 591 1511 οὐκ
607 1471 678 1511 ἔσθ’
697 1476 790 1515 ὅπως
809 1476 885 1524 ὄψει
902 1476 981 1512 328.
1000 1465 1033 1512 ἐἰ
1060 1473 1087 1512 δ’
1105 1477 1175 1520 οὖν,
1197 1444 1291 1525 φιλεῖ

273 1525 338 1572 γὰρ
355 1528 456 1560 τοῦτο
475 1524 524 1584 μη
541 1522 639 1570 ταύτ,
669 1522 793 1570 ῥέπειν,
814 1524 873 1559 καὶ
890 1530 957 1560 τῶν
982 1525 1150 1573 λεγόντων
1170 1525 1207 1560 εὖ
1224 1537 1291 1560 κα-

273 1571 334 1608 λὸν
350 1572 388 1607 τὸ
407 1570 593 1618 μανθανειν
611 1536 692 1606 722.
711 1572 851 1607 τοιαῦτά
869 1583 940 1615 σου,
961 1572 1082 1612 λυπεῖς
1099 1573 1182 1620 γάρ,
1204 1573 1290 1607 ὥστε

277 1619 417 1667 τοξότης
444 1619 565 1667 ἀφῆκα
587 1618 780 1664 τοξεύματα
806 1618 906 1654 1084.
934 1624 1053 1663 ταῦτα,
1083 1620 1136 1654 δεῖ
1152 1620 1215 1667 γὰρ
1233 1620 1292 1655 καὶ

275 1666 314 1702 τὸ
331 1667 415 1713 πρὸς
433 1667 547 1702 κείνου
565 1665 685 1714 λέγειν,
707 1664 776 1701 οὔτ’
793 1665 866 1700 εἷπε
883 1667 1055 1715 κρύπτειν,
1089 1664 1157 1702 οὔτ’
1176 1668 1292 1715 ἀπηρ-

275 1712 368 1761 νήθη
388 1716 443 1748 Tr.
463 1712 544 1748 479.
567 1713 606 1749 σὺ
624 1719 770 1761 πρῶτος,
792 1715 820 1748 ὦ
838 1712 921 1758 Ζεῦ,
941 1715 999 1749 καὶ
1016 1714 1079 1763 γὰρ
1097 1715 1208 1758 εἰκός,
1229 1715 1292 1762 ἄρ-

277 1773 376 1796 κεσον
394 1764 449 1796 Ai.
471 1759 550 1796 822.
573 1761 602 1796 εἰ
628 1760 655 1796 δ’
673 1760 745 1802 οὖν,
774 1760 790 1796 ἐ
815 1765 842 1795 ῶ
861 1761 925 1808 γὰρ
943 1763 1002 1797 καὶ
1017 1763 1056 1797 τὸ
1075 1763 1150 1804 σόν,
1178 1766 1292 1797 κεῖνον

275 1807 388 1844 θέλων
414 1807 638 1857 ἐπωφελῆσαι
665 1810 719 1841 El.
742 1806 786 1842 57
815 1835 822 1842 .
850 1813 909 1844 νῦν
928 1808 967 1852 δ’,
995 1808 1111 1858 ἡμέρᾳ
1133 1810 1197 1857 γὰρ
1220 1808 1293 1859 τῇδ’

276 1854 503 1903 ἀπήλλαγμαι
516 1855 624 1904 φόβου
643 1856 726 1903 πρὸς
742 1855 837 1902 τῆσδ’
856 1856 988 1891 ἐκείνου
1005 1869 1091 1892 τε...
1104 1862 1162 1893 νῦν
1182 1857 1294 1906 ἕκηλά

275 1915 341 1938 που
365 1902 602 1950 ’ἡμερεύσομεν
629 1902 710 1938 783.
733 1922 837 1936 --.——
857 1908 871 1944 ΙΙ
895 1906 1029 1938 Deinde
1053 1905 1131 1952 γάρ
1157 1909 1294 1948 ponitur

277 1949 488 1997 ὑπερβάτως.
518 1953 621 1984 Levia
639 1956 719 1984 sunt
735 1951 773 1986 τὸ
812 1950 854 1999 ἀρ
873 1951 930 1986 σὸν
949 1950 1047 1998 ὄμμα
1073 1951 1177 1988 δεινὸν
1196 1953 1293 1999 ἀνδρὶ

276 1996 410 2046 δημότῃ
427 2001 510 2032 Ant.
531 1995 610 2032 690.
631 1999 668 2034 τὸ
685 1997 750 2046 γὰρ
769 2010 786 2032 σ
808 2011 837 2040 ν,
868 1998 907 2033 οὐ
924 1999 963 2034 τὸ
980 1998 1071 2034 τοῦδ’
1089 2000 1292 2048 ἐποικτείρω

276 2045 384 2092 στόμα
402 2047 459 2078 OR
476 2043 564 2088 671,
593 2048 657 2079 etsi
684 2046 740 2081 σόν
765 2049 925 2089 praeponi
948 2053 1084 2090 propter
1102 2052 1291 2082 sententiae

275 2095 344 2125 vim
362 2095 544 2135 oportebat.
575 2094 639 2127 Sed
656 2095 741 2126 illud
759 2095 986 2135 memorabile,
1014 2097 1101 2136 quod
1126 2107 1169 2128 ex
1194 2099 1290 2138 prin-

275 2142 376 2182 cipali
402 2142 571 2173 sententia
595 2142 630 2173 in
649 2142 878 2174 secundariam
896 2144 1059 2175 reiectum
1077 2142 1141 2189 γάρ
1166 2148 1217 2176 est
1233 2145 1290 2177 ΟΒ

274 2185 363 2221 255;
393 2182 464 2222 οὐδ’
486 2187 516 2221 εἰ
538 2187 602 2234 γὰρ
629 2186 673 2233 ἦν
696 2188 735 2223 τὸ
759 2191 901 2236 πρᾶγμα
927 2188 975 2236 μὴ
995 2187 1178 2236 θεήλατον,
1200 2190 1290 2226 ἀκοί-

274 2233 400 2315 θαὲτον
424 2233 513 2280 ὑμᾶς
538 2235 628 2273 εἰκὸς
651 2234 694 2281 ἦν
718 2233 826 2274 οὕτως
851 2235 929 2271 ἐᾶνε
966 2238 1083 2270 debuit
1107 2240 1198 2270 enim
1224 2241 1291 2272 dici

275 2281 314 2317 ού
339 2281 355 2316 ὲ
372 2280 436 2328 γὰρ
454 2281 495 2316 εἰ.
525 2283 589 2316 Sed
606 2284 754 2316 alienum
768 2288 830 2325 est,
853 2285 939 2327 quod
958 2286 1030 2317 Erf.
1051 2286 1091 2317 ad
1109 2287 1190 2318 Ant.
1206 2283 1286 2319 686.

273 2331 461 2371 adscripsit,
498 2327 521 2374 ἡ
550 2328 614 2377 γὰρ
647 2329 725 2377 πρὶν
751 2329 852 2365 αὐτὸν
882 2326 1020 2371 ἐξέπεισ’
1049 2330 1202 2373 ἀπαιδία,
1233 2335 1290 2366 OR

275 2374 377 2410 1024.
398 2375 476 2423 πρίν
495 2378 586 2409 enim
599 2380 828 2420 praepositum
846 2380 1018 2420 aliquanto
1035 2382 1168 2421 gravius
1187 2382 1286 2412 effer-

272 2429 378 2466 retur,
407 2434 506 2465 quam
536 2435 596 2466 par
619 2429 701 2458 erat.
722 2444 827 2459 —.—
846 2426 861 2469 ΙΙ
885 2427 949 2458 Est
973 2428 1032 2459 ubi
1056 2437 1121 2459 non
1146 2429 1287 2460 secundo

273 2472 356 2512 loco,
386 2472 445 2503 sed
469 2474 574 2513 tertio,
602 2476 726 2513 quarto,
761 2475 875 2515 quinto
899 2475 1046 2515 positum
1071 2476 1134 2507 sit:
1164 2476 1205 2507 de
1223 2486 1288 2517 qua

274 2527 309 2550 re
334 2520 554 2551 observarunt
577 2520 769 2552 Hemsterh.
799 2521 839 2553 ad
864 2522 946 2553 Luo.
966 2522 1054 2553 Dial.
1076 2523 1172 2554 Mort.
1195 2520 1228 2554 2.
1249 2534 1283 2564 p.

271 2562 352 2614 526.
369 2567 460 2607 Bip.,
481 2567 642 2599 Abresoh.
657 2568 766 2600 Lectt.
779 2568 883 2600 Arist.
901 2578 935 2610 p.
948 2565 1029 2609 255,
1051 2569 1181 2603 Schaef.
1203 2571 1282 2602 Mel.

271 2613 327 2645 Cr.
347 2623 381 2654 p.
400 2610 455 2653 76,
478 2614 581 2646 Naek.
602 2615 638 2646 in
657 2614 800 2647 Choeril.
818 2613 898 2657 p.5.
928 2616 1048 2648 Elmsl.
1070 2618 1109 2648 ad
1128 2617 1182 2649 OC
1204 2615 1281 2650 115.

269 2660 419 2692 Meinek.
440 2661 480 2692 ad
498 2661 673 2694 Menandr.
703 2672 737 2703 p.
759 2660 792 2694 7.
820 2663 1010 2695 Eximenda
1034 2674 1111 2696 vero
1129 2666 1285 2706 exempla

271 2716 309 2739 ea
325 2710 424 2748 sunt,
454 2718 538 2748 quae
557 2709 655 2740 aliter
670 2710 812 2750 positam
830 2711 1028 2751 particulam
1045 2711 1205 2743 exhibere
1224 2722 1285 2744 ne-

269 2755 422 2795 quibant,
443 2756 537 2786 velut
553 2760 628 2797 post
643 2758 925 2798 praepositionem
942 2761 977 2790 et
993 2768 1104 2790 casum
1118 2784 1125 2799 ,
1156 2753 1208 2805 ἐφ’
1234 2757 1285 2792 οἷς

269 2799 333 2847 γάρ
352 2801 409 2833 OR
426 2798 506 2834 569.
534 2800 614 2836 ἄνευ
638 2803 780 2850 γνώμης
804 2803 868 2850 γάρ
886 2804 941 2837 00
959 2802 1039 2838 599.
1070 2803 1105 2838 ἐν
1129 2808 1204 2839 τοῖς
1220 2805 1283 2853 γάρ

268 2849 351 2880 Ant.
372 2845 437 2880 661
451 2861 459 2890 ;
489 2850 542 2881 vel
558 2854 632 2890 post
647 2851 846 2891 particulam
863 2853 961 2884 aliam
978 2854 1014 2884 in
1032 2853 1199 2894 principio
1217 2864 1282 2885 non

269 2896 399 2927 solitam
416 2897 509 2937 poni,
530 2898 624 2928 velut
641 2895 659 2931 ὁ
679 2896 741 2942 μὲν
758 2896 823 2945 γάρ
841 2899 895 2932 Ai.
917 2896 998 2932 764.
1019 2897 1041 2932 ἃ
1059 2897 1122 2944 μὲν
1139 2899 1203 2947 γάρ
1223 2901 1278 2932 Tr.

269 2938 349 2974 350.
365 2960 406 2966 -
430 2943 533 2974 Tertio
551 2945 656 2984 igitur
672 2945 742 2977 loco
755 2947 901 2986 positum
918 2947 954 2978 in
972 2947 1025 2978 his
1043 2951 1173 2980 exstat:
1195 2958 1283 2993 προ-

268 2986 335 3034 βοᾷ
353 2999 386 3022 τι
417 2988 481 3036 γὰρ
515 2988 622 3024 δεινόν
648 2991 709 3023 Ph.
731 2989 800 3025 218
817 2993 893 3034 ch.,
929 2994 1017 3035 quod
1046 2998 1158 3026 contra
1182 2995 1282 3028 libros

272 3037 407 3078 scripsit
423 3037 546 3069 Wund.
568 3038 722 3072 advooato
740 3041 895 3081 exemplo
916 3042 997 3073 Eur.
1018 3042 1064 3073 ΙΤ
1085 3038 1194 3083 1036,
1223 3043 1282 3074 LA

267 3081 403 3129 προβοᾶ
425 3083 490 3131 γάρ
506 3094 538 3117 τι
556 3089 669 3117 contra
686 3096 835 3120 versum.
862 3086 911 3134 χὴ
929 3090 1012 3121 ναῦς
1027 3085 1071 3135 γὸ.
1109 3086 1179 3128 ἄξει
1197 3086 1278 3122 527.

265 3131 327 3164 τοῦ
351 3116 456 3165 πόνου
483 3130 547 3177 γάρ
572 3129 652 3165 887.
682 3130 760 3167 οὑπὶ
784 3133 841 3179 νηὶ
858 3134 922 3181 γάρ
939 3132 1019 3167 891.
1043 3131 1110 3169 ουτ’
1138 3134 1280 3170 ἔκτανον

265 3177 330 3223 γάρ
347 3177 404 3210 OR
421 3175 503 3211 277.
523 3176 620 3212 πόλει
639 3178 743 3226 μάχει
761 3180 825 3227 γάρ
842 3182 898 3215 OG
915 3179 996 3215 837.
1023 3181 1082 3216 σὺν
1100 3180 1199 3229 πόθῳ
1216 3182 1281 3230 γάρ

268 3221 370 3258 1106.
386 3223 430 3259 τὰ
447 3222 560 3259 πολλὰ
576 3225 640 3272 γάρ
656 3238 709 3260 τοι
727 3225 828 3261 1281.
850 3227 936 3262 ἑπτὰ
953 3226 1044 3277 λοχα
1068 3229 1099 3263 οὶ
1116 3229 1180 3276 γάρ
1194 3231 1276 3262 Ant.

266 3269 330 3304 141
351 3282 405 3304 an.
425 3269 468 3306 τὰ
486 3270 578 3306 δεινὰ
595 3273 659 3319 γάρ
677 3271 756 3307 243.
780 3274 846 3324 οὐχ
862 3274 926 3321 ἥδε
943 3276 986 3322 γά
1025 3241 1104 3311 762.
1133 3276 1171 3311 τὸ
1191 3289 1280 3322 μαν-

263 3318 359 3353 τικὸν
377 3318 442 3366 γάρ
462 3317 563 3352 1055.
583 3318 621 3354 τό
637 3315 667 3353 τ’
683 3319 835 3357 εἰκαθεῖν
852 3322 916 3370 γάρ
936 3322 978 3357 10
1005 3321 1036 3357 6.
1057 3322 1188 3358 τούτων
1207 3322 1279 3371 ἔχω

263 3365 328 3414 γάρ
353 3367 408 3399 Tr.
431 3365 510 3400 338.
540 3365 642 3415 γάρις
671 3368 772 3416 γάριν
797 3369 861 3416 γάρ
884 3372 940 3403 Ai.
963 3369 1043 3405 522.
1076 3370 1119 3406 τὰ
1146 3369 1279 3419 σκληρὰ

261 3412 327 3461 γάρ
346 3411 446 3447 1119.
468 3413 491 3461 ἠ
519 3408 572 3450 σοὶ
598 3414 663 3463 γάρ
683 3410 783 3450 1133.
803 3417 867 3463 τὴν
886 3415 1057 3467 βάρβαρον
1074 3417 1138 3468 γὰρ
1163 3417 1279 3466 γλῶσ-

1259 128 1354 196 Γάρ

1315 3370 1380 3454 γὰρ
1399 3370 1440 3418 δὴ
1461 3370 1618 3418 βασιλεὺς
1635 3374 1746 3430 χωρεῖ
1762 3374 1843 3404 Ant.
1867 3368 1933 3403 155
1948 3373 1989 3402 cf.
2011 3367 2100 3403 ἀλλὰ
2114 3368 2192 3424 γάρ.
2221 3364 2270 3401 el·

2022 138 2052 185 [1
2067 151 2103 183 p.
2123 137 2288 174 aaa-34

1326 256 1386 279 σαν
1407 242 1507 278 1263.
1529 243 1663 292 ἄλεκτρ’
1690 243 1832 293 ἄνυμφα
1849 244 1913 294 γάρ
1929 247 1983 279 El.
2004 243 2073 280 493
2090 247 2141 279 oh.
2163 244 2200 280 ὃς
2215 244 2260 291 ἦν
2275 259 2288 294 γ

1327 304 1386 338 μοι
1406 290 1507 326 1198.
1527 292 1566 327 τὸ
1584 292 1645 339 ζῆν
1663 292 1727 340 γάρ
1746 295 1853 326 Acris.
1874 295 1915 326 fr.
1938 290 1995 335 65,
2018 291 2049 327 1.
2078 293 2142 340 τὴν
2157 292 2288 341 τοῦδε]

1324 342 1392 373 ine.
1421 342 1460 373 L.
1484 339 1516 373 1.
1537 342 1634 373 Brok.
1665 341 1778 388 [reiec.
1801 341 1937 384 Dind.].
1981 342 2033 373 De
2058 342 2226 374 industria
2246 352 2288 384 po

1324 390 1467 429 positam
1499 390 1659 429 gravioris
1688 390 1849 421 momenti
1878 389 2035 421 vocabulo
2067 387 2143 436 γάρ,
2179 390 2208 421 si
2233 390 2288 422 int:

1327 437 1496 477 spexeris,
1526 437 1684 478 reperias.
1712 454 1753 460 -
1785 436 1908 474 Quarto
1933 438 2001 469 loco
2025 437 2150 477 igitur:
2187 434 2268 470 τοὺς

1327 478 1407 516 Διὸς
1430 481 1494 529 γάρ
1520 484 1573 515 El.
1597 480 1676 517 659.
1704 482 1740 518 ἐν
1766 483 1817 528 τῷ
1836 485 1974 530 φρονεῖν
1999 483 2063 531 γάρ
2089 485 2143 516 Ai.
2165 480 2245 516 554.
2273 482 2288 503 ⁸

1329 529 1377 575 μὴ
1405 533 1543 576 φρονεῖν
1568 529 1633 577 γάρ
1656 529 1726 564 554
1742 533 1763 563 b
1793 531 1883 573 [secl.
1905 531 2034 573 Brck.].
2070 530 2126 572 ξὺν
2142 530 2194 575 τῷ
2218 529 2288 565 δικο

1326 576 1390 624 γάρ
1412 575 1512 610 1125.
1541 577 1600 612 καὶ
1625 577 1668 611 τὰ
1691 577 1767 625 πρὶν
1794 576 1858 624 γάρ
1883 578 1944 610 Ph.
1969 576 2069 611 1268.
2098 581 2172 612 τοῖς
2198 576 2234 611 ἐν
2251 576 2288 623 γέ

1326 624 1390 671 γάρ
1409 626 1467 658 OR
1486 623 1588 658 1430.
1616 624 1638 659 ἃ
1664 625 1713 671 μὴ
1740 630 1856 672 φρονῶ
1886 624 1950 672 γάρ
1971 623 2071 659 1520.
2091 624 2151 660 καὶ
2175 627 2239 671 τῆς
2255 623 2288 672 ἄ]

1326 671 1391 718 γάρ
1409 674 1490 705 Ant.
1514 670 1614 705 1256.
1644 674 1757 705 Etiam
1774 674 1855 705 haec
1873 677 1932 705 aut
1957 675 2240 715 praepositionem
2265 683 2288 706 οι

1328 730 1405 752 casu
1430 722 1649 761 praemissam
1674 722 1727 753 vel
1753 721 1949 753 vocabulum
1973 722 2154 763 praecipuo
2180 730 2260 752 sono
2283 723 2288 752 i

1328 768 1490 807 signitum
1515 772 1714 800 monstrant.
1745 786 1786 791 —
1815 767 1938 807 Quinto
1962 769 2031 801 loeo
2065 769 2170 800 semel
2193 768 2288 807 legin

1328 814 1375 847 ὡς
1399 812 1463 847 οὐκ
1487 813 1532 848 ἔτ’
1561 813 1658 849 ὄντος
1682 814 1746 862 γάρ
1778 815 1840 847 Ph.
1861 812 1948 856 884;
1984 816 2043 848 sed
2066 817 2175 858 placet
2198 816 2288 848 iunci

1328 863 1470 894 scribere
1489 859 1621 903 οὐκέτι,
1651 867 1689 895 ut
1714 867 1871 904 quartum
1894 863 2004 895 locum
2026 864 2175 895 obtineat
2198 861 2275 908 γάρ.

1328 910 1424 941 Sexto
1442 911 1523 941 item
1542 911 1665 942 semel:
1701 909 1821 956 καιρὸς
1844 908 1904 943 καὶ
1927 908 2036 944 πλοῦς
2060 908 2109 943 ὅδ’
2134 908 2288 956 ἐπείγειγ

1326 955 1415 990 κατὰ
1433 955 1591 1003 πρύμνην
1609 958 1670 990 Ph.
1695 955 1783 990 1451
1803 967 1856 989 an.
1878 958 1965 989 Male
1983 959 2111 990 Buttm.
2128 963 2204 999 post
2220 955 2287 992 πλο

1328 1005 1464 1036 Ruhnk.
1487 1014 1540 1045 ep.
1563 1016 1607 1037 cr.
1633 1002 1663 1045 1,
1684 1002 1730 1037 23
1747 1011 1821 1047 post
1839 1002 1896 1038 ὅδε
1914 1005 2077 1045 distingui
2094 1006 2288 1037 iubebant.-

1330 1071 1373 1075 -—
1390 1052 1404 1094 {l
1422 1053 1555 1084 Deinde
1580 1053 1669 1084 infra
1691 1062 1874 1094 paucorum
1891 1062 2051 1084 versuum
2077 1053 2223 1094 spatium
2240 1053 2287 1085 ite

1327 1104 1393 1140 tur,
1415 1100 1497 1141 quin
1514 1104 1547 1131 et
1565 1100 1694 1132 duobus
1712 1109 1785 1131 sese
1799 1101 2085 1141 subsequentibus
2098 1101 2256 1141 infertur,
2277 1109 2288 1142 ς

1327 1157 1362 1178 re
1388 1149 1536 1179 offensus
1561 1148 1652 1179 Pors.
1675 1147 1715 1179 ad
1732 1148 1820 1179 Med.
1845 1144 1910 1179 139
1937 1157 2044 1179 unum
2070 1147 2225 1188 quidem,
2254 1157 2288 1189 qt

1328 1204 1370 1226 ex
1389 1194 1488 1236 Soph.
1511 1196 1705 1236 exemplum
1728 1195 1888 1236 protulit,
1916 1198 2077 1236 tanquam
2102 1196 2138 1226 in
2164 1195 2288 1227 subditi

1328 1252 1425 1274 versu
1455 1246 1628 1282 repertum
1653 1252 1696 1273 ex
1721 1243 1783 1274 hoe
1808 1251 1948 1274 numero
1974 1243 2193 1274 eximendum
2217 1242 2288 1274 iudi

1328 1290 1381 1322 Ai.
1407 1286 1515 1321 554b.
1553 1290 1598 1321 At
1622 1290 1729 1321 multa
1753 1294 1843 1321 sunt.
1871 1290 1988 1323 κεῖνον
2005 1288 2081 1336 γάρ,
2110 1287 2218 1323 οὐδέν’
2235 1286 2288 1323 ἄλ]

1328 1335 1452 1385 ἰγνεύω
1471 1334 1588 1370 πάλαι.
1616 1335 1738 1370 νυκτὸς
1754 1336 1866 1383 γάρ...
1881 1338 1935 1369 Ai.
1956 1334 2013 1369 20.
2035 1334 2092 1369 21.
2121 1333 2288 1383 θανάτῳγ

1325 1378 1398 1418 ἴσον
1423 1382 1534 1418 πάθος
1560 1382 1730 1417 ἐκπεύσει.
1762 1382 1867 1429 μανίᾳ
1891 1383 1955 1430 γὰρ
1982 1382 2088 1418 ἁλοὺς
2103 1379 2189 1417 Αἴας
2205 1381 2288 1418 ἀπελ

1327 1429 1421 1478 βήθη
1451 1429 1531 1464 215.
1567 1430 1645 1476 ἐμοὶ
1673 1429 1737 1477 γὰρ
1765 1429 1874 1465 οὐκέτ’
1906 1430 1995 1465 ἐστὶν
2025 1431 2072 1465 είς
2101 1429 2119 1465 ὅ
2147 1442 2180 1464 τι
2209 1429 2288 1477 βλέπ

1327 1477 1418 1523 πλὴν
1452 1481 1524 1512 σοῦ.
1544 1478 1582 1512 σὺ
1608 1477 1672 1525 γάρ
1701 1490 1759 1522 μοι
1789 1475 1869 1511 514.
1907 1481 1967 1512 σοῦ
1997 1478 2060 1526 γὰρ
2092 1476 2252 1525 λέγοντος
2283 1478 2288 1511 ι’

1327 1526 1396 1560 κέτ’
1431 1523 1471 1559 ἂν
1505 1524 1648 1571 μάθοιμ’
1685 1525 1764 1571 ἐγώ.
1800 1525 1864 1570 τὴν
1891 1524 2063 1573 βάρβαρον
2093 1524 2158 1572 γὰρ
2185 1523 2288 1573 γλῶσι

1328 1573 1391 1608 οὐκ
1417 1571 1527 1607 ἐπαΐω
1548 1571 1648 1606 1262.
1672 1571 1738 1607 ἀπὸ
1758 1572 1802 1620 wi
1848 1572 1920 1619 βίον
1948 1572 2070 1608 αὐτίκα
2093 1572 2216 1621 λείψω.
2238 1571 2288 1608 πόί

1327 1620 1391 1668 γὰρ
1409 1619 1503 1654 ἔσται
1521 1619 1634 1666 βιοτά,
1664 1622 1724 1654 Ph.
1749 1585 1839 1654 1158
1856 1632 1900 1653 m.
1922 1619 1959 1655 εὖ
1976 1619 2040 1667 γὰρ
2067 1619 2125 1655 οὖν
2142 1620 2264 1667 λέγεις.
2282 1629 2288 1657 1

1326 1673 1390 1715 τῆς
1407 1667 1493 1715 ἄγαν
1511 1667 1575 1714 γάρ
1594 1667 1664 1702 ἐστί
1681 1680 1747 1702 που
1766 1671 1864 1715 σιγῆς
1881 1667 1985 1714 βάρος
2001 1670 2083 1701 Ant.
2103 1667 2203 1702 1255.
2223 1667 2262 1702 τὸ
2276 1664 2288 1712 G

1327 1715 1391 1763 wip
1418 1715 1543 1753 παντὸς
1569 1714 1667 1761 ἥδιον
1693 1715 1804 1763 γέρας.
1834 1714 1951 1750 θανεῖν
1976 1714 2040 1763 γὰρ
2067 1715 2131 1750 οὐκ
2148 1714 2288 1756 ἕξεστιτ

1330 1763 1462 1798 αὐτοῖσι
1480 1761 1530 1797 δίς
1547 1764 1654 1796 Acris.
1673 1765 1712 1796 fr.
1731 1761 1787 1797 65.
1810 1762 1913 1801 αἰδὼς
1953 1763 1975 1798 ὰ
2014 1763 2049 1799 ἐν
2065 1766 2223 1798 κακοῖσιν
2242 1759 2288 1796 oui

1329 1809 1479 1859 ὠφελεῖ·
1506 1809 1529 1855 ἡ
1556 1810 1620 1858 γὰρ
1646 1810 1759 1857 σιωπή
1785 1813 1851 1844 ino.
1874 1776 1954 1853 6675,
1974 1774 2007 1844 ⁴2.
2045 1813 2084 1843 In
2102 1812 2219 1844 eodem
2244 1807 2288 1853 vd

1328 1860 1490 1891 recurrit:
1521 1857 1657 1905 ἔγνωκα
1680 1858 1757 1906 γάρ,
1787 1852 1865 1905 σάφ’
1888 1856 1973 1894 ἴσθι.
2000 1855 2110 1894 Λαΐου
2136 1857 2200 1906 γὰρ
2223 1856 2288 1902 *712³

1310 1904 1433 1947 ⁴1117,
1470 1916 1612 1947 quorum
1637 1907 1723 1939 illud
1755 1907 1981 1948 respondendi
2006 1917 2083 1939 cum
2107 1906 2288 1940 affirmatio!

1329 1955 1470 1986 alterum
1495 1954 1736 1995 explieativum
1759 1958 1821 1986 est.
1860 1955 1973 1987 Tertio
1995 1963 2119 1986 versu:
2155 1951 2254 1998 ’ίσμεν
2276 1950 2288 2000 qs

1329 1999 1428 2034 οὐδὲν
1444 2000 1565 2047 τρανὲς
1636 2010 1643 2017 ·
1656 1999 1875 2048 ἐφθαρμένας
1891 1999 1956 2048 γὰρ
1988 1999 2115 2047 ἀρτίως
2142 1998 2288 2047 εὖρίσκοῂ

1327 2046 1420 2085 λείας
1438 2050 1493 2080 Ai.
1514 2046 1571 2081 23.
1594 2046 1633 2082 οὐ
1659 2047 1722 2095 wip
1740 2047 1798 2083 οὖν
1825 2046 2198 2095 σιγήσομαι...·ἔτικτε
2214 2046 2258 2094 γά
2285 2080 2288 2081 .

1328 2093 1407 2128 980.
1437 2095 1467 2129 εἰ
1489 2094 1553 2154 wip
1581 2093 1623 2141 δὴ
1650 2095 1693 2130 τά
1718 2096 1747 2142 γ’
1775 2095 1894 2143 ἐγγενῆ
1920 2095 2018 2143 φύσει
2042 2093 2130 2130 ἄκοσ
2159 2108 2181 2129 α
2205 2092 2248 2141 θρ

1326 2142 1436 2189 κάρτα
1452 2150 1533 2177 τους
1558 2141 1623 2183 ἔξω
1641 2142 1771 2189 γένους.
1794 2144 1829 2178 ἐν
1854 2146 1927 2177 τοῖς
1943 2143 2008 2190 γάρ
2026 2145 2106 2176 Ant.
2152 2139 2208 2176 59.
2229 2142 2288 2177 Via

1327 2192 1487 2223 situdinis
1505 2188 1739 2237 στιχομυθιῶν
1765 2192 1831 2224 huc
1846 2192 1996 2224 advocari
2020 2201 2087 2222 non
2106 2191 2241 2223 debent.
2269 2188 2288 2226 ’.ἱ

1326 2249 1401 2270 rum
1415 2237 1479 2285 γάρ
1497 2240 1657 2270 iteratum
1671 2248 1844 2280 nunquam
1863 2239 1952 2271 idem
1966 2239 2142 2279 significat.
2160 2239 2231 2270 Aut
2247 2238 2288 2279 pil

1326 2287 1471 2317 affirmat
1488 2287 1542 2317 vel
1559 2290 1754 2326 argumento
1773 2287 1956 2327 confirmat,
1984 2287 2127 2318 alterum
2144 2295 2215 2317 rem
2231 2287 2288 2327 cop]

1326 2334 1397 2365 sius
1415 2335 1632 2375 exsequitur,
1662 2337 1719 2364 aut
1736 2337 1972 2375 permutantur
1994 2333 2076 2365 haec
2099 2333 2189 2364 inter
2213 2341 2248 2364 se
2264 2338 2288 2371 1!

1326 2390 1417 2413 nera.
1437 2399 1543 2412 —.—
1565 2381 1579 2423 ΙΙ
1596 2382 1639 2412 In
1656 2381 1719 2422 fine
1736 2391 1847 2412 versus
1865 2381 1968 2412 semel
1985 2381 2133 2422 positum
2151 2376 2288 2415 exstat&

1325 2426 1388 2474 γὰρ
1407 2426 1530 2473 κέρδος
1545 2426 1635 2461 τελῶ
1655 2427 1714 2474 ’γώ
1732 2428 1790 2460 OR
1807 2425 1886 2460 231.
1924 2429 1964 2459 In
1979 2428 2143 2468 principio
2160 2422 2288 2468 aliqud}

1325 2485 1415 2507 nunc
1431 2476 1574 2516 legitur3
1612 2485 1696 2516 quae
1723 2477 1876 2517 exempla
1901 2475 2040 2507 rectiore
2065 2483 2225 2506 versuum
2249 2472 2288 2515 Q

1324 2523 1417 2554 sione
1435 2523 1618 2555 amovenda
1634 2527 1726 2563 puto.
1749 2523 1831 2554 Nam
1847 2523 2014 2554 commode
2032 2520 2288 2566 contrahentur!

1326 2567 1427 2611 1101,
1448 2567 1505 2615 2ἢ
1525 2568 1565 2603 σύ
1579 2581 1616 2616 γε
1629 2568 1688 2603 καὶ
1697 2568 1834 2615 γενέτας
1851 2570 1910 2612 [sic
1921 2565 2194 2614 Dind.]Aoffiiom
2214 2565 2288 2615 τῷῚ

1322 2614 1452 2654 πλάκες
1466 2615 1652 2663 άγρόνομοι
1666 2619 1772 2650 πᾶσαι
1785 2615 1892 2664 φίλαι,
1908 2627 1989 2658 quos
2001 2626 2117 2648 versus
2131 2617 2257 2647 inserto
2266 2619 2288 2666 3!

1321 2665 1440 2696 iterato
1456 2675 1508 2701 τις
1535 2674 1602 2696 non
1619 2665 1796 2696 admodum
1813 2665 2026 2706 probabiliter
2042 2663 2159 2695 Herm.
2181 2665 2288 2710 corre!

1321 2713 1360 2743 In
1380 2713 1435 2743 Tr.
1457 2708 1522 2743 991
1550 2722 1617 2743 uno
1634 2716 1749 2743 tenore
1767 2712 1982 2743 scribendum
2008 2708 2047 2745 οὐ
2072 2708 2116 2756 wi
2164 2707 2236 2756 ἔχω
2258 2705 2285 2746 11,

1322 2756 1374 2798 ἄν,
1406 2763 1440 2790 et
1464 2760 1501 2790 in
1518 2760 1650 2791 antistr.
1680 2757 1755 2791 ἀλλ’
1775 2757 1831 2792 ἐπί
1850 2770 1908 2803 μοι
1928 2755 2042 2804 μελέῳ
2060 2755 2105 2790 98
2133 2782 2139 2789 .
2177 2751 2286 2789 Item-11

1324 2803 1412 2838 1723
1428 2816 1544 2838 versus
1556 2808 1592 2837 in
1607 2816 1714 2838 unum
1729 2806 1947 2838 contrahendi
1963 2803 2086 2851 λήγετε
2102 2797 2196 2839 τοῦδ’
2213 2800 2284 2851 dxv

1320 2857 1438 2886 κακῶν
1463 2852 1527 2900 γὰρ
1546 2851 1742 2890 δυσάλωτος
1767 2850 1894 2893 οὐδείς,
1925 2857 1959 2884 et
1975 2852 2208 2894 antistrophici
2227 2845 2284 2932 52:31

1321 2898 1405 2946 ἄγαν
1433 2898 1621 2946 φλέγεσθον
1636 2909 1643 2917 ·
1671 2898 1710 2934 οὔ
1735 2911 1788 2933 τοι
1812 2893 2030 2944 κατάμεμπτ’
2055 2897 2184 2944 ἐβήτην
2209 2893 2254 2930 69

1320 2948 1407 2988 quod
1424 2949 1539 2980 eodem
1558 2949 1736 2989 utriusque
1754 2949 1822 2979 loco
1839 2949 1967 2989 positae
1985 2947 2120 2979 voculae
2137 2950 2280 2991 atonae7

1319 2998 1354 3027 et
1370 3005 1423 3028 τοι
1441 2999 1574 3036 cogunt.
1610 2997 1650 3027 In
1668 2995 1723 3027 OC
1742 2991 1822 3026 520.
1844 2995 1901 3027 ΟΒ
1919 2991 1987 3026 508
2003 3003 2160 3035 perversa
2176 2999 2288 3049 versu]

1319 3042 1488 3074 Brunekio
1498 3043 1695 3084 placitorum
1706 3043 1788 3074 ratio
1806 3042 1934 3073 dudum
1951 3042 2079 3073 sublata
2096 3045 2159 3073 est.
2182 3055 2278 3071 —.--

1318 3089 1405 3120 Aliis
1423 3091 1597 3130 particulis
1622 3091 1670 3121 ita
1693 3091 1893 3130 plerumque
1918 3090 2071 3128 iungitur
2094 3086 2194 3134 γάρ,
2222 3089 2282 3118 ut'

1319 3140 1495 3178 sequatur;
1524 3147 1625 3178 quare
1644 3133 1733 3170 ἀλλὰ
1758 3135 1821 3181 γάρ
1841 3147 1872 3167 v.
1894 3133 1999 3177 ἀλλά;
2055 3133 2088 3168 αὶ
2112 3133 2176 3181 γάρ
2201 3145 2233 3166 v.
2250 3140 2276 3166 π

1319 3182 1381 3227 μὲν
1406 3182 1470 3230 γάρ
1496 3195 1527 3215 v.
1551 3182 1631 3228 μέν,
1668 3194 1705 3216 τε
1722 3183 1786 3229 γάρ
1812 3194 1843 3215 v,
1864 3194 1917 3223 τε,
1954 3194 1974 3215 τ
2055 3192 2072 3227 ρ
2095 3192 2127 3213 ν.
2148 3179 2267 3215 τοί.-

1347 3229 1395 3276 ὰρ
1422 3229 1440 3263 δ
1502 3232 1621 3263 fortius
1645 3234 1696 3262 est
1713 3241 1812 3271 quam
1831 3228 1873 3273 δή
1906 3230 1958 3271 [cf.
2013 3229 2156 3268 aegelsb.
2178 3228 2218 3260 ad
2233 3224 2274 3260 11.

1341 3275 1386 3310 80
1404 3289 1452 3320 sq.
1479 3305 1485 3311 .
1515 3276 1664 3311 ἐνταῦθα
1681 3277 1744 3324 γὰρ
1763 3276 1805 3322 δὴ
1823 3276 1881 3310 καὶ
1898 3276 2005 3313 κακὸς
2024 3274 2134 3322 φαίνει
2158 3273 2256 3322 φίλος
2274 3305 2275 3311 ,

1317 3321 1396 3357 582.
1426 3322 1537 3358 ὄλωλε
1563 3320 1626 3371 wip
1654 3323 1695 3371 δὴ
1723 3324 1834 3358 πάντα
1856 3322 1950 3368 τάμά
1975 3323 2030 3356 00
2051 3320 2151 3354 1613.
2180 3318 2255 3356 ἀλλ’

1335 3419 1358 3468 ἡ
1384 3418 1428 3454 τά
1453 3417 1482 3467 γ’
1505 3417 1625 3467 ἐγγενῆ
1659 3430 1756 3467 φυσει
1783 3417 1921 3465 ἄκοσμα
1944 3415 2064 3465 θρέψω
2088 3413 2168 3450 609.
2196 3413 2214 3450 ἔ
