2288 3600
58 105 146 176 ’ξι
167 128 385 178 θοι-69η

95 569 323 602 Phavorinus:
362 566 555 616 ῥίπτεινε
593 569 633 604 τὸ
657 567 777 608 ἁπλῶς
804 569 835 618 ῥί

33 841 36 844 Α
70 806 119 838 bri
147 806 264 847 modo,
301 805 359 838 sed
389 806 491 838 etiam
520 807 717 839 Athenaeus
746 804 781 840 2.
813 817 835 849 p

33 1082 163 1124 iactare
181 1090 370 1130 significare
388 1090 453 1122 sibi
470 1094 693 1131 persuaserat.

39 1163 41 1165 ·
105 1142 283 1185 Ῥιπτός
320 1147 474 1181 deiectus.
519 1147 536 1182 ὁ
564 1147 679 1196 ῥιπτὸς
708 1142 834 1195 Ἰφίτου

31 1214 37 1237 3
66 1191 121 1228 57.
150 1194 275 1227 detrusi
291 1195 331 1227 de
357 1198 461 1229 turre.
775 1195 822 1240 (11

26 1297 96 1356 ..θ’
120 1297 151 1333 1·
179 1299 439 1359 τὴν-κάκοσμογ
457 1300 607 1359 οὐρρνὴν
630 1299 830 1360 ἔρριψενΙΞΥ

28 1348 458 1441 κηῐιῗεεέιῑὲὸιαρ
667 1361 829 1398 ‘W

35 1528 55 1579 ζΔ
97 1537 135 1577 ὸς
160 1537 262 1572 αὐτον
288 1538 343 1572 Tr.
365 1535 411 1571 26

37 1584 158 1626 ,υτόν
182 1585 241 1619 OR
270 1582 372 1619 1290.
395 1583 494 1633 ῥῖψόν
521 1597 563 1630 με
587 1589 652 1632 γῆς
679 1584 719 1620 ἐκ
734 1589 801 1632 τῆσ

44 1866 144 1903 αλλὰ
173 1868 236 1915 μὲν
263 1867 371 1908 τάλας
395 1866 498 1917 χθονὶ
526 1868 652 1916 ῥίπτων
683 1867 823 1912 ἑαυτόν,

47 2073 79 2090 .=·
113 2058 155 2091 de
180 2061 304 2091 iter-atta
327 2059 453 2091 vicibus
478 2059 570 2091 humi
589 2063 771 2100 proruente
795 2064 826 2092 et

30 2101 98 2142 ’.Ῑίῑτι
113 2105 154 2138 de
179 2115 214 2138 re
239 2106 392 2139 additum
416 2103 531 2140 πολλοί
555 2116 622 2139 non
648 2107 818 2140 desiderat

26 2375 32 2416 s
63 2397 96 2420 s
115 2390 210 2421 verbi
225 2387 334 2435 ῥίπτω
351 2394 386 2422 et
403 2387 529 2435 ῥιπτέω
542 2390 665 2423 Veitch
678 2415 686 2431 ,
713 2391 824 2425 Greek

27 2442 65 2460 ‘⁴³
94 2451 97 2463 ι
149 2446 184 2478 p.
206 2433 306 2481 496]
333 2454 374 2461 —
402 2437 538 2469 Tralate
567 2438 696 2470 dictum
727 2435 803 2471 ἀλλ’

14 2538 112 2576 hem
123 2534 158 2564 et
179 2534 422 2573 contemptum.

61 2787 85 2820 ι.
104 2785 172 2820 419
189 2799 234 2821 m.

69 2997 122 3032 γοι
139 2985 166 3021 δ’
184 2985 220 3022 ἐν
237 2986 438 3034 ἀλλήλοισιν
455 2989 621 3038 ἐρρόθουν
639 2990 742 3026 κακοί
759 2993 829 3024 Ant

93 3039 268 3080 Ῥόθιον
293 3047 388 3080 unda
413 3049 457 3080 ad
475 3051 553 3082 litus
578 3060 653 3082 cum
678 3050 816 3091 fremitu

19 3186 86 3227 ,Η
110 3163 145 3218 et
169 3187 262 3221 Suid.
299 3189 577 3224 Subaudiendum
598 3196 688 3224 certe
709 3194 818 3237 κῦμα.

40 3281 43 3284 ’
70 3295 75 3306 ¹
99 3313 101 3315 ,
158 3279 324 3330 κατέσχεν
342 3285 403 3317 Ph.
424 3281 492 3318 688
510 3286 560 3318 ch.

42 3344 300 3444 ‘'¹PoigJo<
335 3356 500 3394 strepitus.
551 3360 684 3402 πτερῶν
712 3355 777 3403 γὰρ
808 3355 827 3448 Ξ

97 3407 161 3441 μῦς
266 3401 348 3432 Ant.
395 3398 496 3435 1004.
540 3402 759 3445 Hesychius:

29 617 166 653 πτεῖν
193 614 248 656 δὲ,
284 615 323 650 τὸ
354 613 439 661 μετὰ
469 615 596 663 σφοὸρό
642 628 714 655 τος.
754 618 808 651 Sic
833 616 943 658 igitur
969 620 1055 651 bene

30 663 122 697 iibri
138 661 259 709 παλτῷ
284 660 395 709 ῥιπτεῖ
411 663 491 710 πυρί
518 665 598 698 Ant.
645 662 686 697 31
707 665 758 697 ch.
797 666 930 708 Iupiter
947 666 1055 708 capa-

24 715 156 750 ¹insum.
178 711 251 743 Erf.
265 711 382 743 Herm.
400 709 519 757 ῥίπτει.
541 710 679 758 μάρψας
697 710 802 750 ποδός
818 719 868 746 νιν
943 711 1057 760 ῥιπτεῖ

27 755 128 804 7’πρὸς
150 756 389 803 ἀμφίκλυστον
416 757 456 791 ἐκ
481 757 607 793 πόντου
626 757 752 804 πέτραν
779 760 836 792 Tr.
857 757 937 792 788.
981 761 1054 792 Non

29 851 247 894 '-agnoscunt‚
277 852 333 884 hic
349 853 443 884 enim
461 851 644 900 ῥιπτοῦντα
669 854 770 887 habet
789 853 961 896 Sophoclis
979 864 1057 887 nar-

27 900 205 942 ,rationem
222 901 396 941 brevians;
427 900 501 933 Erf.
524 898 631 947 ῥίπτει
649 901 756 934 dedit.
783 903 845 935 τοῦ
863 900 926 946 μὲν
942 913 1056 947 κεφα-

30 943 108 993 ,τλὴν
133 945 194 981 καὶ
219 944 376 994 γλῶσσαν
401 944 509 993 ἄκραν
534 946 646 994 ῥιπτεῖ
667 945 805 993 θερίσας
827 950 883 981 Αἰ.
903 946 973 982 239
998 959 1052 983 an.

37 994 98 1029 sie
114 995 192 1027 libri
209 998 342 1037 praeter
359 1005 468 1027 unum
492 1005 604 1037 apogr.
620 1021 628 1035 ,
656 996 758 1029 schol.
775 1020 783 1036 ,
812 997 928 1030 Thom.
949 997 997 1030 Μ.
1017 1007 1051 1039 p.

25 1035 104 1083 ’66ς
149 1042 267 1075 Herm.
306 1038 431 1088 ῥίπτει,
470 1043 559 1084 quod
594 1041 720 1089 ῥίπτειν
756 1045 880 1085 iacere,
925 1042 1054 1091 ῥιπτεῖν

43 1241 51 1266 ’·
105 1249 268 1291 Ῥίπτω
294 1255 390 1287 iacta.
417 1252 476 1288 καί
495 1265 554 1299 μοι
570 1252 683 1302 τρίτον
703 1252 854 1302 ῥίπτοντι
875 1257 917 1289 fr.
938 1257 1048 1289 Acris.

421 1395 454 1429 5.
476 1394 612 1443 ἔρριψεν
630 1394 746 1431 ἄλλων
764 1397 880 1446 χερσὶν
895 1397 944 1436 είς
961 1395 1051 1444 ἄβα-

30 1453 94 1492 ‘33⁴⁸‘
111 1441 190 1488 ὄρος
207 1443 234 1476 Ο
282 1440 362 1476 719.
385 1447 420 1476 et
443 1444 484 1476 de
501 1446 644 1485 exposito
671 1448 705 1476 et
728 1444 866 1480 deserto.
894 1444 931 1480 ὃν
958 1443 995 1491 ἕρ
1020 1457 1050 1479 ι-

123 1489 276 1547 ...W
305 1488 364 1525 ὧδ’
393 1489 540 1571 sur.
556 1456 1049 1599 {2203‘35..⁶‘²z.‘3..?2⁹.3„{53

42 1629 219 1667 ’-α1436.
241 1633 336 1666 codd.
350 1658 358 1673 ,
380 1636 419 1666 ut
436 1633 571 1666 videtur
588 1643 722 1676 omnes,
746 1632 844 1681 ῥίψον
873 1633 922 1679 (v,
945 1629 1043 1668 Drac.

47 1695 70 1714 ,.
95 1676 162 1722 79,
189 1677 271 1725 21),
306 1680 394 1722 quod
424 1682 536 1713 nescio
565 1691 609 1713 an
636 1681 842 1715 defendatur
869 1687 1047 1725 praecepto

29 1722 59 1772 ’ζῖ’
78 1750 81 1754 ,
101 1741 117 1756 ¹·
146 1729 326 1760 1aticorum
339 1731 417 1760 ante
435 1724 452 1766 ξ
469 1732 504 1760 et
521 1726 546 1773 ψ
565 1729 686 1770 corripi
702 1731 856 1770 quamvis
874 1731 956 1762 alias
970 1740 1047 1772 pro—

35 1779 48 1806 ,ἵ
70 1778 178 1808 ctum
208 1773 229 1807 ὖ
254 1779 289 1807 et
313 1779 327 1808 ῐ
350 1776 674 1817 praescribentium:
712 1778 780 1808 nisi
806 1777 846 1809 ad
872 1778 1046 1810 finitiones

58 1814 118 1855 ¹as
135 1832 175 1855 ea
191 1822 310 1863 regula
325 1823 488 1863 pertinet.
518 1823 737 1864 Relinquitur
753 1834 862 1857 unum
880 1825 936 1858 Tr.
954 1822 1041 1858 790:

37 1904 65 1944 ss.
85 1919 182 1949 utare
205 1926 292 1959 sese,
321 1918 511 1960 significare
528 1917 703 1958 videatur,
733 1928 800 1952 non
828 1920 976 1951 mutavit
993 1923 1044 1952 ta-

27 1958 45 2007 i]
74 1971 110 1996 n
134 1968 250 1998 contra
273 1965 376 1996 libros
399 1965 540 2005 Herm„
572 1966 687 1997 minus
716 1967 776 1998 ille
806 1967 982 2007 religiosus
1008 1978 1040 2000 v.

28 2007 110 2044 L80.
137 2011 183 2044 Et
199 2015 290 2044 recte
306 2012 407 2053 fecit3
436 2021 517 2043 cave
535 2013 627 2044 enim
644 2013 686 2044 de
702 2013 885 2046 volutando
903 2015 1039 2055 cogites,

35 2205 86 2235 23³·
118 2200 197 2232 libri
229 2209 357 2233 omnes.
398 2201 514 2232 Minus
547 2205 662 2234 tamen
691 2204 935 2245 circumspecte
968 2213 1042 2236 eam

25 2243 62 2274 3.
99 2248 142 2280 sti
158 2249 298 2280 formam
321 2259 340 2279 a
364 2249 500 2288 tragicis
524 2250 691 2290 praeferri
714 2250 866 2282 decrevit
890 2251 1039 2284 Brunck.
1058 2272 1062 2301 Ι

3 2291 63 2327 ’.τ
89 2293 173 2327 Eur.
193 2295 276 2327 Hec.
308 2292 389 2328 335.
416 2296 459 2327 cf.
481 2295 598 2328 Herm.
627 2297 667 2328 ad
691 2307 723 2330 ν.
744 2294 825 2330 333.
854 2299 884 2330 A
901 2299 1044 2340 potiori-
1079 2305 1119 2334 ut
1145 2302 1247 2334 schol.
1277 2304 1461 2345 explicant.
1494 2322 1539 2327 ——
1566 2301 1676 2340 ὄλοιθ’
1704 2303 1795 2343 ὅστις

9 2340 11 2342 ’
43 2358 44 2363 =
63 2355 87 2369 2:
117 2342 210 2375 enim
233 2342 327 2375 codd.
357 2343 526 2375 standum.
556 2340 616 2387 [cf.
636 2344 677 2375 de
695 2353 735 2376 ea
758 2346 864 2377 forma
881 2346 1042 2387 reliquis-

79 2493 140 2517 ντα
154 2477 245 2517 ταῦτ’
266 2482 455 2529 ἐρριμμένα
470 2485 526 2517 Ai.
551 2482 652 2517 1271.
680 2486 806 2521 abiecta
822 2497 883 2528 per
901 2488 1041 2520 oblivio-

5 2632 7 2634 ·
43 2595 57 2618 λ
92 2582 183 2627 Ῥίς
209 2600 236 2622 S.
265 2587 383 2636 ῥῖνες
406 2599 516 2622 nares.
544 2588 680 2635 βλέπειν
698 2589 846 2636 φυσῶντ’
869 2590 942 2626 ἄνω
959 2592 1042 2639 πρὸς

63 2644 124 2673 νας
140 2633 181 2670 ἔκ
204 2647 241 2670 τε
266 2634 398 2682 φοινίας
422 2634 561 2682 πληγῆς
587 2636 756 2683 μελανθὲν
775 2637 864 2685 αἷμα
882 2641 936 2672 Ai.
958 2637 1038 2673 918.

97 2682 164 2717 'beu
183 2684 366 2725 efflantem.
388 2685 519 2716 Wakef.
541 2685 617 2717 silv.
639 2696 683 2717 or.
700 2691 726 2719 t.
740 2683 774 2718 3.
788 2696 821 2727 p.
837 2684 916 2720 105.
939 2686 1040 2734 ῥινός.

2 2750 4 2752 ’
34 2739 54 2755 ”“
93 2735 197 2785 ‘Po-51
231 2741 414 2782 fluentum.
457 2742 485 2776 ὦ
517 2740 751 2790 Σκαμάνδριοι
784 2743 933 2791 γείτονες
967 2744 1043 2792 ῥοαί

93 2841 260 2881 Ῥοθέω
285 2848 401 2888 fremo.
441 2850 633 2883 Transitive
649 2853 755 2884 ταῦτα
777 2849 835 2884 καὶ
858 2849 965 2886 πάλαι
981 2851 1043 2886 πό-

74 2911 79 2922 ·
98 2904 114 2931 ς
129 2891 249 2940 ἄνδρες
268 2893 366 2940 μόλις
384 2894 545 2942 φέροντες
569 2895 734 2943 ἐρρόθουν
754 2896 832 2943 ἐμοί
848 2899 929 2931 Ant.
957 2896 1038 2931 290.

81 2953 87 2968 ·
112 2942 218 2974 ταῦτα
242 2953 260 2974 a
287 2940 448 2987 φέροντες
473 2946 705 2985 suspenditur.
743 2963 784 2968 —
818 2946 1040 2980 Intransitive

78 3101 143 3126 αντ
180 3090 309 3139 ῥεῦμα,
335 3097 430 3141 κῦμα
452 3095 491 3130 τὸ
519 3096 604 3141 μετὰ
628 3095 741 3143 ψόφου
769 3097 947 3143 γινόμενον
965 3099 1037 3131 He-

30 3170 45 3185 y
74 3153 98 3166 ιι
150 3139 190 3174 τὸ
217 3139 305 3186 μετὰ
329 3140 443 3189 ψόφου
468 3146 565 3188 κῦμα
587 3141 611 3189 ἢ
638 3143 749 3190 ῥεῦμα
773 3146 870 3178 Phot.
900 3156 933 3187 p.
954 3143 1036 3186 490,

52 3252 65 3257 ·-
85 3230 282 3279 ·ιπλήκτων
309 3234 436 3282 ῥοθίων
462 3236 566 3282 μόνος
590 3236 708 3272 κλύων
730 3237 808 3283 (LA
824 3237 978 3282 κλύζων)

838 115 848 133 ”
860 121 1029 179 Ριπτός
1056 153 1117 161 —-
1140 117 1151 135 ²
1164 125 1330 176 Ρύσιον

41 254 82 274 ,.ι
103 253 118 267 ιι
153 247 221 271 non
247 239 380 271 videam
404 240 475 272 ulla
498 241 534 272 in
559 241 750 281 codicibus,
782 250 849 273 non
870 240 1057 283 Sophoclis,
1098 241 1243 290 ῥόγχος,
1272 243 1386 292 ψόφος
1410 245 1522 284 ποιός.

33 294 51 325 ξἸ
76 286 278 319 nomnium
295 287 493 328 scriptorum
517 291 609 320 certa
625 288 690 320 ilde
709 288 852 320 stabiliri
867 313 875 329 ,
902 297 965 320 nec
981 298 1059 331 pro·
1097 290 1225 331 Spanh.
1245 292 1286 324 ad
1304 292 1437 326 Gallim.
1460 295 1541 327 Lav.
1563 294 1646 328 Pall.
1668 305 1701 338 p.
1723 292 1768 328 63

35 334 137 368 noto
166 333 310 365 multum
339 333 540 375 plerumque
570 336 728 376 intersit,
765 338 880 367 utrum
912 335 1055 377 dicatur,

28 371 48 409 7³51
74 380 150 414 bros
166 389 299 422 sequor.
321 381 386 412 EM
402 390 436 423 p.
458 378 538 422 463,
559 379 615 415 56.
647 379 799 428 ῥιπτῶ,
818 383 944 424 inquit,
963 381 1059 417 ἀττι-

22 421 109 462 ’Τὸν
135 424 160 471 ἢ
189 426 386 472 ποιητικόνε
416 429 532 461 eadem
563 439 615 471 ap.
649 430 767 462 Arcad.
798 430 857 462 sed
884 431 1006 463 omisso
1033 429 1057 476 ἦ

27 469 205 516 ..teguntur
228 484 262 516 p.
284 471 371 515 150,
394 473 448 508 15.
486 476 532 508 At
555 480 668 508 tamen
694 487 712 508 a
735 478 870 516 tragicis
888 478 1059 510 abiudicat

34 521 166 559 lmsl.
195 522 237 555 ad
255 522 336 555 Eur.
358 522 490 556 Heracl.
515 520 592 556 150.
632 523 743 556 Schol.
765 523 867 565 Soph.
893 524 950 557 Ai.
971 521 1053 558 239.

838 582 944 606 πτειν.
991 570 1056 619 ῥι-

1561 245 1732 292 ῥοῖζος;

2011 136 2111 184 679

1770 246 1883 329 ψόφος
1894 276 1901 290 ,
1929 248 2031 297 ἦχος.
2069 252 2110 286 V.

1162 344 1300 386 Ῥόπᾶ
1308 349 1385 386 λον
1418 353 1524 385 clava.
1559 350 1642 393 τόξα
1665 352 1724 387 καὶ
1747 352 1878 403 λόγχας
1905 354 2055 400 ῥόπαλόν
2073 369 2110 392 τε

1093 395 1260 431 τινάσσων
1278 399 1336 431 Tr.
1357 396 1425 432 513
1443 401 1496 432 ch.
1526 401 1702 434 Hercules.

1161 450 1296 502 Ῥοπή
1321 462 1532 492 momentum.
1563 457 1692 505 σμικρὰ
1707 458 1837 495 παλαιὰ
1862 460 1993 507 σώματ’
2010 461 2114 498 εὐνοί-

1094 501 1144 542 ζει
1162 500 1252 549 ῥοπή
1277 505 1336 537 OR
1352 502 1432 539 961.
1469 509 1695 542 ποντοναῦται
1722 505 1866 547 λεπταῖς
1892 508 1948 543 ἐπὶ
1967 508 2006 554 ῥο
2044 509 2112 545 ’σιν

1095 547 1253 594 ἐμπολᾶς
1281 551 1416 598 μακρὰς
1440 551 1494 587 ἀεὶ
1519 551 1810 600 παραρρίπτοντες
1841 557 1932 597 Scyt.
1964 558 2005 591 fr.

1093 594 1126 630 4.
1148 599 1171 631 i.
1190 607 1221 631 e.
1240 609 1362 632 merces
1379 601 1559 633 secundum
1577 602 1742 634 levissima
1758 607 1925 637 momenta
1939 606 1976 637 in
1991 604 2111 638 discri-

1091 654 1168 677 men
1193 645 1327 687 dantes,
1364 657 1446 680 num
1473 649 1635 682 iacturam
1659 659 1702 682 an
1727 651 1859 683 lucrum
1882 653 2008 684 facturi
2026 654 2107 695 sint,

1094 692 1261 725 subducto
1283 695 1420 727 calculo.
1462 695 1610 728 Brunck.
1641 697 1719 730 olim
1748 695 1881 744 ῥιπῇσιν
1906 700 2106 734 coniecerat.

1094 736 1196 783 [bene
1226 737 1352 785 ῥιπῖσιν
1378 742 1527 775 Meinek.
1556 743 1597 775 V.

2074 554 2108 600 9,

1620 741 1721 790 ῥιπίς.
1749 749 1784 777 et
1809 746 1928 779 Gerth.
1958 746 2001 780 de
2028 748 2107 781 dial.

841 832 847 839 ,
876 804 941 848 65,
970 809 993 840 f,
1021 808 1057 839 id
1094 790 1197 827 trag&
1219 797 1254 829 P·
1275 784 1374 835 227]
1402 806 1443 812 -
1481 790 1573 822 Hinc
1590 795 1642 823 est
1658 791 1843 827 discrimen.
1865 791 1923 827 ’ἐν
1942 791 2000 827 οὖν
2020 792 2112 841 ῥοπῇ

1092 938 1168 960 eum
1186 939 1274 962 mors
1292 931 1415 963 instat:
1446 930 1485 978 ῥο

1091 975 1199 1018 Toup.
1221 978 1261 1009 ad
1279 977 1421 1018 Longin.
1443 989 1476 1021 p.

1157 1030 1200 1069 ‘P
1210 1047 1228 1069 ο
1238 1034 1288 1082 φέ
1297 1049 1326 1069 ω
1363 1037 1524 1070 ετεονὸεο.

1091 1084 1216 1114 veneni
1233 1083 1364 1116 dolore:
1387 1083 1427 1118 ἐκ
1445 1084 1509 1128 μὲν
1523 1083 1540 1119 ἐ

861 1147 967 1204 μόρος
993 1151 1048 1182 ΤΥ.
1091 1127 1199 1174 μονάς
1214 1124 1243 1163 τ’
1262 1128 1425 1178 ἀρτηρίας
1445 1131 1528 1179 ῥοφε

1488 930 1590 1012 223⁵

1092 832 1207 879 τοιᾷδε
1235 834 1385 882 κειμένῳ
1417 837 1471 870 Tr.
1492 834 1550 870 82.
1572 838 1703 871 Schol.:
1734 837 1770 873 ἐν
1798 837 1945 886 κινδύνῳ
1970 840 2030 875 καὶ
2055 841 2111 876 ἐπὶ

1093 879 1194 926 ξυροῦ
1211 880 1330 927 ἀκμῆς
1355 882 1539 931 ἱσταμένῳ.
1574 903 1615 909 -
1645 885 1849 919 Momentum
1872 890 1960 920 vitae
1985 889 2110 922 dicitur

1593 931 1835 1014 ‹aggi-(ecto
1851 934 1907 969 Oc
1928 932 2029 970 1508.
2051 937 2104 972 Cf.

1569 1039 1621 1070 De
1651 1044 1856 1081 penetrante
1886 1050 1946 1082 per
1979 1043 2110 1075 viscera

1588 1084 1672 1124 σίτοις
1691 1085 1845 1133 βέβρωκε
1865 1086 1907 1121 σοί

1928 1100 1992 1127 κας
2006 1088 2107 1123 πνεύ-

1530 1135 1546 1167 ῖ
1579 1136 1737 1168 υνοικοῦν
1763 1136 1819 1168 Tr.
1839 1099 1941 1168 1055.

842 1207 875 1239 p,
897 1194 978 1239 595,
999 1195 1054 1243 7‚)
1154 1184 1385 1234 Ῥυθμίζω
1419 1191 1569 1232 dispono.
1603 1191 1694 1226 τίδὲ
1720 1191 1897 1240 ῥυθμίζεις
1925 1194 1989 1241 τὴν
2018 1194 2107 1242 ἐμὴν

1087 1232 1201 1282 λύπην
1221 1234 1325 1277 ὅπου,
1355 1239 1437 1272 Ant.
1458 1235 1537 1271 318.
1568 1240 1700 1273 Schol.:
1731 1239 1972 1287 σχηματίζεις,
1994 1241 2108 1277 διατυ-

834 1304 891 1335 nd·
915 1300 992 1345 147,
1017 1301 1047 1336 1.
1088 1285 1181 1320 ποῖς.
1218 1284 1378 1317 Refertur
1403 1286 1444 1318 ad
1461 1288 1576 1319 nuntii
1593 1289 1695 1320 verba
1710 1290 1823 1329 priore
1840 1299 1941 1321 versu
1957 1292 2108 1331 proximo

860 1348 986 1398 ῥίψασα
1016 1349 1051 1389 ἐς
1088 1332 1283 1372 quaerentis
1299 1329 1335 1365 ἐν
1351 1334 1458 1367 τοῖσιν
1475 1332 1559 1367 ὠσὶν
1575 1332 1599 1379 ἢ
1620 1332 1667 1368 ’πὶ
1683 1335 1728 1385 τῇ
1745 1335 1842 1384 ψυχῇ
1860 1334 1992 1379 δάκνει;

1157 1383 1292 1436 Ῥῦμα
1331 1394 1585 1426 munimentum.
1634 1393 1772 1440 σμικροὶ
1806 1393 1965 1442 μεγάλων
1997 1396 2106 1444 χωρὶς

1089 1434 1257 1482 σφαλερὸν
1291 1435 1421 1485 πύργου
1456 1438 1548 1486 ῥῦμα
1572 1439 1734 1475 πέλονται
1767 1442 1821 1475 Ai.
1846 1441 1912 1476 159
1939 1453 1994 1476 an.
2025 1445 2048 1477 i.
2070 1455 2102 1487 q.

1088 1482 1236 1530 πύργος,
1270 1486 1498 1527 praesidium:
1527 1498 1559 1520 v.
1581 1486 1722 1535 πύργος.
1754 1488 1897 1532 [Tralate
1916 1492 2106 1532 significare

1086 1528 1174 1577 ἴαμα
1207 1537 1346 1574 apparet
1378 1544 1422 1566 ex
1454 1535 1547 1568 Plut.
1587 1537 1710 1569 consol.
1743 1537 1784 1569 ad
1821 1538 1930 1579 Apoll.
1958 1549 1993 1580 p.
2024 1536 2102 1572 106.

850 1584 929 1622 ὅσον
946 1599 1049 1635 rayt-
1087 1577 1192 1625 ὅσπερ
1210 1578 1370 1626 μέγιστον
1385 1579 1478 1628 ῥῦμα
1492 1586 1561 1616 τῶν
1580 1581 1719 1617 πολλῶν
1732 1588 1863 1625 κακῶν,
1880 1586 1939 1618 ubi
1952 1587 1989 1618 in
2006 1587 2101 1619 codd.

1086 1627 1212 1668 aliquot
1238 1637 1282 1660 ex
1308 1628 1417 1668 glossa.
1435 1633 1488 1662 est

1086 1674 1242 1706 tulerunt
1258 1676 1418 1716 Aeschyl.
1439 1677 1480 1709 fr.

1503 1627 1572 1710 ζῇ

1574 1641 1665 1664 ιστον
1681 1628 1781 1676 ἴαμα.
1827 1632 1956 1665 Eadem
1973 1635 2007 1666 vi
2024 1643 2105 1676 pro-

1576 1703 1583 1710 .
1618 1678 1734 1711 Herm.
1756 1683 1791 1711 et
1816 1677 1928 1725 εὑρεῖν
1950 1691 1983 1714 τι
2010 1679 2104 1728 ῥῦμα

1085 1722 1204 1763 Eurip.
1221 1722 1359 1764 Hippoi.
1376 1721 1445 1756 715
1463 1734 1506 1757 ex
1523 1726 1656 1758 emend.
1678 1727 1721 1758 H.
1739 1727 1841 1758 weili
1858 1737 1969 1769 nuper
1985 1726 2104 1774 facta]

1114 1820 1121 1829 Ι
1151 1772 1340 1827 Ῥΰομαι
1364 1781 1413 1826 (v.
1434 1783 1558 1816 Aesch.
1581 1783 1702 1827 Suppl.
1724 1782 1805 1818 504.
1827 1785 1921 1829 Sept.
1938 1783 2018 1820 806.
2041 1789 2103 1820 sed

1085 1826 1250 1874 ῥῦσομαι,
1279 1826 1417 1875 {ppt-rto]
1435 1833 1546 1872 tueor,
1574 1841 1678 1864 servo.
1717 1831 1799 1880 ῥύου
1819 1844 1860 1878 με
1878 1832 2102 1880 κάκφύλασσε

856 1872 948 1913 quod
970 1882 1046 1904 cum
1082 1875 1138 1908 OG
1155 1872 1236 1908 285.
1265 1874 1370 1921 ἡνίκα
1386 1876 1424 1911 τὸ
1443 1875 1552 1923 μηδὲν
1571 1875 1671 1917 ὄντας
1690 1877 1725 1913 ἐν
1749 1880 1862 1927 τροπῇ
1881 1879 1981 1927 δορὸς
1999 1879 2101 1929 ἐρρύ-

1083 1932 1164 1956 σατο
1182 1923 1238 1956 Ai.
1263 1921 1365 1957 1276.
1395 1922 1447 1958 ὅτι
1465 1923 1555 1970 δρῶν
1571 1923 1596 1971 ἢ
1613 1924 1646 1960 τί
1664 1931 1788 1972 φωνῶν
1808 1926 1913 1974 τήνδε
1932 1927 2057 1975 ῥυσαίμ

1081 1967 1179 2003 πόλιν
1207 1971 1265 2003 OR
1281 1969 1338 2004 72.
1369 1972 1430 2004 LA
1445 1982 1479 2013 p.
1501 1983 1546 2005 m.
1573 1971 1668 2019 τήνδ’
1695 1972 1893 2021 ἐρυσάμην,
1920 1977 1996 2009 Par.
2016 1974 2062 2010 46
2090 2004 2097 2011 .

1080 2015 1176 2064 τήνδ’
1195 2015 1384 2065 ἐρυσαίμην
1396 2045 1405 2062 ,
1424 2020 1517 2052 unde
1534 2020 1731 2054 Hermanno
1749 2023 1892 2055 subnata
1909 2025 2101 2058 coniectura

851 2063 1043 2101 eaesitiente;
1081 2065 1221 2097 minime
1238 2067 1427 2099 necessaria
1449 2065 1552 2112 τήνδε
1581 2063 1607 2115 γ’
1637 2066 1848 2115 ἐρυσαίμην,
1881 2080 1924 2103 ne
1952 2082 1969 2104 ε
1998 2073 2101 2105 finale

836 2106 978 2156 ῥιπτεῖν.
1000 2128 1043 2134 -
1081 2116 1160 2145 ante
1180 2123 1198 2159 ρ
1215 2115 1450 2156 corriperetur.
1494 2113 1591 2161 ῥῦσαι
1605 2115 1747 2150 σεαυτὸν
1770 2115 1830 2150 καὶ
1854 2115 1972 2158 πόλιν,
2004 2117 2101 2166 ῥῦσαι

842 2394 940 2425 verbs
957 2394 1042 2425 irre-
1080 2398 1227 2439 scripsit.

28 2157 33 2166 ‘¹
48 2160 50 2163 ·
83 2153 205 2186 ivum
230 2152 280 2199 μὴ
313 2178 320 2186 .
338 2179 344 2186 .
362 2179 369 2186 .
400 2150 514 2200 ῥιφθῶ
531 2153 628 2188 κυσὶν
653 2153 849 2201 πρόβλητος
875 2157 929 2189 Ai.
958 2153 1040 2190 830.
1080 2156 1108 2193 δ’
1126 2157 1201 2205 ἐμὲ,
1224 2158 1323 2206 ῥῦσαι
1335 2160 1372 2195 δὲ
1390 2163 1457 2195 πᾶν
1475 2159 1609 2207 μίασμα
1624 2165 1686 2197 τοῦ
1699 2159 1907 2210 τεθνηκότος
1922 2163 2002 2199 312.
2016 2163 2096 2200 313.

1058 2217 1165 2269 'quae
1190 2208 1324 2265 ultima·
1337 2218 1478 2267 zeu'gma
1501 2210 1647 2265 habent,
1681 2221 1758 2269 cum
1787 2212 1968 2245 dicendum
1994 2215 2100 2246 fuerit

1081 2253 1180 2301 ῥυσαι
1204 2253 1243 2289 δε
1266 2267 1327 2290 του
1355 2266 1567 2301 μιασματος,
1596 2268 1619 2290 1.
1642 2268 1672 2291 e.
1702 2255 1859 2305 καθηρον
1884 2259 1934 2315 τὸ,
1950 2258 2095 2317 μίασμα,

1079 2347 1185 2396 φόνου
1214 2347 1232 2382 ἔ
1255 2361 1335 2396 ρυτο
1359 2350 1552 2397 κανέσῳσεν
1581 2349 1673 2385 1352
1698 2363 1741 2385 m.
1770 2351 1845 2398 [ubi
1863 2305 2099 2402 Ὀξίιᾶέτὲἷυτῗ

833 2437 967 2487 οἴχεται
998 2439 1040 2486 δὴ
1150 2450 1370 2500 [*Ῥυποίω
1396 2459 1545 2498 inquino.
1574 2456 1779 2504 ῥυπωμένου
1803 2457 1845 2492 δι’
1861 2458 1949 2498 ὦτός
1967 2461 2007 2492 fr.
2028 2462 2094 2494 inc.

1078 2499 1163 2544 737,
1193 2500 1215 2534 2
1245 2505 1330 2536 coni.
1359 2504 1506 2537 Meinek.
1536 2506 1572 2537 in
1598 2507 1708 2539 annal.
1736 2507 1900 2540 Fleckeis.
1936 2504 2036 2541 1863.
2059 2519 2092 2551 p.

1080 2546 1148 2582 379
1165 2560 1226 2591 pro
1241 2549 1498 2596 τρυπωμένου.]

1148 2601 1337 2643 Ῥύσιονι
1361 2606 1545 2651 ἑλκυστόν,
1567 2609 1702 2657 λύτρον,
1723 2610 1877 2658 τίμημα,
1897 2611 1920 2658 ἢ
1937 2612 1977 2647 τὸ
1995 2611 2098 2648 ἕνεκα

1081 2653 1245 2702 ἐνεχύρου
1271 2655 1522 2703 κατεχόμενον,
1550 2659 1698 2699 Hesych.
1745 2657 1892 2706 ῥύσιαε
1930 2658 1965 2694 ἐν
1999 2660 2097 2708 Βυρ<ι’.-

1081 2713 1211 2747 σματα,
1240 2704 1411 2749 σωτηρία,
1441 2702 1566 2751 λύτρα,
1595 2704 1781 2752 λεηλασία,
1810 2707 1906 2741 idem.
1953 2705 2094 2754 ῥυσιαι

1080 2748 1228 2797 ἐνέχυρα
1244 2751 1342 2784 Phot.
1375 2762 1408 2793 p.
1430 2748 1519 2793 492,
1548 2750 1606 2785 21.
1651 2754 1781 2787 Horum
1806 2765 1915 2787 unum
1936 2754 1977 2789 τὸ
1994 2754 2096 2791 ἕνεκα

1080 2794 1244 2843 ἐνεχύρου
1267 2797 1501 2846 κατεχόμενον
1519 2801 1678 2833 convenit
1702 2802 1740 2832 in
1757 2802 1812 2834 OC
1830 2798 1911 2835 858.
1941 2801 2000 2838 καὶ
2015 2806 2096 2847 μεῖ-

1079 2842 1136 2882 ζον
1153 2841 1221 2889 ἄρα
1245 2842 1358 2891 ῥύσιον
1384 2843 1484 2879 πόλει
1505 2845 1596 2893 τάχα

1079 2892 1180 2923 etiam
1206 2891 1390 2934 Oedipum,
1418 2898 1459 2926 ut
1476 2898 1554 2926 ante
1579 2895 1684 2936 filias,
1714 2896 1932 2941 abducturus..
1979 2895 2093 2944 ῥύσιον

1077 2939 1151 2979 ipse
1169 2939 1320 2981 Oedipus
1338 2944 1408 2980 est,
1438 2938 1536 2977 πόλις
1554 2945 1669 2974 autem
1688 2943 1942 2985 Thebanorum;
1969 2947 2094 2988 pigmus

1621 2845 1752 2892 θήσεις.
1798 2848 1903 2882 Creon
1927 2850 2090 2892 loquitur,

833 3017 839 3024 ‚
862 2989 943 3026 259·
1078 2985 1136 3017 ille
1153 2990 1308 3027 vocatur,
1330 2987 1420 3029 quod
1437 2992 1555 3029 captus
1573 2990 1614 3021 ab
1631 2990 1718 3031 illis,
1739 2991 1945 3032 repetendus
1964 2995 1998 3024 et
2012 2988 2093 3034 pre-

842 3052 942 3083 Μίδα.
972 3050 989 3098 b
998 3051 1039 3086 ό-
1077 3033 1124 3064 tio
1141 3033 1359 3066 redimendus
1377 3038 1428 3066 est
1445 3036 1485 3066 ab
1502 3035 1557 3067 his
1568 3061 1576 3076 ,
1599 3036 1690 3068 unde
1707 3038 1839 3069 ablatus
1855 3042 1919 3070 est.
1950 3037 2004 3071 Sic
2019 3040 2093 3071 fere

861 3196 936 3231 πῶς
964 3191 1039 3227 πότ’

828 3287 877 3330 (11
890 3298 924 3328 p.
938 3284 1040 3332 696.)
1076 3278 1100 3312 φ

1076 3079 1191 3112 Herm.
1207 3091 1215 3113 ι
1234 3090 1410 3122 perperam
1428 3082 1639 3115 Brunckius:
1669 3083 1776 3123 facies
1799 3088 1837 3116 ut
1862 3086 1992 3117 civitati
2016 3089 2093 3118 tuac

1075 3136 1151 3158 mox
1175 3127 1310 3168 aliquod
1324 3130 1432 3160 maius
1447 3130 1573 3169 piynus
1597 3140 1618 3161 α
1634 3140 1686 3161 me
1702 3130 1924 3171 auferendum
1940 3134 1994 3164 sit.
2022 3133 2053 3164 N
2055 3142 2093 3165 ec

1076 3174 1182 3206 multo
1205 3175 1328 3207 melius
1352 3176 1479 3216 Reisig.
1508 3176 1550 3208 de
1572 3179 1678 3217 pretio
1700 3188 1763 3218 pro
1787 3180 1893 3219 raptis
1914 3180 2036 3219 puellis
2061 3183 2092 3212 et

1080 3219 1204 3260 Oedipo
1224 3221 1451 3261 persolvendo.
1483 3241 1523 3246 -
1550 3225 1589 3255 In
1616 3225 1759 3257 alterum
1783 3226 1893 3257 locum
1918 3226 1979 3258 Ph.
2001 3223 2087 3260 959:

1101 3265 1179 3300 όνον
1198 3266 1305 3313 φόνου
1323 3267 1361 3303 δὲ
1377 3267 1489 3316 ῥύσιον
1505 3268 1588 3305 τίσω
1604 3269 1711 3308 τάλας
1728 3271 1811 3318 πρὸς
1827 3274 1889 3305 τοῦ
1907 3270 2090 3311 δοκοῦντος

1076 3311 1175 3347 οὐδὲν
1193 3313 1318 3349 εἰδέναι
1342 3315 1449 3351 κακόν
1474 3318 1649 3350 Eustathii
1666 3320 1766 3351 verba
1775 3320 1939 3361 quadrant
1953 3331 1989 3362 p.
2005 3317 2085 3362 877,

829 3355 945 3401 οῖβὸος
975 3357 1039 3392 οὐκ
1075 3357 1138 3392 37:
1166 3360 1209 3395 τὰ
1234 3360 1272 3396 δὲ
1306 3361 1435 3409 ῥύσια
1460 3362 1565 3409 δηλοῖ
1591 3363 1634 3398 τὰ
1661 3363 1735 3399 ἀντὶ
1751 3370 1851 3399 τινῶν
1874 3364 2041 3413 ῥυόμενα,
2071 3366 2090 3401 ὃ

841 3415 859 3438 ο
872 3403 920 3453 ῖβ
936 3404 954 3439 ὃ
968 3417 986 3440 ο
1000 3417 1034 3446 ς;
1075 3405 1162 3442 ἔστιν
1180 3407 1372 3457 ἑλκόμενα,
1392 3409 1451 3446 καὶ
1469 3408 1542 3446 ἀντὶ
1558 3416 1626 3447 τῶν
1644 3410 1958 3461 προαρπασθέντων
1975 3412 2090 3463 ἁρπα-
