2288 3600
43 147 52 176 ·.
76 139 290 184 saie-8524

0 218 16 247 ᾖ
75 260 91 287 ς
117 250 238 294 στῆσαι
261 245 379 294 τρίχας
397 246 452 278 OG
475 241 573 277 1625.
618 245 705 276 Hinc
722 245 881 277 dicuntur
896 255 978 290 τρο-

30 288 43 314 ¹.
70 293 190 341 ἔστησε
223 298 290 328 τῶν
316 292 410 338 ἐμῶν
463 295 550 337 ερῶν
576 292 631 324 Tr.
665 288 774 330 1102,
803 292 888 333 quod
914 292 978 324 etsi

0 337 17 342 '¹
42 346 145 375 ratam
175 342 274 374 habet
300 343 418 373 vincen
444 351 454 372 ι
482 340 570 379 vim,
601 341 796 384 τροπαῖα
821 341 979 383 στῆσαι

50 400 82 422 m
114 393 226 421 tamen
249 389 382 430 proprie
406 388 540 420 dicitur.
586 387 670 418 Item
695 384 822 432 χοροὺς
845 383 979 430 ἵστησιν

12 435 27 476 ;
43 433 113 469 280
138 440 172 468 et
197 433 328 482 ἐχθρᾶς
354 433 421 468 ἀπὸ
447 431 604 480 γυναικὸς
632 431 762 467 ἱστάναι
785 426 976 478 κτερίσματ’

63 485 257 516 constituere
282 484 318 515 in
333 483 496 522 sepulcro,
518 481 551 512 id
569 483 621 512 est
639 480 778 517 fundere
794 481 974 512 libationes.

0 530 54 564 'ide
71 531 195 562 dicitur
210 528 286 575 πρὶν
304 526 344 562 ἂν
361 526 473 566 κείνας
491 525 642 573 ἐναργεῖς
661 525 759 573 δεῦρό
773 538 832 572 μοι
850 525 978 580 στήσῃς

12 583 14 585 ’
80 577 146 609 OC.
167 573 247 609 910.
291 570 366 609 ὥστ’
394 574 430 609 ἐν
456 573 589 618 δόμοισι
612 576 701 608 τοῖσι
718 576 790 611 σοῖς
818 572 933 620 στήσω
951 583 969 605 σ

43 635 62 658 ν
79 621 180 656 1342.
195 642 235 647 -
256 624 470 655 Intransitive
486 625 598 654 autem
615 621 811 653 consistendi
823 625 857 653 et
868 620 979 652 standi

0 674 134 707 &testate
160 671 241 702 haec
266 671 353 702 dicta
378 673 476 702 sunt:
514 665 640 701 οὔκουν
667 666 754 713 ἐμοῦ
777 665 806 713 γ’
824 666 977 704 ,ἑστῶτος

0 714 124 764 §hap-05
142 715 247 755 πέλας
265 718 323 749 ΟΒ
339 714 419 749 565.
455 717 528 753 σοῖς
546 713 626 748 ὅταν
645 719 766 749 στῶσιν
783 713 904 760 τάφοις
922 714 977 747 Oc

0 760 50 799 ss.
79 766 277 797 Schaeferus
294 758 341 797 ὅτ’
359 762 516 797 ἐνστῶσιν
538 762 668 803 quando
689 773 782 794 ‹zv-ma
795 763 974 794 intuterint.

0 813 137 854 &Herm
160 810 284 845 στάντα
299 810 383 857 πρὸς
404 822 429 843 π
453 810 545 855 ὠτην
563 807 610 843 ἔω
627 807 707 842 477.
752 807 833 855 ἔστη
855 806 978 842 κελεύ-

0 863 44 895 ’m
70 858 104 892 ἐν
130 857 348 906 πολυσγίστῳ
376 858 433 900 [πο
457 855 627 904 υσχίστων
646 857 748 889 Dind.
769 867 797 888 c.
818 853 977 900 Heathio]

17 904 34 915 ''
52 903 152 939 1592.
181 903 239 951 ἀφ’
256 901 295 939 οὗ
314 903 417 950 μέσος
434 902 514 941 στάς
535 900 635 936 1595.
669 901 747 941 στὰς
766 901 793 936 δ’
810 901 875 937 ὺπὲ
915 914 978 948 με-

0 916 109 999 apum
124 954 204 985 Ant.
220 951 285 984 117
300 953 351 984 ch.
381 949 482 998 στῆθι
499 948 643 996 πλησίον
657 961 725 983 πατ
747 949 784 988 ός
802 951 857 982 Tr.
894 947 973 983 076.

0 994 47 1049 [γα
60 1011 120 1034 νυν
138 998 244 1038 ἑστώς
262 1001 315 1032 Ai.
334 997 390 1031 87.
420 1000 527 1031 Affert
545 998 643 1030 Eust.
664 1008 697 1039 p.
741 995 820 1038 312,
837 995 879 1029 18
895 999 918 1029 i.
941 1007 972 1038 q.

0 1045 89 1085 Ώαθι
111 1051 225 1093 σιγῶν.
263 1046 280 1081 ὁ
307 1045 370 1091 μὲν
397 1056 465 1091 σφα
488 1044 544 1082 εὺς
571 1042 711 1090 ἕστηκεν
735 1038 807 1092 ᾖ...
832 1046 885 1076 Ai.
909 1042 977 1077 815

0 1095 97 1134 mus
114 1095 180 1127 solo
198 1098 274 1127 stat.
302 1088 358 1128 ὧδ’
379 1091 396 1126 ὁ
415 1057 526 1138 μῦθος
543 1090 674 1125 ἑστάτω
689 1093 739 1124 El.
756 1089 812 1124 50.
842 1089 977 1129 στάντες

0 1135 19 1181 ἓ
40 1139 127 1176 ὅπου
159 1138 239 1173 709.
297 1138 395 1186 ὀρθοὶ
419 1139 542 1177 πάντες
575 1136 716 1173 ἕστασαν
747 1136 861 1185 διφροί
893 1135 974 1171 723.

0 1181 107 1270 &a
125 1186 267 1222 ἕστασαν
287 1185 430 1232 ἱματίων
450 1185 657 1231 ἐπιζώστρας
675 1187 787 1219 Colch.
805 1188 845 1218 fr.
860 1183 927 1218 314
941 1187 973 1217 b.

95 1236 361 1276 adsignificatur:
397 1233 502 1279 ἡμεῖς
530 1227 557 1266 δ’
583 1233 616 1268 οἱ
639 1231 807 1271 παθόντες
833 1230 977 1277 ἕσταμεν

0 1280 27 1321 Β
52 1280 152 1315 1017.
198 1282 247 1327 μὴ
275 1279 373 1328 σταίη
399 1279 607 1315 πολὺκωπον
633 1278 752 1327 ὄχημα
775 1279 855 1318 ναὸς
882 1278 977 1324 αὐτῷ

0 1321 29 1371 ᾗς
46 1327 115 1362 656
132 1330 183 1362 ch.
229 1327 373 1374 σελήνης
401 1326 478 1374 ὄψις
503 1326 670 1374 εὐφρόνας
696 1326 757 1362 δύο
779 1330 899 1373 στῆναι
916 1325 977 1361 δύ-

0 1371 53 1419 ἀέ
69 1374 109 1411 ἂν
126 1373 241 1410 οὔποτ’
259 1375 294 1410 ἐν
312 1375 431 1422 μορφῇ
445 1374 507 1420 μιᾷ
524 1376 564 1407 fr.
585 1377 651 1407 inc.
673 1373 754 1415 713,
775 1372 807 1407 4.
834 1392 874 1398 -
902 1375 978 1406 Huc

29 1420 59 1457 ἰ·
82 1424 207 1465 aliquid
231 1425 355 1465 proprii
380 1423 543 1455 sermonis
558 1423 727 1455 habentia.
772 1423 839 1455 ποῦ
857 1413 976 1510 βὲζτξ

0 1425 78 1559 Ξοῦ
95 1469 252 1512 στάντος,
281 1467 387 1515 οὗπερ
406 1467 471 1503 οὐκ
488 1468 575 1515 ἐγώ;
606 1471 647 1502 Ai
668 1466 768 1502 1237.
805 1469 876 1500 Nus
924 1480 942 1500 a

2 1556 4 1558 ¹
20 1518 22 1520 ’
60 1528 120 1550 suo
143 1519 282 1559 imperio
299 1518 468 1550 subditum
488 1517 636 1548 adfuisse
648 1542 656 1557 ,
684 1526 749 1549 non
767 1520 806 1548 ut
823 1517 876 1548 sui
893 1517 976 1548 iuris

59 1590 67 1607 ,
89 1566 222 1597 Aiacem
240 1565 445 1605 Agamemno
462 1565 554 1596 dicit.
584 1565 627 1596 cf.
648 1565 725 1597 ποῦ.
762 1564 808 1595 Et
824 1561 924 1596 ποίαν
969 1557 978 1569 '

0 1562 146 1660 &taum
181 1610 295 1649 δοκεῖς
329 1609 363 1650 ἐξ
389 1608 494 1644 ὕπνου
521 1613 640 1656 στῆναι
663 1609 758 1651 τότε;
803 1610 863 1642 Ph.
892 1607 937 1642 27
966 1635 972 1641 .

0 1655 112 1701 ἔπῶς
137 1656 334 1693 διατεθέντα
354 1657 550 1703 ἀναστῆναι.
579 1669 611 1690 V.
633 1659 714 1690 Lob.
735 1659 776 1690 de
794 1659 848 1698 fig.
871 1661 972 1696 etym.

0 1691 118 1744 3137,-
149 1707 282 1738 Tralata
305 1707 386 1738 haec
411 1706 498 1737 dicta
522 1707 691 1738 transitive
709 1709 742 1737 et
759 1705 976 1736 constituendi

0 1740 103 1798 ffiem
135 1757 319 1795 potestate:
364 1750 527 1798 τύραννον
562 1750 768 1798 οὑπιχώριοι
797 1750 976 1796 στήσουσιν

0 1792 119 1846 ᾒ940.
149 1798 186 1833 ὃν
199 1798 298 1837 πόλις
311 1798 454 1845 στήσειε,
470 1797 571 1832 τοῦδε
583 1798 652 1847 χρὴ
666 1797 780 1833 κλύειν
798 1800 880 1831 Ant.
894 1795 973 1830 666.

0 1843 184 1892 Qutionem
209 1848 355 1879 illustrat
379 1847 505 1887 Musgr.
527 1848 550 1878 l.
572 1858 599 1879 c.
635 1847 717 1879 Inde
741 1846 874 1878 reddere
897 1847 977 1877 sub-

0 1892 54 1937 ffi‘
77 1898 112 1928 et
142 1895 249 1935 facere
281 1898 402 1926 vertas.
446 1892 522 1939 πρὶν
547 1891 589 1927 ἄν
613 1904 649 1927 σε
673 1898 740 1927 τῶν
765 1897 832 1927 σῶν
857 1891 975 1938 κύριον

27 1940 37 1951 ⁵⁴
104 1940 233 1975 τέκνων
258 1941 314 1974 OC
341 1938 428 1973 1041
443 1966 450 1979 ,
478 1941 567 1982 quod
591 1942 746 1982 prosariis
770 1938 975 1984 καταστήσω

14 2024 25 2032 Β,
39 1988 41 1990 ’
73 1998 98 2020 ι·.
127 1986 323 2033 ξυνωμότας
337 1982 450 2033 ἔστησ’
467 1986 606 2035 ἐμαυτῷ
620 1990 684 2034 γῆς
701 1985 838 2033 ὅσοιπερ
855 1984 975 2024 Ἀπίας

1 2041 6 2061 ἵ
70 2046 96 2068 ι
110 2033 298 2069 καλοῦνται
317 2032 418 2067 1303.
440 2036 530 2067 Hinc
545 2036 681 2067 ducitur
697 2034 869 2080 στήσαντα
885 2032 975 2081 ἔχειν

2 2080 180 2128 ’,στῆσαιε
202 2080 284 2116 ὅτου
300 2081 384 2116 ποτὲ
401 2085 502 2128 μῆνιν
517 2080 662 2127 τοσήνδε
680 2081 880 2127 πράγματος
897 2080 977 2126 στή-

8 2126 46 2167 J*
86 2140 134 2167 εις
151 2129 209 2162 ΟΒ
226 2126 305 2161 699.
331 2129 403 2161 Ηοο
417 2130 550 2162 schema
567 2130 722 2171 Euripidi
739 2130 972 2170 perfrequens,

4 2177 119 2225 &⁰⁰15
137 2178 318 2209 solitarium
336 2180 398 2217 est,
417 2180 507 2208 certe
522 2177 550 2208 si
563 2178 670 2208 active
685 2177 811 2208 dictum
829 2180 971 2217 spectes.

8 2223 55 2259 ,.ἶί
76 2240 78 2244 v
92 2225 201 2256 itivae
218 2224 370 2256 dictionis
387 2227 450 2263 est,
474 2224 561 2264 quod
579 2224 619 2255 de
637 2227 726 2255 statu
743 2227 776 2255 et
792 2224 975 2254 conditione

10 2266 58 2315 [J
91 2269 228 2305 ἑστάναι
244 2271 392 2312 ponitur.
422 2271 474 2302 De
492 2270 618 2302 homine
633 2265 676 2303 ἵν’
695 2268 838 2314 ἕσταμεν
855 2268 975 2317 χρείας

9 2359 11 2362 Α
32 2314 144 2364 41442.
172 2315 209 2356 Ευ
241 2320 348 2363 φορᾶς
364 2315 406 2350 ἵν’
424 2314 569 2362 ἕσταμεν
588 2318 643 2349 Tr.
668 2315 768 2349 1145.
801 2315 833 2350 τί
849 2316 912 2363 γὰρ
931 2315 974 2362 δὴ

2 2363 43 2393 Ἰζ’
75 2362 93 2398 ὁ
115 2367 175 2398 τοῦ
235 2362 389 2409 αερτὶου,
425 2366 491 2397 ποῦ
518 2374 570 2398 σοι
592 2362 702 2411 τύχης
728 2361 887 2409 ἔστηκεν;
918 2365 971 2396 Ai.

13 2415 39 2446 Α·
87 2412 138 2444 De
162 2421 218 2443 re:
244 2410 324 2456 ἐμοὶ
351 2406 375 2444 δ’
396 2409 482 2458 ἄχος
508 2408 646 2445 ἕστακεν
664 2413 718 2443 Ai.
741 2408 810 2444 200
827 2412 878 2443 ch.
923 2411 975 2444 Sic

61 2467 90 2490 r
112 2457 176 2492 οὐκ
201 2455 242 2492 ἂν
257 2454 329 2491 τάδ’
349 2456 431 2503 ἔστη
447 2456 533 2504 τῇδε
553 2458 601 2504 μὴ
620 2456 710 2492 θεῶν
729 2456 817 2502 μέτα
833 2459 886 2490 Ai.
908 2455 977 2490 950

58 2513 94 2537 σο
116 2506 319 2537 excidissent.
348 2506 479 2538 Deinde
505 2503 540 2542 ἐς
565 2502 669 2550 ὀρθὸν
688 2508 807 2550 στῆναι
824 2510 876 2537 est
891 2516 977 2538 κατ-

4 2575 14 2598 ,¹
35 2560 136 2595 ⁹„trau
173 2550 310 2589 στάντες
334 2546 363 2585 τ’
387 2550 422 2589 ἐς
447 2549 550 2598 ὀρθὸν
573 2550 632 2585 καὶ
652 2551 811 2590 πεσόντες
837 2549 976 2597 ὕστερον

14 2600 100 2638 ιέῗιΊ.
137 2600 246 2631 Aliter
268 2600 394 2631 dictum
419 2597 484 2632 οὐκ
501 2593 573 2633 ἔσθ’
591 2597 711 2633 ὁποῖον
729 2594 840 2633 στάντ’
856 2596 897 2633 ἂν
915 2598 978 2632 ἀν·-

40 2651 59 2683 22
78 2656 110 2679 υ
135 2643 206 2690 βίον
231 2640 300 2679 οὔτ’
327 2640 494 2692 αἰνέσαιμ’
516 2643 556 2679 ἂν
576 2643 654 2680 οὔτε
672 2644 876 2693 μεμψαίμην
894 2645 978 2680 ποτέ

4 2708 17 2730 μ
43 2703 53 2738 j
93 2689 170 2726 156.
197 2694 382 2733 Musgravii
397 2694 709 2734 interpretationem
726 2694 766 2725 de
783 2696 852 2725 vita
864 2703 977 2734 super-

24 2768 25 2771 ,
72 2741 211 2781 petitam
228 2750 270 2772 ex
288 2740 345 2772 ΟΒ
363 2737 464 2772 1524.
485 2740 541 2772 Tr.
563 2737 586 2772 2
601 2741 796 2782 vituperans
810 2741 975 2773 Herman-

6 2798 20 2823 3
40 2797 64 2824 j*
76 2787 280 2827 niungenda
295 2788 390 2819 docet
411 2785 531 2821 ὁποῖον
549 2785 675 2820 στάντα
692 2797 901 2828 quaecunque
918 2790 977 2819 stet

5 2847 45 2889 ἡ
70 2834 238 2874 conditio,
275 2835 460 2866 secundum
492 2835 691 2866 scholiasten
716 2836 975 2876 interpretatum

5 2882 22 2892 '¹
49 2876 194 2924 ήποτε
219 2879 428 2926 βεβιωκότα,
465 2879 534 2914 εἴτε
564 2878 682 2918 καλῶς
708 2878 776 2914 ε’ίτε
799 2879 970 2918 ἐναντίως.

10 2930 28 2950 -ῑ
61 2925 101 2962 fle
123 2928 216 2960 rebus
237 2929 460 2968 praesentibus
483 2931 572 2960 certe
587 2926 630 2960 τὰ
648 2926 778 2961 ἑστῶτα
794 2929 971 2960 dicuntur:

7 2997 27 3014 η,
39 3011 42 3014 ‚
55 2974 141 3015 ’ᾖνῦν
157 2971 273 3008 ἑστῶτ’
292 2973 410 3020 οἰκτρὰ
429 2973 490 3019 μὲν
508 2972 593 3019 ἡμῖν
612 2975 667 3006 Tr.
684 2972 770 3006 1271
789 2977 812 3006 i.
833 2985 865 3016 q.
885 2972 976 3008 καθ-

1 3035 10 3058 ]
80 3031 121 3060 α,
148 3022 244 3053 cuius
267 3023 525 3063 permutationis
551 3022 712 3063 simplicis
728 3023 822 3054 verbi
839 3027 872 3053 et
890 3031 977 3054 com-

165 3068 291 3109 aliquot
307 3069 415 3100 adhuc
431 3069 586 3109 exempla
603 3070 884 3100 enumerabimus.
905 3069 976 3100 De-

21 3110 70 3162 '22²‘
106 3111 286 3148 ὄπισθεν
312 3113 494 3148 ἑστάναι
519 3119 572 3147 est
599 3115 793 3155 posthaberi.
837 3116 977 3161 γνώμης

21 3178 37 3203 *a
51 3165 58 3207 j
71 3167 133 3198 ας
148 3155 239 3194 πάντ’
260 3159 399 3195 ὄπισθεν
417 3160 553 3196 ἑστάναι
571 3162 651 3194 Ant.
673 3159 752 3194 640.
797 3161 863 3194 Gur
880 3163 977 3193 Mus-

8 3206 65 3253 ggss.
90 3205 219 3240 Schaef.
242 3206 372 3242 ἱστάναι
389 3210 579 3249 maluerint,
600 3210 636 3240 in
653 3211 791 3241 obscuro
808 3212 870 3240 est.
895 3209 976 3240 For-

9 3253 29 3293 'j‘
51 3252 126 3286 ³de
149 3256 277 3287 trutina
293 3259 329 3287 et
344 3256 520 3296 pendendo
538 3256 745 3295 cogitabant,
774 3256 814 3287 de
832 3265 897 3297 quo
914 3265 978 3287 usu

118 3313 142 3332 ·.
160 3301 267 3334 Diatr.
288 3311 321 3343 p.
342 3299 411 3335 288
428 3313 456 3334 a.
495 3302 596 3344 Soph.
617 3303 665 3334 ita
682 3311 747 3334 non
765 3306 817 3334 est
832 3303 974 3334 locutus.

13 3376 22 3386 ,y
77 3349 207 3390 g'nutem
230 3350 455 3381 transferendi
474 3359 492 3380 a
512 3349 716 3381 consistendo
733 3349 773 3380 ad
790 3352 913 3380 statum
928 3358 981 3380 re-

737 120 748 138 ‘
761 126 957 194 Ιστορὲω
981 155 1050 163 -
1064 122 1230 193 Ἵστωρ

1923 128 2016 176 341

1014 241 1089 281 δέος
1106 254 1137 276 τι
1153 240 1303 290 καίριον;
1332 246 1374 275 sit
1390 247 1507 282 metus,
1527 246 1704 281 metuatur,
1724 244 1850 276 dictum
1869 245 1909 276 de
1927 246 2024 276 terri-

1014 291 1212 323 culamentis
1229 291 1263 322 in
1281 292 1368 330 agris
1387 292 1532 323 hortisve
1555 291 1734 331 erigendis.
1757 309 1796 314 —-
1817 291 1831 333 ΙΙ
1851 291 2024 324 Passivum

1014 348 1089 370 cum
1121 338 1252 380 proprie
1277 338 1399 378 modus
1423 338 1558 370 sistendi
1584 339 1649 369 vini
1677 338 1808 378 habeat,
1844 339 2022 371 assistendi

1014 385 1285 426 consistendique
1309 386 1499 425 significatu
1523 386 1580 416 vix
1597 397 1616 416 a
1633 385 1741 417 medio
1760 386 1810 417 vel
1828 386 1935 418 activo
1952 395 2016 418 aor.

1013 429 1046 464 2.
1074 435 1109 464 et
1133 433 1281 473 perfecto
1306 432 1482 474 discrepat.
1526 425 1676 465 σταθεῖσ’
1693 429 1842 466 ἄκουσον
1861 433 1916 465 Tr.
1938 430 2018 474 340,

1014 480 1036 511 i.
1049 489 1080 520 q.
1103 477 1276 526 ἐπέχουσα
1291 477 1354 524 τὴν
1371 477 1479 523 βάσιν,
1501 479 1586 520 quod
1604 484 1656 510 est
1673 480 1878 520 principium
1895 481 2018 520 standi,

1010 536 1142 567 perpere
1168 520 1284 558 s'tando
1311 529 1440 571 στῆναι.
1485 527 1549 559 Sed
1575 527 1672 567 plane
1698 526 1730 558 id
1755 527 1841 568 quod
1867 524 2021 573 ἑστηκώς

1013 574 1179 613 significat
1204 571 1282 618 πρὶν
1301 575 1415 611 κεῖνος
1432 572 1576 619 φανερὸς
1594 571 1755 619 ἐμφανῶς
1773 571 1837 618 [sic
1855 575 1930 606 LA:
1954 585 2022 619 φα·-

1011 619 1108 666 νερὸν
1127 618 1142 653 ἐ
1172 619 1282 666 φανής
1301 621 1402 652 Dind.
1425 631 1453 653 c.
1475 618 1596 664 Tricl.]
1622 617 1756 657 σταθεὶς
1782 619 1873 668 δείξῃ
1891 618 2021 655 θεοῖσιν

1014 668 1068 699 Tr.
1090 664 1134 699 60
1164 693 1169 698 .
1213 667 1259 704 ὡς
1283 665 1395 713 θυτήρ
1417 678 1454 713 γε
1477 665 1588 700 πολλὰ
1607 666 1650 711 δὴ
1669 665 1805 705 σταθεὶς
1823 666 1896 701 ἅνω
1918 665 2019 702 1192.

1013 711 1145 752 σταθεὶς
1172 712 1277 752 πέλας
1305 713 1420 760 ἱκέτης
1445 712 1573 761 ἔφαψαι
1589 713 1715 760 πατρός
1732 715 1787 747 Ai.
1812 713 1912 747 1171.
1957 716 2022 748 Sed

1013 762 1232 793 constituendi
1265 763 1296 793 vi
1330 759 1496 807 σταθῆναι
1529 763 1670 793 dicitur:
1708 759 1764 795 αἷν
1798 757 1910 796 οὔποτ’
1942 760 2019 808 ἡμὴ

1012 807 1118 855 χωρὶς
1135 806 1264 854 ἐστάθη
1283 807 1386 854 βορᾶς
1402 807 1553 854 τράπεζα
1569 809 1626 840 ΟΒ
1647 806 1746 841 1463.
1784 810 1871 841 Dein
1890 807 1939 848 τίς
1957 808 2021 844 θό-

1014 854 1112 902 ρυβος
1143 853 1276 890 ἵσταται
1300 854 1401 902 βοῆς,
1437 856 1496 887 Ph.
1527 853 1615 888 1263
1650 857 1773 888 clamor
1798 857 1943 888 tollitur:
1978 859 2020 890 de

1013 904 1109 935 cuius
1133 904 1309 936 locutionis
1335 904 1442 936 activa
1465 904 1568 934 forma
1585 903 1649 934 iam
1667 903 1826 935 diximus.
1855 904 2022 946 Exempla

1014 951 1088 982 vide
1111 961 1164 992 ap.
1194 951 1300 983 Stanl.
1329 951 1370 982 ad
1395 951 1515 982 Aesch.
1546 950 1624 982 Cho.
1653 947 1732 982 885.
1770 951 1932 983 Fritzsch.
1954 955 2018 991 Qu.

1014 999 1093 1029 Luc.
1114 1007 1148 1039 p.
1164 995 1240 1029 171.
1264 1015 1304 1021 -
1324 998 1338 1039 ΙΙ
1358 997 1500 1029 Medium
1517 1001 1692 1039 praesente
1711 1002 1745 1029 et
1761 998 1874 1029 futuro
1890 1000 2022 1040 proprie

1013 1045 1122 1076 standi
1138 1048 1302 1085 potestate
1320 1045 1519 1085 praeditum.
1555 1038 1628 1076 ἀλλ’
1647 1041 1731 1077 ἵστω
1747 1055 1784 1077 τε
1800 1042 1925 1083 καύτὸς
1943 1044 2021 1079 άντ-

1014 1090 1095 1137 έχου
1122 1092 1181 1123 Ph.
1211 1088 1291 1125 893.
1342 1094 1415 1129 τοῖς
1439 1089 1592 1125 ἄλλοισιν
1615 1086 1777 1137 Ἀργείων
1803 1090 1910 1130 πέλας
1934 1091 2020 1126 ἵστω

1012 1140 1067 1171 Ai.
1087 1135 1166 1170 774.
1204 1140 1292 1171 Hinc
1308 1140 1464 1171 tralatum
1483 1137 1545 1184 ὅρα
1562 1140 1628 1172 ποῦ
1646 1136 1770 1178 στάσει,
1792 1141 1854 1172 ποῖ
1871 1138 1909 1173 δὲ
1927 1138 2023 1184 βάσει

1014 1186 1074 1217 Ph.
1093 1183 1162 1218 833
1174 1187 1226 1217 cli.
1247 1186 1324 1227 quid
1341 1186 1540 1227 faciendum,
1563 1196 1646 1227 quae
1662 1188 1716 1218 via
1733 1186 1948 1225 inyredienda
1965 1189 2022 1220 tibi

1012 1235 1064 1264 sit.
1102 1234 1144 1264 Et
1165 1235 1346 1273 proprietas
1371 1234 1532 1265 sermonis
1558 1237 1610 1265 est
1631 1234 1718 1274 quod
1735 1234 1786 1264 bis
1810 1230 2020 1268 ἵστασθαι

1013 1285 1064 1312 est
1088 1289 1145 1321 pro
1172 1278 1457 1319 ἀνίστασθαι,
1487 1290 1666 1320 exsuryere.
1711 1278 1851 1326 βάθρων
1879 1278 2020 1315 ἵστασθε

1012 1328 1070 1360 ΟΒ
1090 1324 1166 1359 143.
1195 1327 1223 1360 ὦ
1241 1325 1372 1367 παῖδες,
1396 1326 1590 1372 ἱστώμεσθα
1610 1324 1686 1359 147.
1725 1328 1793 1359 Nec
1810 1329 1911 1368 probo
1927 1329 2021 1361 Mus-

1013 1375 1159 1415 gravium
1173 1400 1180 1414 ‚
1210 1376 1289 1406 Ant.
1310 1372 1398 1414 299,
1429 1376 1486 1406 ubi
1512 1375 1634 1415 legitur
1657 1368 1724 1408 τόδ’
1745 1373 1939 1408 ἐκδιδάσκει
1962 1374 2022 1410 καὶ

1012 1419 1241 1467 παραλλάσσει
1267 1421 1390 1467 φρένας
1414 1420 1566 1468 χρηστὰς
1591 1420 1675 1466 πρὸς
1700 1420 1826 1469 αἰσχρὰ
1845 1421 2021 1468 πράγμαθ’

1010 1466 1169 1502 ἵστασθαι
1186 1467 1328 1514 βροτῶν,
1357 1470 1521 1510 exemplis
1540 1470 1765 1510 explicantem
1782 1470 1905 1510 quibus
1925 1468 2021 1503 ἱστά-

1011 1527 1083 1555 ναι,
1111 1513 1288 1555 ἵστασθαι,
1318 1518 1533 1562 προσχωρεῖν
1560 1517 1647 1548 valet
1663 1515 1835 1548 accedere:
1860 1514 2021 1551 ἵστασθαι

1012 1565 1122 1604 potius
1139 1568 1191 1595 est
1208 1560 1511 1608 μεθίστασθαι,
1530 1566 1709 1609 τραπῆναι,
1731 1566 1874 1595 converti
1890 1575 1909 1596 a
1925 1565 2022 1597 bonis

1012 1611 1051 1642 ad
1078 1611 1161 1642 mala
1186 1611 1422 1647 consectanda.
1452 1611 1538 1651 quod
1565 1612 1644 1642 satis
1671 1612 1822 1642 munitur
1838 1613 2020 1652 praemisso

1012 1655 1242 1703 παραλλάσσει
1267 1657 1402 1704 φρένας.
1448 1658 1562 1689 Minus
1587 1658 1732 1699 denique
1756 1659 1953 1699 expeditum
1970 1662 2022 1690 est

1013 1705 1101 1746 quod
1127 1705 1188 1736 Ph.
1222 1703 1285 1737 175
1315 1705 1365 1737 ch.
1399 1706 1540 1745 legitur:
1582 1702 1676 1738 ἀλύει
1706 1698 1731 1737 δ’
1761 1703 1816 1738 ἐπὶ
1845 1704 1944 1739 παντί
1970 1717 2020 1751 τῳ

1011 1750 1128 1799 χρείας
1156 1750 1326 1797 ἱσταμένῳ
1344 1753 1384 1784 de
1403 1753 1587 1784 Philocteta
1604 1752 1759 1792 gravibus
1776 1754 1946 1785 aerumnis
1963 1763 2021 1794 op-

1011 1809 1135 1840 presso.
1173 1799 1278 1832 Schol.
1302 1798 1359 1833 ἐπὶ
1376 1798 1475 1833 παντὶ
1486 1798 1535 1845 τῷ
1555 1797 1590 1833 ἐν
1608 1797 1707 1845 χρείᾳ
1746 1810 1816 1845 ιγνο
1847 1799 1913 1845 ἑνῳ
1931 1798 2020 1834 ἀπο-

1032 1848 1075 1879 εῖ.
1122 1847 1244 1878 Locum
1276 1849 1372 1879 affert
1403 1847 1568 1878 Aristides
1598 1839 1632 1878 1?
1656 1856 1689 1887 p.
1719 1811 1783 1887 34,
1836 1844 1870 1878 2.
1922 1848 2020 1880 Haud

1011 1894 1113 1925 dubie
1136 1892 1174 1927 τὸ
1200 1892 1378 1938 ἱστάμενον
1403 1895 1499 1935 quasi
1525 1891 1746 1938 ἀνιστάμενον
1771 1894 1812 1925 de
1832 1896 2021 1926 necessitate

1011 1941 1105 1982 quasi
1131 1944 1258 1981 repente
1276 1942 1388 1973 oborta
1406 1941 1551 1981 dictum,
1573 1941 1666 1972 velut
1685 1937 1829 1986 τοῦργον
1845 1939 1923 1974 τόδε
1941 1943 2018 1986 μεῖ-

1014 1986 1071 2047 ζον
1102 1985 1221 2032 ἀνήκει
1248 1989 1301 2020 Tr.
1333 1985 1422 2020 1018
1455 1992 1507 2020 est
1537 1986 1585 2025 εἰς
1619 1986 1658 2021 τὸ
1685 1986 1800 2031 μεῖζον
1826 1986 2016 2034 ἐκφέρεται,

1012 2046 1199 2073 αυςανεται.

1080 2088 1286 2139 Ἵστορέω
1315 2093 1329 2135 n
1358 2094 1600 2134 percunctando
1627 2095 1786 2134 comperio
1811 2104 1838 2126 s.
1865 2097 2017 2135 comperi.

1012 2135 1083 2174 οὔθ’
1104 2138 1193 2186 δρῶν
1211 2135 1282 2174 οὔθ’
1305 2139 1447 2186 ἱστορῶν
1465 2141 1523 2172 ΟΒ
1543 2137 1642 2172 1484.
1673 2151 1697 2173 π
1719 2138 1749 2173 ὶν
1766 2143 1825 2174 νῦν
1836 2140 1880 2174 τὰ
1892 2136 2020 2175 πλείον’

1013 2186 1158 2231 ἱστορεῖν
1176 2187 1231 2220 OC
1250 2185 1304 2219 36.
1349 2191 1412 2234 τῆς
1431 2187 1562 2225 ἐκεῖνος
1581 2186 1716 2232 οὐδαμα
1733 2185 1880 2233 βλάστας
1898 2187 2022 2233 ἐφώνει

1013 2232 1117 2268 δ’θεν
1135 2233 1234 2268 οὐδὲν
1255 2234 1396 2280 ἱστορῶν
1414 2235 1468 2266 Tr.
1490 2232 1570 2268 382.
1607 2233 1639 2267 εἴ
1662 2246 1693 2268 τι
1718 2228 1857 2282 χρῄζεις
1876 2234 2021 2280 ἱστορεῖν

1013 2279 1033 2313 3
1060 2280 1092 2313 7.
1130 2282 1184 2314 Sic
1207 2283 1309 2314 etiam
1327 2283 1379 2314 El.
1400 2279 1468 2314 316
1495 2283 1683 2323 explicetur
1706 2277 1829 2327 ἱστόρει
1844 2280 1877 2315 τί
1893 2293 1946 2316 σοι
1962 2281 2021 2328 φί-

1012 2327 1071 2362 λον
1084 2355 1092 2369 ,
1122 2330 1195 2360 licet
1219 2339 1255 2360 ex
1272 2339 1323 2360 me
1339 2331 1528 2369 comperias.
1552 2347 1592 2352 —
1618 2328 1633 2370 ΙΙ
1660 2329 1752 2362 Alias
1770 2331 1811 2362 de
1825 2333 2020 2370 percuncta-

1012 2378 1099 2407 tione
1124 2377 1246 2407 dicitur
1272 2377 1318 2407 ita
1344 2381 1381 2407 ut
1404 2376 1623 2416 comperiendi
1643 2386 1709 2408 non
1727 2378 1814 2409 adsit
1831 2378 1901 2409 ulla
1917 2378 2022 2417 signi-

1012 2424 1131 2454 ficatio.
1168 2420 1340 2468 τόλμησον
1362 2422 1489 2463 εἰπεῖν,
1519 2421 1537 2456 ὅ
1555 2420 1581 2455 σ’
1602 2421 1725 2467 ἱστορῶ
1743 2425 1798 2456 Tr.
1819 2421 1899 2456 404.
1936 2423 2021 2470 πρὸς

1012 2468 1044 2502 τί
1070 2463 1093 2502 δ’
1124 2468 1286 2514 ἱστορεῖς;
1316 2467 1395 2502 418.
1448 2466 1612 2515 Αἴγισθον
1639 2464 1705 2503 ἔνθ’
1734 2464 1871 2516 ᾤκηκεν
1898 2470 2022 2516 ἱστορῶ

1013 2514 1118 2550 πάλαι
1135 2517 1187 2548 El.
1211 2514 1310 2549 1101.
1356 2516 1404 2562 μὴ
1430 2515 1552 2562 ἱστόρει
1570 2514 1674 2551 πλέον
1691 2518 1749 2550 ΟΒ
1769 2514 1870 2550 1165.
1914 2519 1958 2550 Et
1975 2519 2023 2550 sic

1010 2566 1140 2604 passive
1171 2565 1296 2596 dictum
1329 2569 1381 2596 est
1413 2562 1490 2609 πρίν
1523 2558 1549 2610 γ’
1577 2561 1617 2597 ἂν
1651 2561 1752 2612 εἴπῃς
1784 2563 2022 2610 ἱστορούμενος

1014 2609 1124 2657 βραχύ
1154 2612 1209 2643 Tr.
1240 2608 1319 2642 415.
1351 2629 1391 2634 -—
1424 2611 1438 2653 11
1462 2612 1546 2643 Rem
1574 2615 1774 2652 compertam
1802 2622 1939 2644 narrare
1967 2613 2022 2644 vel

1013 2667 1262 2690 commemorare
1286 2659 1462 2699 significat.
1507 2655 1571 2691 οὐκ
1595 2657 1744 2692 ἐννέπων
1766 2658 1824 2693 τὸν
1850 2653 1954 2699 παῖδ’,
1983 2658 2021 2693 ὃν

1014 2702 1112 2743 οὗτος
1139 2704 1267 2750 ἱστορεῖ
1290 2705 1347 2737 ΟΒ
1375 2702 1475 2737 1150.
1525 2703 1584 2738 τὸν
1609 2702 1702 2738 παῖδ’
1726 2703 1860 2743 ἔδωκας
1876 2703 1958 2750 τῷδ’
1984 2705 2021 2740 ὃν

1013 2749 1112 2790 οὗτος
1147 2751 1292 2797 ἱστορεῖ;
1330 2749 1431 2784 1156.
1476 2753 1690 2793 Exquisitius
1723 2754 1814 2784 enim
1847 2753 1927 2785 haec
1959 2754 2018 2793 ita,

1013 2809 1111 2840 quam
1129 2799 1170 2831 de
1186 2800 1458 2840 percunctatione
1471 2800 1722 2840 intelliguntur,
1735 2800 1823 2832 sicut
1835 2799 1894 2832 ΟΒ
1910 2797 2018 2832 1144:

1013 2845 1096 2892 πρὸς
1114 2844 1146 2879 τί
1161 2848 1262 2879 τοῦτο
1279 2843 1405 2883 τοῦπος
1424 2845 1585 2891 ἱστορεῖς;
1607 2856 1666 2877 σω·
1683 2848 1827 2878 inculcas
1844 2856 1915 2879 eam
1931 2849 2023 2878 rem?

1014 2894 1063 2925 De
1089 2894 1210 2933 spiritu
1235 2902 1301 2925 non
1326 2893 1420 2925 video
1445 2893 1601 2925 dubitari.
1647 2894 1806 2933 Regulam
1831 2895 2020 2933 generalem

1012 2951 1043 2971 v.
1065 2941 1100 2971 in
1117 2937 1236 2984 ἵστωρ.
1762 2939 1793 2983 (1
1809 2950 1842 2981 p.
1864 2937 1945 2981 852,
1967 2939 2019 2983 7.)

1080 2995 1345 3043 Ἵστουργέω
1371 3001 1452 3029 texo.
1498 2995 1662 3031 θακοῦσιν
1690 2998 1940 3044 ἱστουργοῦντες
1965 2999 2021 3032 OC

1013 3042 1092 3077 340.
1123 3046 1174 3077 De
1192 3046 1312 3086 spiritu
1330 3055 1362 3077 v.
1382 3046 1418 3076 in
1434 3043 1551 3091 ἵστωρ.

1077 3095 1249 3148 Ἴστρος
1275 3104 1359 3134 Ister
1382 3104 1515 3135 fluvius.
1560 3103 1672 3143 Magni
1695 3104 1844 3135 fluminis
1868 3106 2022 3146 exemplo

1014 3151 1149 3191 ponitur
1168 3147 1263 3194 οἶμαι
1280 3148 1344 3195 γὰρ
1363 3144 1431 3183 οὔτ’
1449 3147 1490 3183 ἂν
1501 3143 1632 3195 Ἴστρον
1650 3147 1727 3182 οὔτε
1746 3146 1852 3183 Φᾶσιν
1870 3148 1910 3184 ἂν
1927 3149 2022 3196 νίψαι

1013 3194 1185 3242 καθαρμῷ
1208 3194 1310 3241 τήνδε
1333 3195 1396 3240 τὴν
1422 3195 1543 3242 στέγην
1560 3197 1618 3229 ΟΒ
1638 3193 1737 3228 1227.
1767 3197 1889 3238 Tangit
1913 3199 2021 3230 locum

1014 3245 1109 3275 Eust.
1131 3253 1164 3284 p.
1188 3240 1289 3284 1231,
1309 3239 1342 3275 9.
1365 3261 1406 3267 -
1434 3244 1486 3276 De
1510 3248 1649 3276 accentu
1676 3255 1708 3275 v.
1729 3245 1804 3276 Arc.
1830 3254 1863 3286 p.
1884 3242 1941 3285 74,
1965 3242 2019 3279 14.

1015 3291 1066 3322 De
1084 3291 1206 3331 spiritu
1223 3293 1265 3323 cf.
1285 3288 1402 3336 ἵστωρ.

1078 3341 1239 3393 Ἵστωρ
1252 3346 1363 3392 [Curt.
1378 3349 1433 3380 Et.
1447 3359 1480 3390 p.
1495 3345 1563 3381 615
1580 3350 1632 3381 ed.
1647 3346 1684 3394 2]
1702 3359 1834 3389 φησι-ιω.
1856 3360 1888 3381 v.
1903 3351 2020 3383 Lehrs.

53 3406 108 3451 ⁴³2³
126 3394 163 3426 bi
183 3399 345 3428 monstrat
368 3397 421 3428 Ai.
445 3392 553 3428 1084:
583 3392 657 3429 ἀλλ’
683 3394 814 3429 ἑστάτω
839 3406 898 3440 μοι
920 3393 980 3429 καὶ
1015 3395 1165 3436 Arist.p.
1182 3391 1258 3427 116.
1280 3393 1376 3441 κάγὼ
1385 3391 1476 3429 τοῦδ’
1487 3393 1606 3441 ἵστωρ,
1622 3393 1812 3442 ὑπερίστωρ
1822 3397 1873 3429 El.
1886 3394 1956 3431 850
1965 3407 2018 3430 an.
