2288 3600
239 93 302 142 36

239 210 347 251 nium,
369 206 545 255 ἀλύπητον
564 218 606 240 ex
626 208 725 249 Soph.
748 209 977 249 memorantis,
1002 209 1103 239 etiam
1122 207 1261 239 Trachi-

239 258 372 288 niarum
389 257 498 289 locum
517 261 667 297 spectare
681 260 803 297 potest.
826 255 956 288 Scholia
970 260 1153 296 utrumque
1173 264 1261 286 com-

240 308 435 337 memorant.
467 304 611 336 Lobeck.
633 303 672 335 ad
691 303 769 334 Phr.
792 313 826 344 Ρ.
849 300 934 343 571,
965 308 1078 334 contra
1108 302 1257 334 Pierson.

240 352 350 384 Veris.
373 361 406 392 p.
431 347 509 383 165.

303 402 502 447 ’Άλῦπος
536 410 679 441 illaesus.
717 407 759 455 ἀρ
786 411 829 454 ῆς
853 407 987 442 ἀλύπου
1014 409 1072 440 OR
1090 405 1169 440 593.
1210 405 1262 444 τίς

241 454 300 491 οὖν
321 482 328 490 .
345 483 352 489 .
369 483 375 489 .
396 454 527 494 ἄλυπος
545 454 630 501 ἄτης
655 454 763 495 ἐξαπα
777 453 1002 502 (λαχθήσεται
1029 456 1083 487 El.
1109 452 1199 487 1002
1219 469 1260 483 =

243 502 291 549 μὴ
318 502 535 549 λυπούμενος
569 501 633 551 ἄτῃ
668 501 775 548 [expl.
805 505 828 535 l.
851 503 972 534 Elmst.
1001 503 1040 535 ad
1074 503 1131 534 OR
1163 499 1257 546 185}

242 552 459 592 Scholiastes,
487 552 545 592 qui
570 552 705 591 elegans
730 552 795 583 sibi
822 552 993 582 videretur
1024 551 1186 582 sermonis
1204 551 1261 581 ob-

242 603 406 631 servator:
433 597 576 645 ἄμοιρος
602 596 687 644 ἄτης
715 596 859 645 ὤφειλεν
886 597 1003 630 εἰπεῖν.
1035 597 1160 628 Eadem
1187 606 1262 628 ver-

240 648 358 678 borum
375 650 543 678 structura
561 650 611 678 est
637 642 659 678 ὁί
678 655 731 678 σοι
747 644 864 691 γήρως
882 642 997 678 ἄλυπα
1013 643 1096 691 τῇδε
1113 642 1261 677 κείσεται

241 691 339 726 πόλει
357 693 412 726 OC
433 690 534 725 1514.
565 693 618 726 Sic
635 694 751 725 Herm.
774 693 865 724 dedit
884 704 914 724 v.
940 689 1028 723 1765
1047 702 1100 724 an.
1132 690 1198 738 ἔφη
1280 700 1282 710 ⁴

241 744 388 774 κακῶν
404 740 523 787 χώραν
539 737 622 780 ἕξειν
641 738 713 773 αἰὲν
732 737 874 773 ἄλυπον.
899 741 990 771 Libri
1008 740 1262 779 languidissima

243 789 414 820 sententia
430 785 565 825 καλῶς;
588 791 622 819 et
638 785 730 820 κακοί
757 788 796 819 (18
821 788 920 818 bellis
948 797 1023 818 cum
1040 788 1151 818 vicino
1169 787 1262 818 hoste
1280 797 1282 825 ι,

242 835 399 876 gerendis
424 836 549 876 optime
591 835 741 876 quadrat.
786 835 836 865 De
869 839 1037 866 structura
1070 846 1102 865 v.
1130 834 1259 866 Schaef.
1280 828 1282 869 ξ
1300 827 1355 853 tur
1379 823 1495 853 melior
1526 822 1579 853 his
1609 823 1765 854 munibus
1791 825 1888 855 “³⁵5³
1917 825 2083 864 Didymus
2116 826 2182 857 An·
2211 825 2288 857 Beki

243 883 321 914 Mel.
337 892 381 914 cr.
395 892 429 924 Ρ.
446 879 523 914 137.
546 883 671 922 Reisig.
694 891 803 913 enarr.
826 881 881 914 OC
899 891 932 922 Ρ.
951 881 1075 913 XCIX.
1091 899 1131 904 ——
1152 879 1231 914 ἄλυ
1245 900 1263 905 -

243 940 322 962 πον
340 927 447 963 ἄνθο
460 940 475 966 ς
494 927 637 962 ἀνίας;
660 927 689 962 εἰ
706 926 822 965 θέλοις
841 927 947 961 εἰπεῖν
967 927 1022 962 ἐπί
1039 939 1130 965 τινος
1152 926 1263 974 πράγ-

245 975 352 1021 μάτος
373 975 391 1010 ὃ
414 974 527 1022 λύπης
558 974 788 1011 ἀπαλλάττει.
817 973 926 1012 οὕτως
953 973 992 1008 ἂν
1017 975 1186 1024 χρήσαιο,
1215 976 1262 1012 ὡς

243 1022 302 1057 καὶ
330 1020 417 1070 Σοφ.
447 1021 483 1057 ἐν
530 1023 557 1067 ᾦ
578 1019 793 1068 Διονυσιακῷ
814 1023 985 1069 σατυρικῷ
1007 1023 1064 1067 (t'r.
1090 1020 1172 1067 182)
1206 1021 1263 1056 ἐπὶ

245 1069 337 1105 οίνου
355 1075 491 1117 πρῶτον
507 1034 739 1121 ἱευσαμένων
763 1074 832 1103 τῶν
853 1068 942 1103 κατὰ
958 1069 1016 1103 τὸν
1034 1070 1139 1117 χορὸν
1159 1069 1263 1104 σατύ-

246 1129 314 1164 ρων
327 1128 334 1134 ·
361 1115 465 1152 πόθεν
483 1115 554 1151 ποτ’
577 1116 706 1152 ἄλυπον
725 1115 791 1151 ὦδε
809 1115 907 1164 εὖρον
925 1115 1030 1155 ἄνθος
1056 1116 1169 1157 ἀνίας;
1202 1118 1260 1150 Gr.

243 1166 349 1197 Bekk.
362 1176 396 1207 Ρ.
411 1162 492 1206 385,
508 1163 561 1198 18.
582 1167 633 1198 De
649 1167 818 1198 sententia
836 1177 867 1197 V.
882 1166 998 1197 Valck.
1011 1166 1118 1198 Diatr.
1131 1176 1164 1206 p.
1182 1162 1259 1196 179.

308 1228 497 1293 ’Ἅλῦρος
515 1236 632 1278 fidium
649 1236 761 1267 decore
779 1246 902 1268 carens.
929 1229 1049 1272 ’Ἄϊδος
1070 1232 1157 1281 μοῖρ’
1179 1235 1263 1269 ἀνυ-

246 1281 396 1328 μέναιος,
417 1282 555 1329 αλυρος,
578 1281 704 1330 ἄχορος
723 1283 778 1316 OC
800 1280 890 1315 1222
913 1284 965 1315 eh.
1019 1285 1069 1315 De
1094 1285 1264 1315 sententia

243 1341 275 1362 v.
297 1332 413 1363 Valck.
435 1331 475 1363 ad
500 1331 627 1363 Phoen.
655 1327 746 1363 1034
771 1336 805 1362 et
830 1332 1003 1370 Wyttenb.
1035 1331 1075 1362 ad
1101 1331 1190 1362 Plut.
1222 1332 1262 1362 de

243 1378 319 1410 aud.
340 1382 429 1419 poet.
456 1388 490 1419 p.
515 1375 556 1410 16
577 1378 613 1411 C.
649 1379 802 1410 Ridicule
827 1376 982 1424 παρῳδεῖ
1011 1379 1085 1409 eius
1110 1380 1261 1410 vocabuli

243 1425 332 1466 apud
349 1427 490 1466 tragicos
508 1435 607 1457 usum
625 1426 744 1457 Alexis
763 1426 851 1466 apud
870 1426 996 1457 Athen.
1018 1422 1051 1456 2.
1073 1436 1107 1466 p.
1120 1423 1163 1457 55
1182 1437 1211 1457 a.

309 1490 508 1529 Ἀλύσκω
534 1493 589 1539 (υ)
622 1498 727 1537 evito,
754 1496 893 1528 declino.
930 1492 1070 1535 ἀλύξαι,
1100 1493 1261 1542 ἐκφυγεῖν

244 1543 301 1575 Gr.
321 1543 428 1574 Bekk.
457 1553 491 1584 p.
513 1539 600 1584 380,
624 1540 678 1575 19.
717 1541 890 1584 ἐκκλῖναι,
921 1541 1084 1590 ἐκφυγεῖν
1112 1543 1258 1582 Hesych.

246 1608 287 1614 —
307 1587 394 1635 αὐτὴ
414 1588 451 1623 δὲ
493 1588 516 1635 ἡ
536 1587 697 1635 ξύναιμος
715 1588 779 1624 οὐκ
797 1589 957 1630 ἀλύξετον
974 1589 1082 1636 μόρου
1096 1589 1260 1624 κακίστου

243 1639 324 1670 Ant.
346 1634 426 1670 488.
487 1638 582 1670 adem
600 1648 675 1670 cum
692 1640 841 1679 genitivo
859 1640 953 1670 verbi
971 1643 1158 1679 structura,
1182 1648 1261 1670 sen-

245 1695 302 1717 sus
326 1685 466 1726 paulum
489 1685 643 1718 diversus
669 1682 819 1732 θράσους
842 1683 932 1719 τοῦδ’
961 1683 1024 1719 οὐκ
1050 1683 1184 1725 ἀλύξεις
1204 1686 1258 1717 ΕΙ.

245 1729 331 1773 627,
363 1732 422 1764 sed
438 1733 479 1764 ad
495 1733 585 1764 idem
602 1734 672 1765 fere
690 1735 796 1775 redit,
825 1735 903 1775 quia
919 1734 1147 1765 truculentiae
1166 1743 1263 1765 causa

244 1789 367 1820 poenas
400 1779 516 1811 datura
546 1780 680 1812 Electra
713 1785 794 1813 erat.
842 1780 894 1813 Cf.
923 1781 1049 1821 Musgr.
1084 1785 1118 1812 et
1143 1782 1258 1812 Herm.

245 1826 392 1868 Ellipsin
409 1827 445 1858 in
463 1827 516 1859 his
534 1832 624 1860 recte
642 1837 708 1861 non
726 1829 875 1868 agnoscit
886 1828 1042 1860 Eustath.
1062 1838 1094 1868 p.
1110 1825 1190 1868 710,
1202 1825 1259 1860 57.

245 1873 410 1906 Notarunt
435 1874 476 1906 de
498 1874 560 1907 hoc
583 1885 648 1907 usu
666 1876 811 1907 Boeckh.
833 1875 936 1917 Expl.
958 1875 1056 1907 Pind.
1079 1885 1112 1916 p.
1134 1872 1203 1907 310
1229 1880 1263 1906 et

245 1921 357 1953 Iacobs
375 1921 416 1953 ad
432 1922 565 1954 Aelian.
595 1923 660 1954 HA
677 1933 711 1964 p.
733 1919 813 1955 397.
836 1941 877 1946 -
906 1924 956 1955 De
975 1924 1165 1954 coniectura
1184 1923 1263 1954 Rei-

244 1969 305 2008 sig.
335 1967 390 2001 OO
423 1964 512 2001 1197
545 1965 652 2013 (1193
687 1980 766 2002 suae
804 1968 877 2015 ed.)
914 1971 1047 2001 invexit
1079 1967 1144 2002 κᾶν
1177 1965 1260 2003 κεῖν’

244 2013 372 2063 ἀλύξῃς
403 2011 515 2060 [κεῖνα
532 2013 654 2063 λύσηις
676 2015 762 2062 LA].
812 2018 965 2050 Piersoni
995 2018 1263 2049 emendationem

245 2060 374 2105 (Veris.
395 2073 429 2104 p.
450 2059 537 2107 260)
558 2061 705 2113 λεύσσγγς
722 2075 788 2098 rec.
810 2066 926 2097 Herm.
948 2069 981 2096 et
999 2065 1102 2097 Dind.

307 2125 497 2168 Ἀλῦτος
530 2136 565 2166 in
615 2137 691 2166 itus.
719 2132 800 2168 τάδε
824 2134 889 2181 γὰρ
923 2132 1032 2169 ἄλυτα
1056 2133 1263 2181 κεκλήσεται

203 2151 216 2164 a
245 2180 300 2212 El.
321 2177 390 2213 230
407 2191 452 2213 m.
474 2181 537 2215 Sch
603 2180 711 2216 ἄλυτα
792 2180 864 2215 ἐπεὶ
889 2179 969 2217 οὐδὲ
996 2181 1063 2229 ἐγὼ
1092 2180 1262 2229 μεταβλη-

245 2224 400 2273 θήσομαι
418 2226 505 2262 ὥστε
524 2240 549 2273 μ
592 2226 745 2276 θρηνεῖν.
760 2247 801 2253 -—
822 2227 1007 2263 ἄλυτονι
1031 2227 1258 2282 ἀκατάλυτον,

245 2272 528 2309 ἀκατάπαυστον·
597 2287 654 2323 οφ.
673 2272 770 2312 Οἰνεῖ
793 2274 856 2320 [sic
871 2277 973 2308 Dind.
996 2278 1037 2309 fr.
1057 2274 1146 2318 416,
1186 2274 1264 2311 Ιωνι

245 2322 372 2355 Nauck.
394 2323 435 2354 fr.
456 2319 537 2364 298,
552 2319 638 2358 Ἰνεῖ
653 2333 707 2365 ap.
728 2324 874 2364 Hesych.
900 2335 932 2355 v.
954 2321 1106 2369 ἄλυτος].

310 2376 388 2415 Ἀλ
399 2379 456 2415 ύω
474 2379 511 2425 (υ
525 2404 540 2410 ·
553 2380 589 2426 -]
606 2392 718 2415 amens
735 2392 819 2415 sum.
838 2382 984 2425 affliyor.
1009 2383 1264 2416 Diversissimas

247 2429 346 2460 verbo
363 2429 625 2469 significationes
641 2431 811 2462 tribuunt.
842 2429 949 2462 Schol.
972 2430 1026 2462 El.
1045 2427 1123 2463 133.
1145 2429 1180 2464 ἐν
1199 2428 1264 2465 ἄλ-

245 2472 319 2508 λοις
335 2472 520 2523 δυσφορίαν
539 2475 718 2523 σημαίνει,
740 2475 846 2511 ἐνίοτε
865 2474 902 2510 δὲ
918 2476 957 2510 τὸ
974 2475 1171 2523 γεγηθέναι.
1202 2479 1259 2511 Gr.

245 2522 351 2554 Bekk.
371 2533 406 2564 p.
427 2519 508 2564 380,
527 2520 585 2556 20.
623 2521 840 2571 ἐπαίρεσθαι,
900 2522 1005 2571 αίρειν
1029 2530 1062 2556 et
1078 2523 1263 2559 λυπεῖσθαι

247 2570 434 2610 significare
451 2571 543 2603 dicit.
573 2571 672 2604 Eust.
693 2582 727 2613 p.
751 2535 939 2613 1636ss1.
962 2569 1070 2618 μέσην
1088 2570 1178 2612 λέξιν
1204 2583 1261 2606 vo-

246 2626 324 2648 cans
350 2620 384 2649 et
407 2615 594 2664 ἀδημονεῖν
625 2623 659 2651 et
675 2617 807 2666 γαίρειν
831 2621 1086 2660 interpretatur.
1133 2620 1262 2654 Similia

245 2663 363 2696 horum
389 2664 528 2707 Suidas3
561 2660 751 2706 Hesychius
774 2671 887 2699 autem
922 2664 1038 2700 ἀλύωε
1078 2664 1257 2713 ἀδημονῶ,

245 2707 372 2756 ἀθυμῶ
410 2713 583 2754 explicans
617 2714 756 2746 alteram
797 2715 1075 2754 significationem
1107 2716 1261 2755 ignorare

246 2758 391 2791 videtur.
436 2760 499 2791 His
524 2762 679 2793 omnibus
702 2761 871 2802 antiquior
889 2761 978 2793 Plut.
1009 2762 1091 2793 Mor.
1112 2771 1146 2803 p.
1167 2759 1213 2795 22
1230 2763 1259 2794 Ε

245 2805 309 2837 vol.
330 2801 353 2837 2
386 2806 453 2838 iam
470 2807 614 2840 Homero
630 2809 812 2850 dupliciter
827 2808 894 2840 dici
910 2810 1082 2850 observat,
1107 2807 1182 2843 ἀντὶ
1197 2812 1260 2844 τοῦ

245 2849 430 2887 δάκνεσθαι
446 2851 506 2887 καὶ
522 2852 676 2901 ἀπορεῖν,
689 2860 728 2888 ut
736 2856 776 2887 Il.
790 2866 806 2888 ε
816 2852 896 2897 352,
917 2859 952 2887 et
965 2853 1039 2890 ἀντὶ
1047 2857 1108 2890 τοῦ
1117 2859 1259 2903 γαυριᾶν

245 2903 279 2931 et
295 2898 427 2947 χαίρειν
440 2928 448 2943 ,
478 2905 516 2933 ut
534 2902 594 2934 Od.
609 2912 640 2936 σ.
660 2899 740 2935 332.
769 2903 832 2935 Pro
849 2899 1044 2936 πλανᾶσθαι
1068 2904 1133 2936 dici
1148 2906 1260 2946 specie

245 2947 405 2988 deceptus
423 2947 568 2988 Etymol.
589 2950 636 2981 ait
660 2959 694 2991 Ρ.
716 2946 779 2990 56,
808 2946 865 2982 42.
894 2946 957 2991 72,
985 2947 1030 2982 30
1056 2952 1260 2984 medicorum

243 2993 428 3026 lexicorum
436 2999 586 3028 auctores
595 3001 742 3038 secutus,
756 2997 844 3038 quod
852 2997 1070 3038 reprehendit
1078 2998 1259 3031 Erotianus

244 3050 278 3081 p.
301 3037 346 3073 32
362 3050 406 3073 ex
423 3051 489 3083 quo
505 3045 747 3083 acyrotantium
759 3043 900 3085 fastidia
916 3042 1093 3089 ἁλυσμούς
1109 3046 1176 3078 dici
1193 3047 1259 3078 col-

242 3087 372 3128 ligitur.
401 3089 444 3122 V.
466 3089 571 3122 Stanl.
591 3091 631 3122 ad
649 3091 772 3123 Aesch.
795 3091 888 3132 Sept.
910 3088 989 3123 387.
1026 3092 1199 3132 Wyttenb.
1219 3094 1260 3125 ad

244 3134 333 3168 Plut.
346 3135 462 3169 Moral.
474 3137 498 3168 l.
513 3147 540 3168 c.
551 3134 660 3178 p.168
670 3137 711 3182 (t.
722 3138 749 3170 1.
763 3136 888 3181 Lips.)
907 3138 1147 3179 Sedyaudendi
1157 3150 1260 3173 sensu

243 3182 332 3223 apud
349 3182 450 3224 Soph.
471 3183 598 3216 dictum
616 3194 681 3217 non
699 3190 821 3217 exstat.
851 3183 948 3220 ἀλύει
972 3181 998 3217 δ’
1019 3184 1074 3220 ἐπὶ
1092 3186 1192 3221 παντί
1209 3198 1259 3234 τῳ
1295 3186 1370 3268 3ης,
1391 3191 1594 3271 πανοῦὲὶγος.
1617 3186 1705 3236 Σοφ.
1726 3187 1847 3225 Θυέστ.
1869 3190 1927 3235 (fr.
1949 3188 2035 3236 242)
2051 3188 2234 3240 καὶἸνάχ.

242 3226 362 3276 χρείας
380 3227 552 3277 ἱσταμένῳ
563 3231 624 3263 Ρ11.
640 3229 707 3264 174
725 3233 776 3264 ch.
791 3232 899 3266 Schol.
921 3230 1055 3279 ἀπορεῖ,
1076 3232 1258 3282 ἀδημονεῖ.

242 3292 284 3299 -
304 3274 454 3311 ἀλύοντα
497 3277 638 3325 ειμερίῳ
657 3277 751 3313 λύπα
779 3275 871 3311 1194
887 3290 932 3312 m.
961 3278 978 3324 (

245 3320 416 3358 ἀλύουσαν
434 3288 513 3369 [σΞιλ
738 3313 743 3326 ’

251 3494 304 3569 fib

990 86 1202 145 ’Ἄλυπος
1231 119 1292 126 -
1317 83 1327 101 ’
1338 89 1538 144 Αλωπός

1297 2619 1460 2712 {dili-&3351
1499 2620 1644 2670 ὄρχησίς
1674 2630 1737 2656 τις.
1763 2623 1821 2658 καὶ
1855 2622 2047 2659 ἀλωπεκίαι
2083 2621 2172 2672 Σοφ;
2190 2620 2263 2666 Mit-

1297 2718 1392 2759 sluaeu
1417 2717 1566 2750 laborat:
1591 2719 1631 2750 de
1657 2728 1723 2759 quo
1746 2721 1923 2752 verborum
1948 2729 2073 2761 genere
2097 2717 2222 2752 tractat

1297 2764 1338 2795 ad
1355 2764 1480 2805 Phryn.
1501 2775 1535 2806 p.
1557 2762 1614 2797 80.
1645 2763 1691 2810 [v.
1714 2776 1740 2797 s.
1762 2764 1973 2813 ἀλωπεκία]

1296 2878 1371 2923 (καὶ
1397 2879 1600 2923 ἀλωπεκίαι)
1638 2884 1791 2928 μώμων,
1828 2884 1876 2918 ὡς
1902 2881 1991 2931 Σοφ.
2019 2884 2077 2930 (fr.
2098 2883 2119 2919 3
2146 2879 2184 2931 9)
2215 2882 2255 2931 (ὅ

1296 2926 1367 2961 ἐστὶ
1385 2927 1421 2962 ἐν
1440 2930 1573 2974 σώματι
1591 2928 1703 2965 πάθος
1719 2930 1935 2977 γενόμενον.)

1295 2980 1377 3007 sunt
1394 2978 1496 3009 verba
1513 2978 1554 3009 ad
1570 2978 1669 3010 aliam
1686 2979 1829 3018 glossam
1854 2981 2026 3020 pertinere
2050 2985 2139 3014 recte
2163 2980 2250 3014 vidit

1296 3023 1463 3056 Schmidt:
1486 3025 1615 3066 reliqua
1632 3026 1721 3057 idem
1738 3027 1812 3058 vult
1829 3027 1985 3059 exhiberi
2015 3025 2178 3074 ἀλώπηξτ
2208 3026 2236 3062 δ’

1294 3068 1396 3118 χίτης
1414 3069 1511 3116 μύων
1523 3081 1530 3088 ·
1551 3071 1598 3105 ὡς
1617 3068 1706 3119 Σοφ.
1721 3068 1882 3121 Ἰνάχῳ]

977 3283 1039 3326 γᾶν
1082 3279 1118 3315 ἐν
1145 3280 1262 3316 πόνοις
1296 3283 1402 3316 colore
1426 3284 1619 3316 duxerunt:
1657 3295 1689 3318 v,
1711 3285 1837 3317 Coraen
1862 3287 1902 3317 ad
1935 3287 2025 3319 Plut.
2058 3290 2082 3318 t.
2103 3286 2165 3320 111.
2200 3295 2253 3328 ps

516 3323 659 3360 εύουσαν
677 3323 954 3374 130111.]οὔρισας
971 3328 1028 3361 OR
1059 3324 1165 3362 95ch.
1181 3327 1261 3363 ἐᾶτέ
1297 3327 1408 3374 [Ourt.
1431 3330 1488 3364 Et.
1511 3328 1591 3364 321.
1636 3331 1703 3363 EM
1726 3342 1760 3374 p.
1781 3330 1845 3373 75,
1868 3330 1901 3366 5.
1947 3333 2044 3365 Eust.
2066 3343 2100 3374 p.
2125 3330 2215 3366 1392

244 3366 275 3413 μ’
296 3367 354 3404 ὧδ’
373 3368 490 3427 ἀλύειν
508 3372 563 3404 El.
587 3370 652 3406 135
670 3383 715 3405 m.
737 3374 932 3406 Videndum
949 3383 1046 3417 vero,
1074 3385 1118 3409 ne
1143 3385 1261 3418 aspero
1296 3378 1346 3409 De
1363 3383 1505 3410 accentu
1523 3379 1643 3411 Arcad.
1663 3389 1698 3420 p.
1720 3375 1778 3421 67,
1798 3375 1875 3425 23]

2040 103 2068 146 [Ι
2092 113 2127 146 p.
2147 97 2288 138 89-92

1299 207 1421 248 spiritu
1439 207 1584 238 notanda
1600 216 1665 239 vox
1683 208 1739 239 sit.
1786 207 1885 240 Certe
1910 205 2026 242 ἀλύειν
2056 209 2214 242 scribitur
2230 218 2288 252 apt

1299 254 1455 295 Suidam,
1485 253 1639 287 Electrae
1664 255 1734 287 loco
1751 264 1870 296 usum3
1898 255 2056 288 Eustath.
2077 266 2112 299 p.
2135 253 2245 299 1636,
2276 254 2288 290 1

1299 310 1372 332 eam
1389 302 1524 333 atticam
1543 302 1822 334 consuetudinem
1839 307 1950 344 vocat,
1978 303 2189 336 Ptolemaeus
2205 308 2288 337 aute

1300 349 1492 381 Ascalonita
1509 350 1654 390 asperari
1673 350 1812 381 iussisse
1831 350 1939 382 fertur
1951 375 1959 391 ,
1980 360 2056 383 cum
2073 351 2114 384 de
2131 351 2251 393 gaudio
2267 351 2288 384 d

1299 401 1393 428 catur
1411 395 1509 427 Eust.
1530 406 1565 437 p.
1587 394 1672 437 555,
1703 393 1760 429 24.
1805 397 1888 429 Inde
1918 399 2066 440 suspicio
2090 400 2286 431 subnascitu

1280 465 1282 475 2
1300 444 1511 484 aliquantum
1528 445 1717 476 Atticorum
1736 445 1975 477 consuetudini
1992 446 2152 478 universe
2169 447 2288 487 cognita

1280 503 1282 516 τ
1299 491 1426 532 datum,
1442 491 1668 522 Ascalonitam
1678 496 1790 523 autem
1801 492 2018 524 distinctione
2033 494 2206 526 subtiliore
2221 503 2286 536 qua

1281 561 1282 564 η
1300 539 1429 570 veriore
1447 539 1599 579 opinioni
1616 539 1667 570 illi
1686 549 1817 570 causam
1835 545 2034 580 praetexere
2052 541 2236 573 studuisse.
2257 541 2288 574 D

1300 595 1395 617 versa
1420 586 1511 616 enim
1537 587 1766 627 miscuerunt,
1795 587 1854 627 qui
1877 596 1944 619 non
1961 592 2077 620 essent
2093 589 2194 620 sobrii
2207 598 2288 634 παρ(

1300 630 1427 666 δόσεως
1444 634 1672 665 observatores
1686 645 1692 664 :
1714 634 1754 665 de
1774 632 1901 680 ἁθρόος
1918 639 2007 667 certa
2022 645 2087 676 res,
2104 632 2220 680 ἅμαξα
2232 645 2288 677 apt

1300 689 1415 711 omnes
1434 681 1656 712 communiter
1674 682 1722 712 sic
1741 682 1897 722 scribtur,
1919 682 1978 714 sed
1996 680 2125 723 ἀλύειν,
2146 679 2254 730 ἄρκυς
2267 693 2288 714 v

1300 728 1495 759 recentioris
1522 728 1711 759 Atticorum
1746 730 1999 761 consuetudinis
2029 731 2208 762 videantur
2221 755 2230 771 ,
2268 741 2288 762 v

1301 775 1536 806 similitudinis
1554 785 1652 807 causa
1670 786 1688 806 a
1704 777 1928 816 grammaticis
1946 778 2097 810 conficta.
2127 777 2194 810 Sed
2209 787 2288 810 exor

1300 879 1333 909 p.
1357 865 1442 908 380,
1471 865 1529 910 20,
1551 871 1609 901 ubi
1628 879 1666 902 ea
1683 871 1756 911 ipsa
1781 880 1914 912 quoque
1940 882 2039 913 quam
2064 873 2288 905 memoravim1

1301 917 1473 948 distinctio
1499 927 1515 948 a
1546 918 1719 949 nonnullis
1753 920 1885 958 probari
1919 919 2061 951 dicitur:
2100 915 2251 964 Δίδυμος
2283 916 2288 949 ἶ

1300 962 1480 1010 ἀμφότερα
1499 961 1648 997 δασέως·
1668 964 1726 998 καὶ
1744 964 1807 1011 γὰρ
1825 964 1864 999 τὸ
1882 963 2102 1001 ἀλεαίνεσθαι
2122 964 2288 1001 δασύνουσ

1301 1010 1332 1044 οἱ
1345 1007 1502 1044 Ἀττικοὶ
1520 1010 1577 1044 καὶ
1597 1010 1708 1045 πάντα
1725 1011 1768 1046 τὰ
1785 1015 1939 1046 τοιαῦτα.
1974 1015 2140 1054 Didymus
2157 1018 2271 1047 autem

1299 1059 1469 1099 antiquior
1487 1063 1539 1099 est
1556 1063 1590 1090 et
1607 1059 1731 1092 doctior
1748 1061 1864 1101 testis,
1891 1071 1991 1102 quam
2015 1063 2052 1093 in
2077 1071 2177 1103 quem
2193 1063 2288 1094 incer

1300 1106 1340 1138 de
1364 1107 1530 1138 atticismo
1557 1108 1749 1139 coniectura
1773 1109 1828 1139 vel
1850 1109 1962 1140 inanis
1988 1109 2246 1150 distinguendae
2268 1118 2288 1141 s*

1301 1154 1447 1185 cundum
1462 1158 1620 1186 externas
1635 1158 1728 1187 notas
1743 1157 1933 1188 sententiae
1947 1156 2050 1190 libido
2065 1157 2169 1189 cadat.
2191 1157 2288 1194 Adve

1301 1206 1392 1233 satur
1409 1205 1523 1232 autem
1540 1198 1608 1241 λεξ.
1630 1212 1666 1235 π.
1686 1212 1810 1247 πνευμ.
1831 1213 1865 1244 Ρ.
1879 1200 1961 1245 210,
1981 1205 2017 1236 in
2035 1214 2101 1246 quo
2118 1201 2213 1245 ἄλυς,
2234 1214 2288 1246 qn«

1300 1246 1490 1294 ἀδημονίαν
1515 1250 1701 1290 significet,
1728 1252 1768 1282 ab
1794 1252 1949 1283 omnibus
1967 1249 2152 1298 ψιλοῦσθαι
2175 1253 2288 1284 affirma

1300 1301 1367 1337 tur⁷
1389 1297 1454 1327 etsi
1472 1296 1513 1327 de
1532 1294 1618 1329 ἀλέα
1631 1323 1639 1337 ,
1660 1295 1683 1341 ἡ
1704 1294 1875 1344 θερμασία
1900 1308 1976 1330 cum
1995 1299 2216 1332 Grammatico
2233 1299 2288 1332 Be]

1300 1345 1373 1375 keri
1397 1345 1567 1375 convenit.
1613 1344 1781 1385 Equidem
1806 1343 1944 1393 ἐπέγωε
1983 1356 2094 1388 neque
2127 1348 2219 1379 enim
2242 1347 2288 1380 1111

1299 1392 1459 1422 adiuvant
1483 1392 1743 1432 aspirationem,
1773 1388 1894 1434 neque*
1909 1394 1990 1426 adeo
2015 1395 2141 1427 diserta
2162 1404 2264 1436 quam
2283 1403 2288 1426 3

1299 1435 1428 1483 ἀθρόος
1445 1442 1478 1469 et
1502 1436 1608 1483 ἀλεής
1631 1440 1808 1472 attulimus
1832 1442 2037 1474 testimonia.
2074 1438 2140 1486 [De
2157 1443 2288 1483 scriptu

1299 1483 1408 1518 ἀλυίω
1420 1496 1451 1516 v.
1465 1495 1550 1527 quae
1562 1491 1641 1518 sunt
1651 1487 1788 1519 collecta
1801 1489 1836 1519 in
1848 1488 1949 1520 Thes.
1961 1489 2000 1521 L.
2013 1489 2070 1522 Gr.
2086 1486 2103 1521 1
2114 1498 2148 1531 p.
2164 1484 2254 1522 1599
2265 1488 2288 1522 Β

1301 1550 1340 1556 -
1361 1533 1554 1565 Penultima
1571 1535 1658 1575 apud
1678 1535 1807 1567 Atticos
1825 1536 2040 1577 producitur:
2063 1547 2095 1568 v.
2108 1536 2222 1569 Graes.
2238 1536 2288 1569 Me

1301 1580 1355 1613 Cr.
1377 1591 1410 1622 Ρ.
1433 1577 1478 1612 67
1495 1581 1644 1614 Meinek.
1666 1583 1701 1613 in
1720 1582 1848 1615 Athen.
1869 1593 1902 1624 p.
1925 1581 1981 1616 54.
2011 1583 2123 1616 Prima
2139 1584 2229 1626 apud
2252 1587 2288 1616 on'

1299 1638 1359 1659 nes
1390 1628 1511 1669 corripi
1529 1630 1624 1661 solet.

1364 1683 1660 1733 Ἀλφεσίβοια
1688 1698 1722 1722 11.
1744 1699 1794 1730 pr.
1834 1686 2013 1734 [Priscian.
2040 1691 2081 1722 de
2114 1694 2212 1723 metr.
2241 1691 2288 1725 Te

1298 1731 1348 1779 (2,
1370 1731 1440 1766 428
1458 1733 1613 1779 Hertz.):
1638 1735 1744 1775 Quem
1759 1735 1821 1781 (sc.
1836 1735 2057 1782 Aeschylum)
2069 1739 2206 1770 imitans
2217 1737 2288 1780 Sopl

1299 1787 1385 1813 teste
1402 1782 1540 1814 Seleuco
1558 1785 1687 1824 profert
1703 1785 1865 1825 quaedam
1883 1789 1996 1818 contra
2012 1786 2122 1826 legem
2139 1790 2288 1828 metroruj

1300 1830 1387 1861 sicut
1412 1831 1448 1861 in
1476 1826 1696 1877 ὴοοἈλφεσί
1723 1842 1796 1865 οιαν
1814 1829 1858 1877 ἣν
1885 1831 1902 1866 ὁ
1927 1832 2095 1879 γεννήσας
2118 1832 2234 1880 πατήρ
2259 1830 2288 1878 (1

1300 1874 1397 1920 785).
1435 1877 1642 1918 Scripturam
1667 1875 1676 1886 ²
1715 1876 1935 1925 λφεσσίβοιαν
1968 1880 2116 1913 Nauckio
2149 1882 2252 1922 proba

1301 1925 1418 1956 reiecit
1436 1925 1557 1965 Bergk.
1579 1925 1619 1956 de
1640 1925 1789 1971 Callim.]
1822 1929 1872 1959 De
1899 1928 2117 1968 productione
2145 1939 2176 1960 v.
2197 1927 2287 1970 1111111,Ἰ

1301 1976 1335 2003 et
1352 1973 1468 2003 Herm.
1490 1973 1531 2003 ad
1549 1974 1592 2004 Ai
1610 1969 1691 2006 210.
2278 1976 2288 1989 ·'

1365 2027 1640 2077 Ἀλφηστής.
1669 2029 1779 2076 [eust.
1801 2033 1858 2065 nt.
1879 2029 1980 2092 264.)
2006 2017 2288 2082 ἀλφηστῇσιν,εὲ

1299 2075 1412 2122 τίμοις
1431 2078 1488 2110 Gr.
1511 2079 1617 2110 Bekk.
1639 2090 1673 2120 p.
1687 2077 1767 2120 386,
1792 2078 1834 2112 17
1850 2083 1925 2115 τοῖς
1941 2083 2130 2128 ευρετικοῖς
2146 2081 2204 2116 καὶ
2223 2086 2288 2119 cuv}

1299 2127 1373 2158 τοῖς
1389 2126 1590 2165 Hesychius.
1628 2128 1721 2159 idem
1739 2125 1931 2174 ἀλφησταί,
1960 2127 2123 2174 ἀμειπταί
2135 2155 2143 2171 ,
2173 2126 2288 2183 ἔντιμς

1301 2172 1420 2206 Suidas
1437 2171 1630 2220 ἀλφηστής,
1653 2172 1806 2220 εὑρετής.
1853 2175 1986 2208 Sollers.
2009 2174 2127 2223 ἀνέρες
2147 2174 2243 2224 ἀλφη

1301 2220 1361 2252 Ph.
1374 2217 1442 2252 709
1461 2221 1512 2253 ch.
1544 2218 1633 2264 [Vox
1651 2222 1739 2263 apud
1758 2227 1863 2263 tragg.
1885 2233 1951 2256 non
1968 2225 2038 2256 nisi
2053 2224 2124 2256 h.l.
2142 2229 2178 2257 et
2194 2225 2245 2257 Ae

1301 2267 1393 2308 Sept.
1416 2264 1485 2299 752
1502 2269 1609 2300 obvia.
1639 2269 1732 2301 V.C.
1747 2270 1933 2302 Hermann.
1961 2271 1997 2302 in
2015 2271 2135 2304 Philol.
2159 2269 2262 2304 1847.
2280 2292 2288 2305 .

1300 2325 1333 2355 p.
1355 2311 1574 2360 428-44Ο.]
1601 2316 1751 2349 Nitzsch.
1774 2317 1814 2349 ad
1832 2317 1893 2350 Od.
1915 2316 1945 2357 ζ.
1965 2315 1999 2351 4.
2044 2319 2096 2351 De
2120 2319 2288 2376 accentu]

1299 2360 1491 2408 ἀγρώστης.
2275 2380 2288 2397 ²³

1370 2417 1669 2465 *[Ἀλωπεκία
1694 2422 1878 2465 defluvium
1895 2425 2092 2465 capillorum
2115 2435 2141 2458 s.
2158 2397 2288 2544 pilon}

2198 2498 2206 2514 ⁷
2234 2481 2255 2514 q

1300 2468 1453 2509 Sophocli
1479 2471 1642 2501 tribuitur
1667 2479 1710 2502 ex
1737 2475 1891 2512 corrupta
1914 2472 2022 2511 glossa
2039 2471 2188 2512 Hesychi

1297 2516 1387 2547 infra
1403 2527 1436 2547 v.
1457 2514 1603 2562 ἀλώπηξ
1623 2516 1814 2563 afferetur]

1368 2568 1686 2610 *Ἀλωπεκιοίω
1710 2574 1779 2620 (υ).
1823 2578 1862 2609 111
1895 2579 2006 2610 verbis
2030 2587 2083 2620 ap.
2103 2578 2251 2618 Hesych.

1426 2668 1463 2714 9)
1482 2671 1695 2702 scribendum
1713 2672 1848 2704 videtur
1865 2670 2064 2720 ἀλωπεκιᾴ,
2093 2674 2238 2705 crinium

1369 2830 1597 2881 [Ἀλώπηξ.
1627 2837 1751 2877 vulpes.
1780 2835 1943 2881 (Hesych.
1964 2847 1991 2870 s.
2011 2849 2065 2871 v.:
2094 2835 2133 2884 ὄρ
2159 2834 2261 2885 ησίς

1964 2932 2056 2972 Quae
2074 2935 2175 2967 uncis·
2187 2935 2244 2967 inc

2152 3076 2169 3108 I
2182 3085 2219 3117 p.

1361 3137 1564 3176 Ἀλωπός
1587 3139 1643 3187 (υ)
1667 3146 1815 3176 astutus:
1845 3145 1991 3184 Hesych.
2013 3142 2091 3178 ἀλ,τ
2121 3073 2261 3181 {lanes

1343 3232 1393 3280 6).
1423 3235 1456 3270 οἱ
1473 3234 1490 3269 δ
1561 3236 1699 3284 ἀφανὴς
1720 3236 1780 3271 καὶ
1802 3237 1891 3272 κατὰ
1915 3238 1978 3285 τὴν
2004 3237 2182 3286 πρόσοψιν.

2220 3358 2228 3373 5
2252 3368 2254 3371 .

2252 3384 2258 3394 ι
