2288 3600
0 327 67 364 M.
96 329 192 369 Quod
215 329 416 361 contrarium
435 330 508 366 cst,
535 337 572 360 τε

879 158 1058 227 Μήτηρ

0 257 89 336 {bere
113 282 205 315 credi
229 282 287 314 vix
311 285 434 323 potest.
483 280 550 312 Sed
574 281 714 312 fortasse
739 278 954 334 scribendum
991 274 1108 323 μήτηρ
1127 274 1165 310 δὲ
1182 273 1238 311 Με
1485 317 1493 331 '
1579 322 1586 332 .
1841 323 1854 331 ν

653 324 741 371 μήτε
758 335 794 357 ιιι
813 327 954 357 senten-
987 334 1048 358 νου
1066 322 1197 358 τέκνων
1214 321 1236 357 9
1262 321 1294 357 8.
1333 323 1448 388 μήτηρ
1465 336 1484 358 τ
1512 322 1591 368 ἐμοι
1607 335 1720 381 πατηρ
1736 335 1773 358 τε
1793 322 1893 357 1402.
1933 325 2005 371 μή-

1905 163 2002 209 453

1262 275 1332 322 όπη
1349 275 1427 323 (ἠν)
1444 278 1501 310 on
1520 274 1597 309 ττῡ.
1633 276 1749 334 μήτηρ
1765 276 1828 323 ἥδε
1846 282 1914 311 τῶν
1932 276 2006 312 κεί-

0 365 229 413 {membratim
249 376 452 417 dispositum
469 385 523 416 ap.
546 373 648 416 Soph.
671 373 868 414 exemplum
886 381 952 403 non
986 381 1050 418 τηρ
1076 369 1134 405 καὶ
1156 370 1243 417 γυνή
1269 372 1349 403 Ant.
1372 368 1429 404 03.
1471 369 1601 404 τέκνων
1629 383 1744 419 μητηρ
1762 369 1841 404 905.
1889 371 2003 419 μάτηρ

0 424 50 457 iet.
67 441 172 456 -.—
199 425 233 457 b.
262 418 332 468 Μή
349 425 496 464 sequente
515 418 572 466 μή

581 430 625 453 τε
642 420 771 452 dictum
785 419 951 452 soloecum
988 418 1050 463 μὲν
1069 415 1127 452 οἷα
1146 417 1265 464 φράζω
1285 419 1342 451 Tr.
1363 415 1430 450 526
1449 419 1500 451 ch.
1523 423 1681 460 suspecto
1699 420 1780 452 lovo.
1828 418 1870 452 σοὶ
1888 419 2001 467 μάτηρ

0 494 8 508 .
20 470 23 474 ’
37 474 71 504 et
88 471 245 512 exempla
265 474 419 511 corrupta
438 469 555 500 Elmsl.
578 467 619 499 ad
637 467 696 500 OR
711 463 781 499 817
798 462 901 510 [824]
918 469 953 498 et
985 462 1092 503 ἄθεος
1110 462 1199 498 1036
1219 477 1262 498 m.
1307 461 1386 499 οὔτε
1404 463 1518 512 μήτηρ
1537 463 1660 499 ἐνθάδε
1682 463 1782 498 1151.

1828 465 1941 513 μάτηρ
1961 493 1983 525 .;
1992 493 1999 500 .

0 513 78 560 Bur.
99 518 187 551 Med.
207 514 239 554 3,
269 518 392 558 quibus
415 525 501 557 quae
518 515 636 546 Herm.
663 516 698 546 in
725 523 867 546 censura
892 522 952 554 op-
986 510 1151 559 θρηνήσει
1169 514 1224 545 Ai.
1246 510 1314 546 625
1332 513 1384 545 ch.
1424 511 1539 559 μήτηρ
1558 506 1586 546 δ’
1602 510 1679 558 ἡμή
1698 514 1752 546 El.
1774 509 1818 546 97
1836 524 1890 546 an.
1959 527 2002 548 α-

0 566 70 606 uit,
102 565 154 597 his
178 574 254 596 sese
279 564 405 596 moveri
431 564 504 595 iure
529 562 586 594 ille
611 565 710 601 negat
734 561 775 593 ad
792 560 847 593 OC
865 556 945 593 496.
985 571 1050 618 τηρ
1075 558 1158 594 ὡσεί
1180 571 1230 598 τις
1256 557 1358 593 πιστά
1382 557 1450 591 234
1469 560 1521 592 ch.
1567 558 1683 607 μήτηρ
1710 572 1751 605 με
1772 558 1900 616 πέμπει
1940 559 1997 595 06.

0 614 24 654 ἰι
57 610 106 657 μή
139 612 256 653 prioris
282 611 422 642 membri
448 619 507 651 pro
532 606 619 654 μήτε
646 609 774 640 dictum
799 617 949 649 unquam

0 669 24 693 Β.
42 669 107 691 non
126 668 208 691 sane
225 658 393 700 probabile
410 658 446 689 in
463 657 626 689 facillima
637 664 819 697 paucorum
832 664 948 687 exem-

0 707 67 741 'tum
92 706 279 746 corrigendi
304 706 443 737 ratione.
481 703 580 736 Certe
607 703 707 735 etiam
726 702 781 734 OC
802 699 891 734 1189
916 704 950 732 et

0 751 30 786 ³7
47 754 93 785 ita
110 753 287 784 ferendum
306 755 398 784 esset
416 748 515 796 μήτε,
534 750 622 791 quod
641 759 706 781 non
722 750 834 780 minus
848 758 949 790 quam

0 796 58 835 196
75 801 153 832 libri
170 803 324 832 tuentur.
362 800 401 830 In
420 798 502 830 Ant.
524 793 592 828 546
610 797 689 829 olim
708 794 796 841 μήτε
813 796 947 836 legeba-

0 872 5 888 ,
32 847 92 879 sed
109 857 184 879 cum
202 846 262 878 LA
282 845 331 892 μὴ
350 841 378 879 δ’
397 845 565 885 exhibeat,
586 845 652 876 iam
670 844 825 876 scribitur
843 839 945 887 μηδέ.

0 894 9 935 i
30 895 119 936 quod
136 894 338 926 contrarium
358 896 430 933 est,
461 889 548 936 μήτε
573 901 649 923 cum
674 891 879 932 insequente
899 888 947 934 μή

0 941 115 981 iungi,
152 942 217 973 etsi
243 941 355 982 ipsum
381 948 514 980 quoque
539 949 558 970 a
583 938 683 980 Soph.
716 938 846 969 dictum
873 946 948 969 esse

0 997 29 1025 ιο
51 998 117 1020 non
143 991 299 1030 apparet,
328 991 441 1019 tamen
467 986 666 1017 creberrime
685 995 703 1016 a
719 986 828 1026 poetis
846 993 947 1016 usur-

0 1030 10 1069 1
33 1035 222 1067 docuerunt
239 1035 359 1067 Elmsl.
381 1034 422 1065 ad
440 1034 572 1066 Heracl.
593 1029 673 1065 615.
703 1033 812 1064 Matth
830 1031 870 1063 ad
888 1031 943 1063 Or.

0 1079 40 1116 :a
63 1083 117 1114 his
135 1083 231 1123 longe
250 1082 416 1122 copiosius
434 1080 564 1113 Schaes.
586 1080 625 1111 ad
644 1080 683 1111 L.
704 1079 780 1111 Bos.
801 1089 836 1120 p.
855 1075 943 1110 229:

0 1136 14 1164 ι
52 1133 165 1162 autem
203 1132 238 1161 et
270 1126 310 1162 οῦ
342 1129 395 1160 vel
433 1127 535 1169 Soph.
573 1127 789 1159 consociavit.
829 1143 869 1149 -
883 1153 889 1159 .
904 1143 944 1148 —

0 1167 122 1221 Μήτε
155 1177 283 1208 semel
312 1177 504 1216 positum
535 1174 608 1206 ubi
641 1173 703 1205 bia
735 1174 942 1213 oportuit,

0 1223 37 1258 nd
62 1225 158 1265 prius
183 1225 371 1256 membrum
389 1232 433 1254 cx
451 1222 556 1253 altero
572 1221 690 1253 referri
710 1221 850 1260 debeat,
881 1229 947 1251 non

0 1268 212 1312 infrequens.
249 1267 387 1315 ἐφίεμαι
406 1267 529 1303 ἑκόντα
548 1262 627 1313 μήτ’
643 1265 772 1301 ἄκοντα
792 1265 883 1312 μηδέ
898 1278 946 1311 τῳ

0 1325 37 1364 ψῃ
60 1315 184 1356 κείνοις
213 1315 371 1362 μεθεῖναι
393 1318 500 1349 ταῦτα
517 1316 578 1348 Ρ1ι.
599 1312 679 1347 771.
717 1315 848 1347 Similia
865 1324 946 1346 con-

0 1369 87 1398 »runt
111 1365 210 1397 Eust.
239 1374 273 1405 p.
298 1360 399 1404 1694,
421 1362 453 1395 7.
491 1363 623 1395 Schaef.
646 1362 685 1394 ad
705 1363 743 1395 L.
765 1362 840 1393 Bos.
861 1359 942 1393 777.

0 1413 52 1447 inl.
82 1413 124 1444 ad
148 1412 206 1444 ΟΒ
230 1408 310 1444 817.
345 1429 380 1433 —·
417 1408 578 1454 λίσσομαι
604 1407 756 1454 ἐπιπόνῳ
785 1403 864 1453 μήτ’
891 1405 947 1441 ἐπὶ

0 1461 101 1507 μαχεῖ
125 1456 219 1497 ξένον
239 1455 395 1496 ἐξανύσαι
415 1456 511 1503 μόρῳ
528 1454 589 1490 τὰν
606 1460 737 1502 νεκρῶν
755 1454 872 1489 πλάκα
889 1456 944 1488 OC

0 1499 22 1548 [1
38 1507 90 1539 ch.
120 1507 213 1538 Libri
230 1510 290 1537 aut
309 1499 383 1550 μήτ’
401 1502 554 1550 ἐπιπόνῳ
569 1507 628 1536 aut
642 1502 777 1549 μήποτε
792 1500 945 1548 ἐπιπόνῳ

0 1546 176 1588 ’ἶέπίπονά
213 1553 413 1584 Particulam
446 1556 552 1584 metro
584 1552 792 1583 officientem
819 1551 946 1582 delevit

0 1597 37 1643 11.
65 1601 107 1633 de
132 1610 218 1632 vers.
250 1600 380 1631 dochm.
400 1609 435 1640 p.
457 1596 535 1631 124.
579 1600 650 1630 Iam
676 1599 724 1630 sic
749 1598 945 1639 exemplum

0 1646 91 1680 *iticis
110 1647 345 1679 addubitatum
366 1656 407 1677 an
426 1647 628 1685 corrigerent
645 1645 793 1686 explicat
810 1646 940 1683 Herm.‚

10 1690 91 1727 256.
136 1692 176 1728 οὔ
197 1691 287 1738 μηδὲ
303 1691 444 1738 κληδὼν
463 1691 520 1726 ὧδ’
540 1691 680 1739 ἔγοντος
699 1689 830 1730 οἴκαδε,
860 1689 944 1736 μήθ’

0 1738 96 1779 1κάδος
114 1744 178 1787 γῆς
197 1739 360 1786 μηδαμοῦ
379 1738 503 1785 διῆλθέ
519 1734 599 1773 που.
629 1738 718 1784 μηδὲ
735 1736 875 1783 κληδών
893 1743 946 1770 est

0 1786 87 1822 fama
111 1788 263 1830 quidem:
291 1785 411 1821 οἴκαδε
434 1786 522 1832 μήτε
534 1783 708 1824 “Ελλάδος
726 1789 790 1831 γῆς
808 1797 873 1819 που
893 1790 946 1817 est

0 1828 148 1881 {ornate
167 1833 254 1880 μήτε
267 1831 323 1869 Ἑ.
345 1846 375 1880 γ.
407 1834 462 1867 Sic
481 1835 557 1866 edd.
578 1837 683 1874 vett,
715 1834 818 1865 codd.
839 1831 941 1877 μηδέ.

0 1886 46 1915 εει
73 1876 152 1927 μήτ’
169 1879 218 1928 είρ
242 1880 381 1927 ασμένῳ
399 1882 482 1914 Ant.
502 1878 571 1913 267
588 1881 829 1922 explicandum
849 1884 886 1911 ut
904 1881 945 1911 ad

0 1919 6 1933 Γ
35 1930 132 1962 dens
166 1927 227 1973 βου
253 1927 388 1962 εύσαντι
421 1927 532 1973 μήτε
565 1929 799 1960 subaudiatur.
839 1945 941 1959 —.—

15 1974 101 2021 siste
127 1986 203 2008 cum
230 1974 342 2022 μηδέ
368 1977 581 2017 subsequens
603 1975 723 2015 habet,
752 1975 837 2006 illud
856 1974 943 2006 divi-

3 2027 9 2050 ῑ
27 2033 60 2055 e
98 2024 289 2055 sententiae
322 2026 395 2063 est,
431 2023 493 2054 hoc
526 2026 639 2054 autem
672 2022 822 2062 graviore
856 2022 945 2053 dicto

4 2070 119 2110 dae,
150 2073 189 2102 ut
219 2079 322 2111 neque
354 2072 451 2102 etiam
484 2079 510 2101 S.
538 2079 579 2101 ne
607 2070 735 2110 quidem
761 2069 941 2108 significet.

5 2127 70 2159 ,αι
86 2115 209 2150 ἑκόντα
226 2113 309 2162 μήτ’
330 2114 470 2156 ἄκοντα,
492 2114 583 2161 μηδέ
598 2128 646 2161 τῳ
664 2113 770 2163 τέγνῃ
791 2112 946 2160 μεθεῖναι

9 2160 78 2202 -,771
106 2173 210 2205 neque
235 2167 348 2204 sponte
371 2174 475 2205 neque
499 2167 666 2203 coactum,
699 2157 763 2194 iino
791 2172 851 2194 nec
873 2164 946 2194 ulla

19 2212 218 2246 ‚commoveri
235 2214 264 2242 te
282 2211 390 2251 iubeo,
419 2214 457 2242 ut
474 2211 597 2242 tradas.
634 2210 684 2242 Cf.
707 2210 852 2242 Boeckh.
873 2213 941 2241 not.

17 2292 24 2301 Δ,
38 2258 79 2290 ad
95 2258 195 2290 Pind.
224 2268 258 2299 p.
279 2254 359 2290 476.
397 2258 491 2296 Quod
516 2258 596 2289 huic
620 2259 722 2289 affine
747 2266 854 2297 genus
878 2261 942 2297 est,

26 2315 46 2339 ε
70 2315 159 2336 cum
185 2309 399 2346 sequente
426 2302 492 2344 δέ,
520 2305 552 2336 id
578 2314 643 2336 non
668 2308 779 2346 potest
805 2304 870 2335 nisi
886 2313 947 2344 per

10 2348 154 2395 gluthon
179 2352 362 2392 explicari,
392 2355 430 2383 ut
454 2363 472 2383 a
498 2353 648 2391 legitima
674 2353 849 2382 verborum
869 2360 946 2382 con-

12 2398 88 2437 ''mra
123 2399 287 2430 descitum
322 2399 376 2431 sit.
422 2396 497 2431 ἀλλ’
529 2397 563 2432 οἱ
588 2396 662 2432 θεοί
686 2408 745 2443 σφι
772 2396 859 2442 μήτε
883 2396 945 2442 τήν

11 2462 43 2475 =··
54 2443 161 2490 μένην
205 2443 273 2490 ἔριν
306 2443 569 2490 κατασβέσειαν,
607 2444 641 2478 ἐν
675 2438 702 2478 δ’
736 2442 815 2488 ἐμοὶ
846 2441 946 2481 τέλος

12 2510 28 2541 3·
67 2490 201 2538 γένοιτο
224 2490 328 2537 τῆσδε
351 2494 415 2537 τῆς
441 2491 558 2538 μάχης
574 2490 651 2537 πέρι
668 2492 723 2524 OC
741 2489 822 2523 421.
859 2492 945 2523 Male

15 2544 26 2565 ’ἱ
49 2539 110 2571 'bit
132 2539 251 2572 Elmsl.
295 2540 325 2570 A
350 2540 533 2580 partitione
559 2540 651 2572 enim
677 2539 717 2570 ad
743 2539 944 2570 contrarium

45 2586 125 2618 dum
157 2587 260 2618 oratio
294 2590 517 2619 commutatur
544 2582 607 2629 [ὡς
633 2584 700 2631 ἐγὼ
728 2584 944 2630 θυμοφθορῶ

2 2630 207 2677 εἴἐκμάθοις
232 2631 410 2672 παθοῦσα,
437 2635 497 2666 νῦν
522 2630 549 2665 δ’
574 2630 712 2678 ἄπειρος
736 2630 766 2665 εἷ
784 2632 840 2665 Tr.
864 2629 942 2663 143.

14 2686 31 2702 ³·
66 2680 99 2711 d.
128 2680 168 2712 ad
194 2680 250 2711 Tr.
272 2677 340 2711 334
364 2680 416 2711 ed.
439 2680 502 2712 Ox.
525 2677 573 2724 3].
597 2697 699 2711 -—.-
735 2689 765 2712 e.
795 2679 880 2711 Cum
905 2677 943 2712 οὐ

16 2727 119 2758 ῚΙ>Μία
151 2728 381 2767 componitur,
418 2727 549 2767 quando
581 2728 643 2758 hoc
669 2737 743 2758 cum
768 2727 945 2767 potentiali

12 2772 95 2813 To,
135 2771 222 2817 μήτε
255 2783 331 2805 cum
357 2775 504 2814 optativo
528 2783 605 2805 vero
629 2774 771 2805 dicitur:
809 2770 878 2806 οὔτ’
905 2770 945 2805 ἂν

56 2830 118 2865 ην,
147 2817 226 2864 μήτ’
244 2817 448 2864 ἐπισταίμην
465 2817 576 2865 λέγειν
595 2821 676 2852 Ant.
698 2817 778 2853 686.
814 2820 946 2851 Monuit

18 2867 64 2901 1'.
93 2867 172 2900 mel.
201 2877 245 2899 cr.
275 2878 307 2908 p.
329 2864 386 2899 91.
432 2868 482 2899 De
509 2866 595 2911 μήτε
620 2876 794 2908 perperam
821 2868 943 2907 scripto

90 2924 139 2958 γε,
171 2912 219 2957 μή
239 2924 282 2957 με
299 2914 353 2945 vel
372 2911 462 2958 μηδὲ
478 2914 536 2945 OR
553 2911 633 2946 824.
663 2913 717 2945 OG
735 2910 814 2946 495.
839 2910 940 2946 1189.

16 2977 43 2994 s:
65 2960 147 2992 Ant.
169 2957 237 2991 546
255 2962 319 2992 iam
337 2961 498 2993 diximus.
523 2980 556 2984 -
570 2978 624 2991 .--
652 2960 666 3001 ΙΙ
691 2962 742 2992 Do
764 2961 944 3000 generibus

16 3004 29 3031 Τ
56 3007 199 3046 tiarum,
226 3007 261 3037 in
287 3008 410 3047 quibus
438 3006 525 3052 μήτε
549 3017 602 3048 ap.
633 3008 732 3048 Soph.
762 3008 940 3048 reperitur,

27 3054 94 3091 fiast
119 3062 300 3084 memorare
312 3078 319 3089 ,
347 3055 444 3094 longe
468 3055 639 3094 plerisque
655 3054 735 3085 locis
753 3055 853 3085 rebus
871 3054 942 3085 sin-

31 3100 246 3140 'pponendis
264 3100 416 3132 adhiberi
430 3111 436 3130 :
457 3101 509 3132 bis
525 3102 561 3131 in
578 3100 724 3141 vetandi,
741 3100 795 3131 El.
811 3097 877 3132 178
889 3101 939 3132 ch.

37 3143 89 3186 ,1,1,
109 3150 228 3187 quater
244 3147 278 3178 in
294 3147 430 3186 optandi
444 3148 584 3179 formula
598 3148 776 3188 reperitur,
794 3147 846 3180 El.
860 3144 940 3179 239.

41 3193 62 3230 Ἀ,
82 3216 91 3224 .
120 3194 201 3225 Ant.
223 3190 302 3224 373.
325 3190 404 3233 686,
427 3195 530 3225 semel
548 3195 582 3225 in
601 3194 706 3235 finali,
727 3195 847 3226 fr.inc.
862 3191 941 3234 779,

20 3237 50 3289 Ι”·.
69 3239 84 3280 ΙΙ
102 3239 212 3272 Semel
230 3237 431 3284 ὑπερβάτως
448 3241 595 3281 positum
613 3241 756 3281 reperio.
789 3234 872 3285 μήθ’
889 3238 942 3278 οἷς

21 3295 39 3320 f
77 3296 106 3323 ις
122 3283 338 3332 ὑπεράχθεο,
362 3280 436 3331 μήτ’
459 3284 624 3320 ἐπιλάθου
644 3287 698 3322 El,
722 3284 799 3319 178.
835 3287 942 3328 Opor-

22 3350 23 3363 l
48 3332 78 3376 {f'
98 3329 151 3369 οἷς
169 3330 344 3380 ἐχθαίρεις
364 3327 447 3377 μήθ’
465 3331 672 3380 ὑπεράχθεο.

987 618 1102 653 μήτηρ
1120 603 1142 639 ἀ
1217 617 1267 653 ωρ
1288 603 1389 638 1154.
1420 606 1536 654 μήτηρ
1554 605 1724 655 καλεῖται,
1742 618 1847 653 μητρι
1861 606 1888 641 ο’
1902 606 2001 642 οὐδὲν

986 652 1093 693 ἐξισοῖ
1111 620 1177 686 119
1207 679 1213 685 .
1255 653 1304 700 μή
1355 664 1372 699 ρ
1390 653 1438 691 ὡς
1454 653 1548 699 κακή
1570 651 1670 686 1289.
1716 651 1810 692 ὅπως
1829 653 1946 701 μήτηρ
1966 667 2001 689 σε

986 700 1035 746 μὴ
1059 698 1271 746 ’πιγνώσεται
1298 699 1339 733 12
1365 698 1398 733 6.
1445 700 1560 747 μήτηρ
1585 695 1613 733 δ’
1638 699 1672 734 ἐν
1697 699 1807 739 οἴκοις
1833 699 1933 736 1309.
1958 721 1998 726 -

985 747 1069 794 πρός
1086 747 1145 782 νύν
1163 759 1199 781 σε
1218 746 1358 795 πατρός,
1380 747 1465 793 πρός
1482 759 1517 781 τε
1538 746 1667 794 μητρός
1687 749 1747 780 Ph.
1760 746 1841 780 468.
1871 749 2001 796 μητρός

983 805 1019 828 τε
1037 794 1096 829 καὶ
1113 794 1240 841 πατρὸς
1257 793 1326 840 άρά
1341 796 1399 828 OR
1410 792 1491 828 417.
1522 793 1582 828 ἰὼν
1599 793 1708 832 πέλας
1727 795 1857 841 μητρὸς
1872 795 2000 843 πατρός

983 853 1020 876 τε
1047 840 1125 875 783.
1169 840 1285 888 λάθρᾳ
1310 841 1441 889 μητρὸς
1466 840 1526 876 καὶ
1543 841 1670 887 πατρός
1689 840 1769 875 787.
1814 841 1938 889 γάμοις
1959 855 2000 889 με

986 887 1039 923 δεῖ
1063 889 1192 946 μητρὸς
1218 888 1360 947 ζυγῆναι
1384 886 1464 922 826.
1509 889 1547 924 τὸ
1567 888 1695 947 μητρὸς
1713 887 1818 947 λέχοςι
1835 877 1914 923 976.
1959 890 2001 925 τὰ

986 946 1378 1031 Ἥκῖῑειῑῑτ-ῑς
1401 933 1822 1030 ἐᾷ’ἳ·06ςιῑὲ.ςῑιῑρ..τ.ςῖ
1853 949 1999 1041 εῑρζᾶῥ

984 1029 1027 1064 πέ
1056 1043 1124 1064 υκα
1150 1029 1279 1078 μητρός
1310 1028 1375 1063 108
1403 1056 1410 1063 .
1445 1029 1504 1064 τὸν
1531 1030 1660 1077 μητρὸς
1686 1032 1868 1064 subaudito
1893 1030 2001 1079 ἄνορα

986 1043 1075 1111 1289
1101 1076 1172 1123 [τὸν
1201 1072 1319 1124 μητέρ’
1336 1089 1398 1126 per
1415 1080 1631 1111 reticentiam
1650 1089 1803 1120 represso
1821 1090 2000 1126 zar-507¹)-

982 1124 1068 1159 κότα
1086 1127 1214 1158 Nauck.
1237 1124 1371 1170 I)ind.].
1410 1124 1452 1159 τὰ
1497 1124 1600 1172 ητρὸς
1617 1125 1677 1159 καὶ
1694 1124 1822 1171 πατρός
1841 1127 1895 1159 OC
1914 1119 1994 1160 268.

984 1172 1113 1218 ματρὸς
1146 1174 1263 1210 κοινᾶς
1295 1170 1419 1210 ὠδῖνος
1446 1171 1466 1203 5
1492 1171 1512 1205 3
1540 1183 1583 1204 m.
1629 1171 1778 1218 βλάστας
1803 1172 2000 1218 γενεθλίους

983 1218 1128 1267 πατρός,
1157 1218 1196 1254 οὐ
1223 1218 1353 1266 μητρός
1379 1218 1459 1252 973.
1506 1218 1635 1266 μητρὸς
1660 1220 1793 1266 γάμους
1814 1219 1895 1254 978.
1937 1225 2000 1280 της

983 1265 1132 1314 πρόσθεν
1157 1265 1316 1319 άδμῦτης
1335 1266 1465 1314 μητρός
1487 1264 1587 1299 1322.
1633 1266 1758 1314 πατρὸς
1775 1265 1851 1307 ἑνὸς
1871 1280 2000 1315 μητρος

981 1325 1017 1347 τε
1037 1316 1116 1359 μιᾶς
1136 1315 1218 1348 Ant.
1242 1284 1307 1346 140
1325 1325 1379 1348 an.
1416 1313 1472 1348 τὸν
1492 1312 1526 1353 ἐξ
1544 1312 1633 1359 ἐμ”ς
1652 1313 1782 1360 μητρός
1799 1313 1879 1348 467.
1916 1315 1999 1349 δυσ-

984 1359 1092 1407 μόρου
1119 1359 1247 1406 ματοός
1272 1359 1340 1394 865
1358 1372 1403 1394 m.
1449 1360 1577 1408 μητρὸς
1590 1326 1627 1394 θ’
1656 1355 1827 1397 έν”Αιδου
1853 1361 1913 1396 καὶ
1931 1374 2000 1397 πα-

980 1407 1058 1455 τρὸς
1082 1393 1302 1443 κεκευθότοιν
1327 1406 1407 1441 911.
1445 1407 1572 1454 ματρὸς
1597 1407 1700 1455 γονάν
1727 1407 1795 1443 980
1812 1412 1862 1443 ch.
1906 1408 1998 1445 κάπὸ

983 1454 1109 1503 ματρὸς
1142 1453 1234 1502 ἄφαρ
1270 1454 1414 1501 βέβακεν
1443 1457 1499 1488 Tr.
1529 1453 1596 1488 529
1623 1457 1674 1489 ch.
1729 1456 1778 1503 μὴ
1805 1456 1843 1491 τὸ
1869 1458 1998 1506 μητρὸς

981 1500 1091 1547 ὄνομα
1116 1501 1326 1549 πρεσβεύει-,ης
1353 1501 1456 1536 πλέον
1478 1500 1578 1535 1065.
1622 1506 1686 1549 τῆς
1710 1502 1850 1550 ἀρίστης
1869 1505 1998 1553 μητρός

984 1548 1083 1584 1105.
1118 1554 1182 1589 τ”ς
1227 1550 1330 1597 ητρὸς
1347 1553 1411 1596 τῆς
1430 1548 1520 1594 ἐμῆς
1541 1547 1640 1583 1122.
1677 1554 1741 1597 τῆς
1759 1551 1997 1599 πατροφόντου

982 1596 1110 1644 μητρός
1125 1597 1139 1630 1
1169 1596 1206 1630 2ι
1219 1625 1226 1630 .
1255 1596 1394 1643 τραφεὶς
1411 1595 1540 1642 μητρὸς
1559 1595 1717 1643 εὐγενοῦς
1734 1596 1802 1632 ἄπο
1820 1600 1875 1632 Ai.
1893 1597 1995 1632 1229.

980 1642 1044 1678 οὑκ
1068 1648 1131 1691 τῆς
1157 1644 1329 1692 βαρβάρου
1354 1643 1484 1690 μητρὸς
1502 1645 1610 1699 γεγώς
1631 1642 1730 1678 1289.
1777 1646 1906 1693 μητρὸς
1926 1645 2000 1687 ἐξέ-

981 1702 1046 1770 Τυς
1072 1689 1238 1748 Κρήσσης
1268 1689 1367 1725 1295.
1413 1694 1477 1725 παῖ
1507 1691 1756 1730 ουστανοτάτας
1788 1692 1915 1738 ματρός
1942 1695 1996 1727 El.

1004 1736 1050 1771 22
1067 1740 1118 1772 ch.
1156 1738 1196 1773 ἐκ
1215 1738 1357 1785 οολερᾶς
1378 1737 1504 1784 ματρός
1526 1735 1591 1771 125
1609 1740 1661 1771 ch.
1698 1738 1740 1773 τὰ
1758 1739 1900 1786 μητρός,
1920 1739 1943 1787 ἦ
1964 1737 1999 1786 μ’

983 1783 1134 1831 ἐγείνατο
1159 1784 1239 1819 261.
1286 1786 1326 1820 ἐκ
1351 1786 1478 1832 πατρὸς
1502 1783 1627 1819 ταύτοῦ
1739 1786 1779 1820 ἔκ
1804 1799 1839 1821 τε
1867 1787 1997 1834 μητρός

981 1831 1061 1866 326.
1090 1832 1199 1867 καλοῦ
1217 1837 1279 1880 τῆς
1299 1832 1428 1879 μητρός
1447 1830 1526 1865 367.
1565 1832 1692 1879 πατρὸς
1709 1832 1768 1867 καὶ
1787 1834 1919 1882 μητρὸς
1938 1833 1998 1869 ὅν-

980 1892 1040 1918 τας
1058 1878 1138 1914 541.
1183 1881 1267 1928 πρὸς
1290 1875 1388 1927 τῆσδ’
1409 1878 1536 1926 ὑβρίζει
1555 1892 1625 1926 μητ
1649 1879 1685 1918 ός
1704 1877 1782 1913 790.
1830 1882 1960 1928 μητρὸς
1979 1882 1996 1917 ὁ

979 1931 1059 1965 νοῦς
1078 1926 1157 1960 913,
1204 1926 1280 1962 οὔτε
1308 1927 1438 1973 μητρὸς
1465 1925 1503 1960 σύ
1522 1921 1551 1972 γ’
1576 1926 1621 1972 ἦσ
1648 1939 1670 1961 α
1688 1926 1821 1972 μᾶλλον
1838 1926 1861 1973 ἢ
1881 1927 1996 1974 κάμοῦ

981 1973 1081 2020 φίλος
1102 1972 1201 2008 1146.
1249 1973 1390 2021 μητρός,
1410 1972 1433 2019 ἧ
1455 1972 1481 2007 σ’
1500 1972 1516 2007 ἐ
1538 1972 1650 2008 είνατο
1668 1976 1709 2007 fr.
1732 1976 1927 2008 Alcmaeon.
1950 1979 1994 2010 11.

980 2021 1003 2055 2
1028 2023 1124 2054 Brck.
1161 2034 1213 2064 ap.
1234 2023 1324 2055 Plut.
1354 2022 1434 2054 Mor.
1463 2032 1497 2063 p.
1544 2019 1564 2053 5
1590 2023 1614 2053 f.
1643 2019 1790 2068 [μητρὸς
1816 2021 1998 2058 καλεῖσθαι

981 2068 1088 2103 παῖδα
1114 2070 1278 2111 Syndipn.
1302 2067 1380 2109 148,
1402 2066 1422 2101 3
1448 2070 1550 2101 Dind.
1580 2079 1606 2101 c.
1638 2069 1742 2101 ch.:
1772 2069 1914 2116 γαστρός
1939 2082 1992 2113 ap.

982 2118 1107 2149 Athen.
1134 2114 1186 2149 15.
1212 2128 1245 2158 p.
1266 2114 1335 2149 679
1354 2114 1403 2160 a.]
1445 2115 1575 2162 μητρὸς
1593 2114 1706 2162 πατήρ
1725 2117 1827 2156 Synd.
1848 2119 1890 2150 fr.
1915 2116 1993 2160 155,

981 2162 1013 2198 2.
1043 2162 1171 2210 πατρὸς
1187 2162 1247 2197 καὶ
1267 2162 1392 2209 ματρός
1410 2163 1486 2196 Ter.
1508 2161 1588 2199 518,
1612 2161 1642 2196 1.
1667 2182 1708 2187 —
1741 2175 1811 2210 μητ
1833 2163 1843 2197 ὶ
1862 2163 1995 2212 μιχθῆ-

980 2222 1034 2244 ναι
1052 2212 1109 2243 OR
1127 2207 1205 2244 791.
1251 2209 1375 2244 πολλοὶ
1399 2210 1502 2256 μητρὶ
1518 2208 1792 2256 ξυνευνοίσθησαν
1811 2175 1890 2245 982.
1938 2224 1996 2258 μι-

981 2261 1082 2304 γῆναι
1101 2256 1203 2303 μητρί
1221 2256 1301 2290 995.
1348 2257 1448 2303 ματρὶ
1467 2257 1524 2292 σὺν
1542 2256 1706 2303 κεραυνίᾳ
1724 2259 1809 2291 Ant.
1833 2257 1921 2291 1139
1939 2262 1991 2292 ch.

981 2302 1495 2396 &3594ijimssffif‘ssssffiffmss
1513 2302 1686 2386 34152623'
1717 2303 1992 2390 gwffljffl·

982 2397 1086 2446 μητρί
1111 2399 1163 2431 El.
1191 2396 1272 2431 273.
1327 2397 1407 2432 οὐδὲ
1419 2363 1539 2445 μζῑιηηξρὶ
1564 2397 1732 2444 δυσχερής
1758 2367 1837 2432 9291.
1891 2366 1995 2447 μητρτί

981 2444 1089 2485 ἔξειπε
1108 2444 1153 2492 σῇ
1167 2443 1267 2478 1033.
1299 2446 1401 2492 μητρὶ
1419 2445 1537 2483 παῖδες
1551 2445 1712 2490 οἵγκυροιι1
1732 2444 1782 2479 iou
1797 2449 1836 2479 fr.
1850 2449 1991 2480 Phaedr.

981 2491 1060 2525 612.
1099 2491 1204 2538 μητρὶ
1220 2491 1279 2526 καὶ
1298 2491 1479 2537 φυταλμίῳ
1498 2492 1599 2538 πατρί
1617 2494 1682 2524 inc.
1707 2491 1784 2525 ³57.
1808 2512 1848 2517 —-
1874 2493 1995 2528 τάλαι-

979 2551 1048 2619 3⁰3&
1059 2537 1302 2620 11ηᾶῗὲᾄὲἰῖὃὲ
1308 2538 1413 2620 323³?
1433 2538 1540 2619 ⁰⁰1⁰?
1561 2537 1915 2619 ggss'mcjiajgmre'pa
1934 2543 1989 2610 ²2¹·

983 2631 1085 2667 σαντα
1109 2645 1145 2666 τε
1164 2631 1242 2665 516.
1289 2598 1377 2678 &gs-QZ
1399 2598 1653 2680 Lsssffipa'fflffl'.
1686 2598 1819 2680 ιιῃηῖτερροξ
1836 2599 1994 2682 ετίοῦδρῗόθν

979 2678 1106 2726 ταύτην
1125 2692 1148 2714 π
1173 2679 1320 2714 οσαυδᾶν
1338 2682 1389 2712 El.
1411 2678 1490 2713 273.
1528 2681 1574 2718 ὡς
1591 2680 1654 2726 τήν
1674 2679 1806 2729 μητέρα
1822 2677 1994 2716 κακοστο-

982 2730 1113 2772 μοῦμεν
1165 2725 1220 2759 96.
1273 2725 1471 2771 ὃεσπότινῆ
1501 2726 1634 2774 μητέρα
1657 2725 1752 2771 νέμω
1778 2725 1856 2761 598.
1910 2728 1992 2775 *τὴν

979 2773 1078 2807 τοῦδε
1105 2772 1194 2811 Ζεὺς
1220 2772 1328 2819 ἔγημε
1354 2773 1487 2820 μητέρα
1512 2776 1578 2806 inc.
1602 2776 1640 2805 L.
1665 2771 1680 2805 1
1702 2775 1797 2808 Brck.
1820 2774 1888 2820 [est
1912 2787 1994 2818 spu-

980 2823 1067 2853 rium
1094 2833 1124 2853 v.
1155 2819 1318 2867 βαθμός]
1349 2840 1388 2845 —-
1427 2824 1535 2867 μῆτερ
1554 2823 1636 2853 Ant.
1657 2818 1737 2853 899.
1769 2823 1823 2854 Tr.
1847 2820 1902 2855 64.
1931 2822 1988 2856 78.

979 2866 1036 2900 86.
1058 2866 1138 2900 807.
1183 2867 1211 2900 ὦ
1238 2871 1346 2914 μῆτερ
1367 2869 1421 2900 Tr.
1444 2866 1523 2900 734.
1569 2869 1675 2913 μᾶτερ
1700 2867 1804 2902 αὐτοῦ
1831 2865 1909 2906 Διός
1929 2871 1987 2902 Ph.

979 2912 1047 2947 392
1065 2915 1115 2948 ch.
1139 2912 1218 2947 394.
1264 2917 1370 2962 μᾶτερ
1395 2912 1500 2948 ἀθλία
1519 2917 1597 2947 Ant.
1623 2912 1711 2947 1300
1729 2926 1773 2947 m.
1801 2934 1841 2940 --
1868 2914 1992 2963 ἄλογοι

980 2959 1098 2995 πολιαί
1123 2973 1159 2994 τε
1186 2960 1330 3007 ματέρες
1347 2963 1405 2995 OR
1426 2960 1489 2995 183
1508 2964 1559 2994 ch.
1604 2963 1769 3007 γυναῖκας
1787 2961 1937 3009 μητέρας
1950 2959 1990 2996 ’τε

983 3005 1083 3040 1407.
1100 3028 1140 3032 -
1164 3008 1177 3050 Η
1195 3010 1246 3040 De
1261 3009 1440 3048 pecudibus
1456 3007 1674 3056 ψακαλοῦχοι
1693 3008 1842 3054 μητέρος
1860 3011 1900 3042 fr.
1922 3011 1987 3043 inc.

981 3052 1066 3095 962,
1089 3053 1122 3087 2.
1146 3073 1186 3078 -
1213 3054 1227 3096 ΙΙ
1254 3056 1341 3087 Hinc
1374 3057 1557 3095 singularia
1591 3056 1876 3096 significationum
1909 3058 1991 3089 haec

981 3106 1075 3133 sunt.
1115 3103 1281 3134 Nutricem
1301 3103 1479 3142 significat.
1519 3102 1662 3148 μήτηρ
1675 3128 1682 3142 ,
1703 3100 1726 3147 ή
1743 3105 1890 3136 τεκοῦσα
1967 3102 1990 3148 ἡ

979 3146 1059 3226 §sgr
1079 3147 1139 3226 ἰαὶ
1155 3146 1342 3227 ἡὲομαῖτὸῖ
1362 3147 1561 3228 ἐῇίὲχοῒσα,
1578 3150 1624 3187 ὡς
1641 3147 1726 3195 Σοφ.
1741 3148 1798 3193 [fr.
1812 3151 1878 3181 inc.
1890 3147 1986 3194 912).

1030 3187 1087 3226 nu.
1119 3192 1152 3230 3,
1222 3220 1228 3226 .
1293 3206 1309 3227 e
1339 3206 1404 3227 0618
1444 3207 1485 3228 lCl

995 3314 1018 3321 ..
1038 3285 1180 3323 Οἰδίπου
1199 3299 1257 3321 και
1272 3288 1397 3335 τροφὸν
1415 3289 1472 3323 καὶ
1491 3287 1608 3335 μττέρ’
1626 3287 1736 3329 αὔξειν
1754 3290 1812 3322 OR
1831 3287 1897 3322 109
1934 3292 1986 3323 ch.

978 3336 1028 3366 De
1047 3339 1133 3366 terra
1150 3339 1349 3368 armatorum
1367 3341 1492 3368 matre:
1551 3334 1675 3373 λαστὸς
1754 3334 1990 3383 γαλκηλάτοις

22 3427 24 3431 ¹
554 3427 560 3433 ι
603 3427 609 3433 .
658 3377 707 3423 (Π
733 3390 766 3420 p.
789 3377 866 3421 124,
888 3378 943 3424 2.)
958 3356 961 3433 ⁴
979 3379 1115 3414 ὅπλοισι
1133 3380 1262 3461 μητὸρὸς
1279 3379 1375 3420 ἐξέδυ
1394 3382 1506 3415 Colch.
1529 3385 1568 3415 fr.
1584 3380 1663 3423 314,
1682 3381 1715 3422 3,
1737 3378 1824 3424 quod
1841 3384 1991 3416 illustrat

23 3443 26 3481 2I
58 3434 161 3470 τηρ
185 3429 299 3457 mater.
333 3425 348 3468 ΙΙ
379 3425 706 3469 Frequentlssimum
741 3427 781 3459 de
816 3427 1173 3471 hominesAp011.Rh.

1220 3453 1227 3470 ,
1252 3426 1337 3462 1371
1368 3434 1402 3463 et
1427 3431 1502 3463 eius
1525 3431 1626 3463 schol.
1665 3431 1716 3461 De
1742 3429 1877 3470 fortuna
1903 3441 1988 3472 quae

1506 3206 1546 3228 ur
1563 3201 1598 3228 et
1613 3199 1745 3237 patria.-
1766 3195 1815 3229 ὅτι
1857 3195 1880 3241 ἡ
1898 3193 1991 3230 Σκῦ-
2028 3190 2051 3226 ,ἶ

958 3246 961 3318 Ι
979 3253 1035 3288 ρος
1053 3239 1184 3288 ἀνδρῶν
1203 3239 1360 3298 ἀλκίμων
1381 3242 1496 3288 μήτηρ
1515 3242 1578 3288 ἔφυ
1597 3245 1657 3276 Ph.
1679 3240 1759 3275 326.
1797 3239 1842 3276 Κι
1870 3241 1987 3284 αίιων,
