2288 3600
69 153 78 219 3'
110 158 309 208 ιιι-..1924

63 259 157 310 ’,Γᾶν
183 264 297 305 δοκεῖς
321 264 439 314 ἄρχειν
463 263 603 300 ἑλέσθαι
628 262 684 306 ξὺν
710 263 843 312 φόβοισι
871 262 1004 310 μᾶλλον

59 304 97 368 ’ἰ
117 323 194 348 στον
212 308 352 355 εὕδοντ’,
381 312 412 347 εἰ
435 311 479 348 τά
500 309 530 360 γ’
554 309 630 346 αὔθ’
647 309 713 353 ἕξει
729 323 752 346 κ
774 310 840 359 άτη
853 309 1000 346 03586.

66 359 121 403 „i
135 359 394 409 παραφρόνιμον
411 357 585 408 πεφάνθαι
601 354 636 406 μ’
651 357 692 394 ἄν
703 386 711 402 ,
740 324 773 393 εἴ
789 370 826 393 σε
842 357 1004 407 νοσφίζο-

62 423 84 449 ψ
100 410 126 437 2·
154 409 206 442 011.
251 406 426 450 δέδοκται,
454 410 569 445 κεῖνος
592 405 622 440 εί
639 404 865 454 σφαλήσεται,
893 404 1002 452 ταύτῃ

56 453 163 511 ῗρμῇ
176 453 268 502 κάμὲ
286 452 464 490 συνθανεῖν
483 456 537 488 Tr.
560 451 639 487 719.
679 452 710 488 εἰ
726 447 801 488 τάδ’
816 451 841 499 ἡ
855 455 1004 488 τεκοῦσα

120 513 159 544 ι,
180 500 304 549 πικρὰν
322 500 415 536 δοκῶ
434 513 477 548 με
494 503 616 548 πεῖραν
638 499 824 548 τολμήσειν
843 501 896 533 ΕΙ.
917 497 998 534 470.

58 550 155 584 01115
179 550 216 582 111
239 550 417 592 participio
443 550 535 582 inest
562 549 616 581 Tr.
639 545 747 581 1113:
776 546 903 586 πένθος
929 545 1002 582 οἷον

131 593 282 639 ἕξουσαν,
304 594 425 643 ἀνδρὸς
441 593 541 630 τοῦδε
558 589 588 642 γ’
603 594 634 629 εἰ
652 593 873 643 σφαλήσετᾳι.
895 613 1001 628 -.-

87 643 183 677 Cum
208 646 406 686 optativo
430 647 571 676 rectae
595 645 815 675 orationis
840 643 1003 675 conditio-

69 692 241 735 ιἱνα-01101711
258 695 293 724 et
311 702 330 723 a
345 694 453 723 mente
477 694 512 723 et
537 691 733 731 coyitationc
749 690 911 731 loquentis
927 699 1002 721 sus-

67 739 92 764 Ἀ
145 739 260 780 ponit,
288 741 327 771 ut
349 739 472 778 ambigi
498 738 668 778 videatur,
691 738 780 769 sitne
795 747 867 777 res,
895 746 1002 769 necne

63 781 255 826 Ἀροᾱοείε
280 786 480 827 plerumque
497 786 681 826 optativum
707 788 741 816 et
765 781 814 818 ἂν
837 785 998 825 continet,

45 828 48 834 ’
71 832 297 874 &paulisper
309 833 475 873 cogitandi
489 842 533 864 ex
550 833 724 864 11100τωί11
737 832 862 864 certius
872 832 1000 864 ratione

72 880 168 912 tivo
185 880 346 912 redditur.
386 879 559 921 Optativus
570 880 752 920 praesentis
768 882 880 911 exstat
896 879 931 910 in
948 879 1000 910 his

73 927 173 972 Qlis:
200 925 282 961 τάπὶ
306 924 414 972 Τροία
438 923 582 973 πέργαμ’
607 925 654 964 ὡς
681 923 720 959 οὐ
746 924 788 971 μ’
815 937 897 960 ποτε
915 923 1002 971 πέρ-

63 981 99 1026 Ι··,
130 971 160 1006 εἰ
187 973 236 1020 μὴ
264 971 362 1008 τόνδε
386 960 520 1020 οἴγοιντο
546 974 606 1005 Ρ11.
636 970 715 1005 612.
744 937 843 1006 πόλλ’
871 971 997 1020 ἔχοιμι,

74 1031 98 1057 ,ι
112 1018 267 1067 παρείκοι
287 1018 393 1063 1048,
413 1019 486 1062 οὐκ,
505 1019 535 1054 εί
553 1017 683 1067 διδοίης
699 1017 728 1067 γ’
746 1020 793 1053 ὡς
810 1018 877 1066 ἐγὼ
896 1019 1002 1053 σαυτ·

69 1088 82 1115 3
114 1068 175 1111 (sc.
195 1067 302 1106 κακὸς
327 1066 512 1115 φαινοίμην
538 1065 597 1112 ἄν)
637 1068 694 1100 ΟΒ
719 1064 798 1100 583.
841 1068 942 1101 τανῦν
973 1065 991 1100 δ

73 1117 77 1131 ’
94 1113 176 1156 ’πος,
198 1113 229 1148 εἰ
245 1113 356 1162 γένοιο
375 1112 443 1147 697
460 1116 512 1147 011.
542 1125 587 1147 sc.
608 1115 707 1161 γενοῦ
731 1116 784 1146 vel
805 1113 935 1161 γένοιο,
965 1125 996 1146 v,

75 1177 105 1206 f.
124 1160 164 1196 οὐ
182 1161 245 1209 γὰρ
263 1160 350 1200 ἴδοις
366 1159 406 1196 ἂν
487 1160 578 1195 ὅστις
593 1159 645 1203 ἂν,
667 1160 697 1195 εἰ
715 1159 794 1199 θεὸς
822 1159 911 1208 ἄγοι,
933 1172 1000 1207 φυ-

81 1219 91 1237 ·.
139 1220 212 1244 αιτο
229 1209 283 1243 OC
301 1207 372 1242 252
389 1219 434 1241 m.
478 1208 591 1254 ὥσπερ
615 1219 665 1246 τις
689 1206 722 1242 εἴ
748 1219 799 1242 σοι
820 1207 929 1254 μηδὲν
948 1207 1000 1241 δι-

84 1253 131 1291 ἆ
152 1250 162 1265 ’
185 1253 225 1291 ἂν
251 1254 397 1303 ματαίου
420 1253 516 1303 τῆσδ’
538 1253 577 1290 ἂν
603 1254 734 1302 ἡδονῆς
757 1254 895 1303 τύχοις,
917 1252 997 1288 776.

126 1266 167 1339 ἓν
182 1308 300 1342 κακῶς
319 1302 439 1351 ζῷμεν,
462 1302 491 1337 εἰ
508 1301 720 1349 τερποίμεθα
739 1300 818 1336 799.
847 1300 880 1336 εἴ
895 1300 946 1341 τίς
964 1313 1000 1336 σε

79 1351 114 1387 ‘t
129 1362 177 1386 πα
200 1349 322 1393 αστάς,
352 1349 478 1396 πότερα
495 1345 673 1385 πυνθάνοι’
689 1348 730 1384 ἄν
749 1348 828 1384 992.
874 1347 943 1384 οὔτ’
959 1346 1000 1383 ἂν

80 1395 96 1445 5⁸„
108 1410 152 1437 ις
187 1409 219 1432 τι
235 1396 395 1456 πράσσειν
407 1425 414 1439 ,
444 1396 529 1444 ἐμοῦ
548 1392 576 1430 δ’
593 1395 634 1432 ἂν
650 1395 765 1443 ἡδέως
783 1391 845 1444 sp<
880 1409 895 1435 ς
913 1395 1002 1443 μέτα

83 1443 105 1479 1,),
121 1464 146 1479 .
175 1445 222 1483 ὡς
239 1439 311 1480 ουδ’
327 1442 368 1479 ἂν
386 1443 436 1483 εἷς
454 1442 610 1479 παύσαιτ’
626 1442 678 1487 ἄν,
700 1444 730 1478 εἰ
746 1444 847 1493 χρείη
889 1443 996 1490 έγειν,

79 1490 190 1542 ’<“τάχ’
214 1489 254 1527 ἂν
282 1495 375 1540 σαφῆ
401 1490 537 1533 λέξειεν,
563 1490 596 1526 εἴ
611 1503 660 1526 νιν
679 1491 764 1538 πρὸς
783 1490 857 1538 βίαν
874 1490 1000 1537 κρίνειν

51 1563 55 1567 .
87 1541 176 1574 :Tru
197 1537 276 1572 388.
321 1538 449 1585 πότερα
473 1533 501 1573 δ’
525 1537 583 1581 ἄν,
612 1537 642 1572 εἰ
667 1537 766 1584 νέμοι
789 1551 838 1577 τις
857 1537 995 1585 αἵρεσιν,

85 1584 128 1630 '³3
157 1587 210 1620 Ai.
231 1583 311 1620 265.
357 1585 387 1620 εἰ
413 1585 450 1620 δέ
465 1598 516 1625 τις
533 1585 624 1621 θεῶν
644 1585 798 1632 βλάπτοι,
822 1584 922 1644 φύγοι
937 1582 1000 1620 τᾶν

82 1668 85 1670 .
127 1632 164 1672 ὸς
178 1633 237 1668 τὸν
254 1632 433 1680 κρείσσονα
449 1631 529 1666 455.
565 1632 628 1667 οὐκ
645 1631 685 1668 ἄν
712 1627 785 1667 ποτ’
803 1628 874 1667 ουδ’
891 1631 923 1667 εἴ
942 1644 1000 1679 μοι

86 1683 94 1726 ..ss
132 1679 226 1716 έλλοι
241 1687 291 1714 τις
303 1679 407 1715 οἴσειν
427 1680 475 1714 δῶ
500 1692 531 1722 α,
551 1679 683 1719 τούτοις
706 1679 927 1727 ὑπεικάθοιμι
943 1682 996 1712 ΕΙ.

76 1726 144 1763 att!
169 1739 227 1775 μοι
249 1726 362 1774 λέγοις
386 1728 449 1772 τὴν
496 1726 569 1774 ψιν,
600 1722 729 1774 εἴποιμ’
746 1725 787 1762 ἂν
810 1726 886 1762 τότε
915 1725 995 1759 413.

94 1793 99 1799 -
117 1776 164 1808 sic
180 1777 223 1808 D.
244 1786 272 1808 c.
293 1777 409 1808 Herm.
431 1779 466 1808 et
483 1777 581 1808 Tricl.
610 1773 758 1822 λέγεις
783 1777 856 1808 LA.
900 1773 999 1808 οὐδὲν

87 1828 88 1831 ’
135 1821 290 1871 πτωχὸς,
319 1821 350 1856 εἰ
366 1820 483 1861 καλῶς
502 1825 626 1870 φρονοῖ
642 1824 683 1855 fr.
704 1827 770 1855 inc.
792 1819 878 1863 718,
899 1820 933 1854 2.
957 1840 998 1846 —

87 1874 122 1910 J}
133 1871 325 1911 adiungitur
341 1881 357 1904 ε
369 1868 390 1904 ἰ.
436 1868 473 1908 ὃς
488 1868 737 1911 κατευνάσειεν,
760 1867 792 1903 εἴ
808 1881 840 1903 τι
858 1868 1000 1915 ἐμπέσοι

87 1917 128 1964 f·
152 1917 204 1950 ch.
224 1928 256 1950 v.
277 1918 392 1949 Herm.
413 1915 444 1950 εἰ
470 1915 497 1950 δ’
517 1915 623 1962 ἴδοιμ’
642 1914 834 1958 ὀλωλότας,
864 1910 1000 1974 δοκοῖμ’

124 1962 225 1998 νόσου
242 1962 446 2011 πεφευγέναι
466 1961 566 1997 1043.
596 1962 631 1998 ἓν
649 1963 693 2010 γά
730 1961 827 1998 πόλλ’
847 1961 888 1998 ἂν
903 1962 999 2004 ἐξευ-

55 2026 57 2029 .
95 2011 131 2052 ’,ἲ
158 2013 210 2053 ῖν,
247 2010 360 2059 ἀρχὴν
394 2010 458 2059 βρα
475 2014 559 2058 ἐῖαν
592 2009 622 2045 εἰ
646 2009 691 2045 λά
716 2022 746 2045 οι
793 2023 810 2044 ν
836 2012 894 2044 OR
917 2009 994 2043 121.

38 2094 42 2098 .
99 2055 162 2097 Ῐ·σ’
179 2057 409 2100 ἐπαινέσειαν,
439 2070 455 2092 ε
486 2056 654 2093 πυθοίατο
673 2058 727 2091 OC
769 2056 825 2091 21.
871 2056 941 2092 οὐδ’
959 2055 998 2092 ἂν

154 2104 308 2152 ἐντακείη
330 2104 385 2160 τῷ,
398 2105 508 2152 φιλεῖν
534 2105 597 2149 (sc.
620 2104 812 2151 ἐνέγκαιτο)
839 2106 893 2138 Tr.
915 2103 995 2137 462.

10 2142 11 2145 ¹
91 2150 206 2187 ανεί
233 2160 266 2195 ς,
305 2163 379 2201 σιγῃ
406 2151 566 2212 πτῆξειαν
593 2151 727 2199 ἄφωνοι
754 2150 812 2198 (ἂν
830 2153 1000 2195 praecedit

13 2223 14 2226 η
42 2206 43 2209 ’
97 2223 100 2226 -
139 2200 161 2232 '.
184 2197 200 2232 1
228 2198 250 2233 Ο
266 2211 320 2233 an.
366 2195 440 2247 μέγ’
456 2212 496 2235 αν
521 2211 553 2233 τι
578 2199 808 2246 κομπάσειας,
838 2194 952 2234 ἀσπίδ’
969 2198 999 2233 εἰ

48 2264 49 2267 ,
99 2253 119 2280 i*
135 2243 234 2279 1122.
278 2246 308 2281 εἰ
335 2245 455 2285 σθένος
480 2245 640 2305 λάβοιμι,
677 2241 867 2293 δηλώσαιμ’
883 2245 925 2280 ἄν
943 2248 994 2279 El.

95 2303 148 2339 g,
168 2292 198 2328 εἰ
214 2292 259 2328 λά
284 2306 333 2332 οις
351 2292 482 2337 σθένος,
503 2306 542 2328 το
559 2292 690 2328 τούτων
709 2297 809 2340 μῖσος
820 2291 999 2334 ἐκδείξειας

46 2363 47 2368 =
97 2365 100 2368 -
117 2365 127 2375 .
155 2339 237 2388 φαίη
275 2339 283 2353 ’
301 2339 341 2376 ἂν
358 2339 381 2386 ἡ
400 2340 553 2376 θανοῦσά
569 2339 608 2400 γ’,
630 2340 660 2375 εἰ
675 2341 793 2387 φωνὴν
802 2339 903 2387 λάβοι
915 2339 995 2373 548.

46 2391 48 2404 ³
104 2383 166 2422 ’ἄν
181 2387 225 2423 τὰ
240 2385 320 2423 θεῖα
364 2387 464 2427 άθοις
480 2387 531 2430 ἄν,
555 2385 623 2422 ουδ’
643 2387 672 2422 εἰ
690 2386 786 2423 πάντ’
805 2385 998 2428 ἐπεξέλθοις

48 2431 184 2476 1‘ffsr.
203 2437 268 2469 inc.
290 2402 370 2469 653.
415 2436 470 2469 Sic
495 2436 729 2478 explicandam
749 2437 865 2469 Herm.
887 2437 999 2468 docuit

113 2487 128 2527 „J
145 2506 147 2509 .
166 2496 183 2510 υ
206 2483 261 2516 OG
280 2481 370 2516 1678
387 2494 432 2516 111.
461 2483 508 2521 ὡς
535 2477 668 2529 μάλιστ’
685 2481 737 2524 ἄν,
759 2482 789 2516 εἰ
806 2480 908 2529 πόθῳ
931 2481 998 2516 λά-

50 2525 57 2572 ³,
96 2529 190 2574 ,trie
206 2533 380 2563 tentatam.
426 2531 701 2564 Subaudiendum
727 2528 826 2576 βαίης
859 2540 901 2562 ex
926 2531 994 2571 illo,

52 2600 60 2622 ‘s'
76 2610 90 2618 ..
127 2592 136 2614 f
160 2590 166 2603 ·-
196 2577 270 2619 dit,
291 2575 454 2623 βέβηκεν,
484 2582 542 2610 aut
558 2575 692 2622 λάβοις,
723 2579 806 2610 obiit
823 2587 884 2619 quo
901 2577 997 2610 modo

61 2625 76 2660 ζ,
91 2622 278 2663 mortem
294 2627 447 2666 accipias,
468 2627 496 2657 .ςὶ
512 2628 703 2666 exoptatam
726 2627 878 2665 accipias.
928 2624 997 2665 Op-

53 2655 260 2717 ἷζ”’(1(κ51
275 2673 474 2714 proponitur
489 2682 542 2704 res
558 2684 565 2703 z
593 2670 623 2705 εἰ
649 2669 687 2704 δέ
710 2683 760 2709 τις
787 2670 845 2717 βίᾳ
863 2665 890 2704 σ’
907 2669 998 2705 ἀπο-

25 2720 27 2722 ’
55 2718 155 2767 ³÷,2
180 2722 297 2756 κακῶς
321 2716 475 2757 ἄθαπτος
502 2717 641 2753 ἐκπέσοι
694 2717 796 2757 θονός
813 2720 869 2751 Ai.
892 2716 994 2750 1175.

24 2806 27 2810 .
56 2770 88 2803 ιζ..
106 2780 149 2807 δι’
184 2787 188 2792 -
210 2766 245 2797 111
263 2767 398 2807 apodosi
415 2767 602 2807 reperitur:
631 2730 707 2799 εἶ’δ’
724 2764 783 2799 οὖν
800 2777 831 2799 τι
847 2763 998 2811 κάκτρέ-

109 2813 150 2851 ...¹¹
170 2821 196 2844 ι
212 2810 314 2857 φόνον
333 2815 435 2858 φανεῖ
450 2813 508 2845 OR
524 2811 604 2846 851.
648 2813 686 2848 τὸ
712 2810 898 2858 μανθάνειν
917 2810 997 2858 ἥδι-

63 2859 77 2898 ,ἶ
117 2854 321 2904 Ῑέγοντος,
347 2858 377 2893 εἰ
403 2858 525 2906 κέρδος
549 2858 644 2906 λέγοι
661 2861 742 2892 Ant.
766 2857 868 2892 1032.
891 2877 993 2892 -.—

64 2914 79 2946 ζ,-
119 2917 181 2941 ,ϊι
220 2909 415 2946 optativo
455 2907 657 2948 obliquae
696 2909 908 2939 orationis
947 2908 996 2938 ita

97 2951 187 2998 ,Κριο
209 2952 349 2994 dicitur,
385 2957 424 2986 ut
453 2955 605 2996 apodosis
633 2955 802 2986 infinitivo
823 2955 991 2986 reddatur.

62 3007 99 3044 'tw
111 3035 122 3041 „
132 2999 138 3023 ἴ
150 2993 204 3041 ξᾶν
220 3000 370 3032 additum
386 3001 505 3043 habet,
532 3003 720 3033 sententiae
742 3003 890 3034 oratione
906 3004 997 3033 recta

68 3053 232 3092 ,ο
263 3049 425 3089 particula
457 3058 540 3089 opus
575 3052 626 3081 est
656 3049 783 3089 addita3
821 3058 896 3080 cum
930 3057 994 3080 non

30 3102 33 3106 ·
119 3104 121 3106 ·
144 3110 146 3117 ·
164 3105 169 3117 ν
191 3094 296 3125 nativo
312 3097 408 3127 usuri
424 3099 520 3127 erant
535 3097 682 3128 oratione
700 3099 790 3127 recta
802 3096 991 3136 loquentes.

29 3153 32 3154 ⁷
68 3167 71 3170 .
131 3137 170 3186 Ἃ*
185 3148 217 3173 οι
233 3133 276 3182 δ’,
309 3139 436 3175 ἄκοντα
453 3152 497 3174 50.
518 3140 610 3189 ἄγειν
636 3139 806 3190 ὑπέσχετο
829 3143 889 3174 Ρ11.
912 3138 991 3174 618.

27 3195 31 3197 “
67 3186 71 3227 ²,
189 3184 248 3219 καὶ
268 3185 313 3221 τὰ
330 3183 485 3234 δύσφορ’,
517 3188 547 3222 εἰ
571 3187 610 3222 τύ
641 3200 671 3222 οι
687 3183 761 3222 κατ’
778 3186 882 3235 ὀρθὸν
901 3186 996 3228 ἐξελ-

140 3234 162 3277 ζ
171 3239 174 3255 ῑ
212 3225 221 3242 ’
237 3229 277 3267 ἂν
293 3233 450 3283 εὐτυχεῖν
468 3237 526 3268 OR
534 3233 591 3268 87.
632 3235 804 3283 πεύχομαι
823 3233 861 3278 δ’,
883 3234 995 3270 οἴκοι-

37 3370 39 3374 ,
69 3313 94 3368 ῑ·
141 3279 993 3374 ..3²⁰23530320533353143.÷‚‡¹3.22⁶.‘3223325{²55.

72 3370 75 3387 ³
140 3385 169 3423 s,
202 3369 223 3406 3
247 3370 280 3407 8.
357 3373 486 3422 ύγμην,
523 3374 556 3410 εἴ
581 3371 656 3411 ποτ’
679 3375 779 3411 αὐτὸν
806 3375 841 3415 ἐς
867 3375 994 3422 δόμους

73 3435 76 3443 ’
163 3447 182 3471 v>
249 3431 272 3454 α
294 3431 348 3455 στε
373 3425 423 3456 εῖν
447 3427 567 3471 χιτῶνι
593 3425 646 3456 Tr.
668 3421 746 3457 610.
793 3422 823 3458 εἰ
849 3420 876 3456 δ’
894 3422 993 3462 ἐκτὸς

31 3423 32 3426 “
72 3445 89 3498 ii
147 3456 187 3499 gu,

993 142 1051 197 Εἰ

1958 150 2053 199 197

1041 260 1168 306 ἔλθοις,
1189 262 1348 312 πημονὰς
1365 262 1471 313 εὔχου
1488 262 1608 310 λαβεῖν
1627 261 1728 297 1189.
1758 261 1854 309 ἀνδρί
1868 276 1922 299 τοι
1940 277 1965 314 χ
1988 265 2053 300 εὼν

1041 310 1139 359 μνήμ
1165 323 1182 345 ν
1200 314 1394 358 προσεῖναι,
1422 310 1565 358 τερπνὸν
1590 309 1623 345 εἴ
1638 322 1670 344 τι
1686 322 1752 345 που
1770 310 1877 346 πάθοι
1893 313 1948 346 Ai.
1992 310 2050 345 21.

1039 356 1115 393 εἶπε
1138 323 1247 405 έ1ρξαι
1271 355 1419 402 Αἴαντα,
1449 358 1479 393 εἰ
1505 356 1601 398 ζῶντ’
1635 357 1766 392 ἐκεῖνον
1791 358 1927 393 εἰσιδεῖν
1956 358 2056 394 θέλοι

1039 404 1123 441 ποτέ
1132 404 1210 439 755.
1247 404 1355 453 ἄνδρα
1373 400 1401 439 δ’
1418 405 1456 440 οὐ
1476 404 1615 447 δίκαιον,
1638 405 1668 439 εἰ
1686 403 1795 448 θάνοι,
1817 404 1977 451 βλάπτειν
1994 406 2053 441 τὸν

1041 450 1163 487 ἐσθλόν
1182 450 1283 486 1344.
1329 451 1407 487 ὥστ’
1424 452 1453 486 εί
1470 452 1584 499 πατὴρ
1599 451 1728 494 ἰ’κοιτο,
1758 447 1878 499 μηκέτ’
1897 450 1937 488 ἂν
1953 452 2054 500 τέρας

1039 498 1188 547 νομίζειν
1207 498 1289 534 αὐτό
1307 501 1360 534 El.
1385 498 1484 533 1316.
1531 501 1595 533 Sed
1613 510 1679 532 non
1697 501 1883 533 includitur
1899 503 2052 543 apodosis

1038 549 1225 589 infinitivo,
1253 548 1523 590 quandoquidem
1549 557 1615 579 non
1642 549 1714 589 ipsa
1731 550 1850 589 verba,
1881 549 1939 580 sed
1958 559 2053 581 mens

1038 596 1207 636 loquentis
1225 597 1380 628 refertur.
1424 597 1473 627 lta
1491 595 1593 628 etiam
1610 596 1797 636 optativum
1815 597 1923 628 futuri
1941 594 1971 629 εἰ
1989 597 2054 628 sibi

1039 643 1113 674 addi
1130 643 1236 683 iubet,
1257 643 1343 683 quod
1366 652 1432 674 non
1458 644 1496 674 nt
1514 643 1604 674 alias.
1649 639 1751 688 λόγος
1773 640 1878 679 καλὸς
1905 646 2048 689 προσῆν,

1038 687 1068 722 εί
1093 687 1174 723 τάπὶ
1191 686 1298 735 Τροίᾳ
1322 682 1469 736 πέργαμ’
1493 682 1666 735 αίρήσοιμ’
1693 687 1752 722 ἰών
1771 689 1831 722 Ph.
1853 687 1920 722 353
1945 692 2051 732 siqui-

1039 736 1112 768 dem
1129 736 1283 777 futurum
1301 740 1391 777 esset,
1412 740 1449 768 ut
1466 739 1632 777 caperetur
1646 745 1704 777 per
1727 746 1778 768 me
1799 737 1908 768 Troia.
1953 735 2052 770 οὐδὲν

1039 781 1151 821 ἐνδεὲς
1168 781 1387 828 ποιούμενος,
1417 781 1448 817 εἰ
1471 781 1565 829 τάμὰ
1588 785 1702 821 κεῖνος
1727 778 1804 817 ὅπλ’
1826 781 1910 830 ἀφαι
1933 782 2053 829 ήσοιτό

1039 842 1081 876 με
1091 828 1170 864 376.
1192 828 1319 877 δεύτερ’
1335 828 1468 877 ἡγεῖται
1484 829 1527 864 τὰ
1542 833 1605 877 τῆς
1624 828 1715 864 οἴκοι
1733 828 1873 876 διαίτης,
1894 795 2029 877 εἴπατὴ

1037 876 1170 923 τροφὴν
1197 876 1272 926 ἔχοι
1295 879 1349 910 OC
1373 875 1452 910 352.
1499 876 1607 925 ἐγερτὶ
1631 882 1734 911 κινῶν
1761 873 1855 923 ἄνδρ’
1882 877 1989 923 ἀνὴρ,
2019 889 2034 911 ε

1037 935 1086 962 τις
1113 919 1207 959 τοῦδ’
1238 923 1410 970 ἀκηδήσοι
1442 923 1548 959 πόνου
1583 926 1663 957 Ant.
1700 922 1780 957 414.
1826 936 1857 957 v.
1887 923 2048 971 άφειδέω.

1038 972 1194 1014 Optativo
1211 974 1318 1004 futuri
1335 983 1418 1005 usus
1436 976 1498 1013 est,
1520 973 1609 1014 quod
1626 974 1660 1004 in
1677 977 1781 1006 κινῶν
1807 974 1896 1004 inest
1922 974 2049 1014 imper-

1038 1021 1165 1051 fectum
1193 1017 1313 1053 έκίνειι
1353 1021 1439 1061 quod
1464 1022 1493 1052 si
1526 1030 1684 1061 praesens
1717 1030 1791 1052 esse
1815 1024 1928 1061 posset
1949 1022 2048 1061 κινεῖ,

1038 1067 1224 1107 legeremus
1241 1067 1343 1099 etiam
1358 1068 1436 1099 huic
1454 1071 1717 1099 consentaneum
1735 1069 1987 1099 coniunctivum
2008 1065 2051 1112 ἥν

1036 1125 1085 1151 τις
1103 1111 1276 1159 ἀκηδήσῃ.
1306 1112 1348 1147 τὰ
1365 1111 1442 1147 δείν’
1456 1111 1600 1160 ἐπηπείλ
1629 1110 1654 1146 σ’
1668 1112 1752 1159 ἔπη,
1785 1112 1815 1146 εί
1839 1113 1888 1159 μὴ
1905 1111 2050 1159 φανοίην

1037 1162 1103 1194 πᾶν
1120 1160 1159 1194 τὸ
1178 1160 1343 1220 συντυχὸν
1362 1159 1474 1199 πάθος
1492 1163 1546 1193 Ai.
1563 1126 1643 1194 3173.
1675 1162 1730 1193 Sic
1747 1162 1850 1193 Dind.
1871 1171 1915 1193 ex
1933 1171 2043 1202 apogr.

1037 1209 1135 1240 duob.
1152 1221 1158 1240 :
1188 1219 1329 1254 φανειην
1348 1209 1416 1241 LA.
1447 1209 1613 1247 Futurum
1630 1218 1703 1240 esse
1719 1209 1831 1240 docuit
1849 1209 1977 1240 Buttm.
1998 1218 2049 1249 gr.

1037 1256 1094 1287 Gr.
1116 1253 1147 1287 1.
1169 1253 1203 1299 §-
1223 1253 1280 1288 88.
1303 1253 1336 1287 6.
1357 1253 1413 1288 93.
1435 1254 1469 1297 3,
1498 1266 1562 1298 quo
1588 1266 1653 1287 non
1672 1257 1902 1288 animadverso
1929 1253 2051 1301 φανείη

1036 1304 1153 1344 probat
1165 1303 1256 1335 Pors.
1277 1304 1317 1335 ad
1335 1305 1416 1335 Hec.
1436 1301 1517 1344 848,
1537 1313 1622 1345 quae
1639 1307 1692 1335 est
1708 1304 1827 1335 vitiosa
1844 1304 2053 1344 quorundam

1037 1351 1130 1382 codd.
1152 1352 1325 1391 scriptura.
1372 1352 1423 1382 Ab
1450 1351 1502 1383 his
1520 1351 1671 1383 diversus
1688 1352 1778 1382 locus
1796 1354 1848 1382 est
1865 1351 1946 1382 Ant.
1967 1347 2048 1392 505,

1037 1398 1109 1439 ipse
1127 1407 1260 1439 quoque
1277 1399 1476 1430 coniecturis
1493 1399 1616 1430 iniuria
1633 1402 1782 1430 tentatus
1796 1410 1802 1429 :
1830 1399 1931 1431 τοῦτο
1949 1399 2050 1430 πᾶσιν

1037 1443 1191 1478 ἁνδάνειν
1209 1438 1332 1491 λέγοιτ’
1349 1443 1388 1478 ἄν
1401 1473 1408 1486 ,
1437 1443 1468 1478 εἰ
1494 1444 1542 1490 μὴ
1573 1443 1729 1491 γλῶσσαν
1750 1438 1911 1492 έγκλῄσοι
1929 1443 2047 1490 φόβος.

1037 1502 1067 1523 v.
1090 1485 1239 1539 ἐγκλῄω.
1262 1510 1364 1524 -.-
1401 1489 1433 1524 6.
1471 1492 1484 1534 ΙΙ
1503 1492 1587 1524 Cum
1613 1494 1898 1524 coniunctivo
1924 1493 2051 1524 dietum

1037 1540 1151 1580 paucis
1177 1549 1239 1571 nec
1263 1541 1419 1571 omnibus
1444 1541 1524 1571 satis
1549 1541 1647 1571 certis
1679 1541 1845 1581 exemplis
1878 1540 2047 1571 firmatur:

1037 1595 1102 1618 non
1128 1590 1167 1618 ut
1191 1588 1327 1618 intersit
1351 1587 1478 1628 aliquid
1502 1588 1593 1619 inter
1618 1587 1702 1618 hane
1727 1590 1762 1619 et
1784 1587 1967 1628 particulae
1993 1584 2052 1620 ἐάν

1037 1644 1113 1665 011111
1146 1635 1358 1666 coniunctivo
1383 1634 1543 1666 dicendae
1568 1636 1749 1675 rationem,
1787 1635 1875 1675 quod
1900 1635 2052 1674 argutius

1037 1691 1136 1722 quam
1161 1683 1272 1713 verius
1301 1682 1516 1723 persequitur
1542 1682 1656 1713 Herm.
1687 1682 1727 1713 ad
1753 1681 1808 1714 OC
1836 1678 1926 1713 1443
1952 1685 1987 1713 et
2010 1681 2052 1712 de

1036 1732 1121 1769 part.
1149 1725 1190 1761 ἄν
1215 1725 1257 1770 2,
1289 1726 1330 1769 7,
1367 1730 1424 1760 sed
1458 1730 1530 1760 ausi
1556 1732 1637 1760 sunt
1661 1729 1745 1761 illud
1777 1729 1894 1768 tragici
1927 1738 2052 1760 morem

1036 1776 1204 1808 Homerici
1230 1778 1392 1808 sermonis
1416 1785 1503 1817 pone
1529 1777 1646 1808 secuti.
1691 1777 1762 1808 Nec
1784 1778 1896 1817 potest
1916 1776 2052 1807 omnino

1035 1824 1277 1864 particularum
1295 1833 1368 1855 esse
1387 1824 1640 1863 significationis
1658 1824 1848 1864 discrimen,
1871 1824 1899 1854 si
1911 1826 2051 1855 senten-

1037 1872 1102 1902 tiae
1128 1871 1343 1902 conformatio
1369 1872 1480 1903 modos
1507 1872 1599 1902 verbi
1624 1871 1727 1910 regit:
1764 1874 1803 1902 ut
1828 1879 1895 1902 non
1921 1871 1984 1902 alia
2010 1870 2052 1902 de

1037 1927 1135 1949 causa
1161 1919 1343 1950 coalescere
1370 1916 1446 1958 ἐάν,
1476 1916 1575 1959 ὅταν,
1606 1915 1733 1951 ὁπόταν
1760 1917 1877 1949 Graeci
1892 1918 2051 1949 maluisse

1036 1965 1254 1997 existimandi
1280 1967 1365 2006 sint,
1396 1966 1460 1997 nisi
1487 1968 1526 1997 ut
1550 1965 1720 1997 modorum
1740 1965 1930 1996 differentia
1947 1966 2050 1997 etiam

1036 2016 1175 2044 externo
1201 2013 1343 2054 quodam
1367 2013 1550 2053 particulae
1576 2013 1671 2053 quasi
1698 2014 1791 2052 signo
1813 2013 1923 2044 addito
1940 2013 2049 2044 mani-

1036 2060 1121 2091 festo
1140 2063 1315 2092 constaret.
1344 2060 1433 2091 Hinc
1450 2060 1662 2101 intelligitur,
1683 2070 1740 2091 cur
1757 2057 1798 2100 εἰ,
1821 2057 1904 2101 ἐπεί,
1931 2057 2050 2104 ἐπειδή

1037 2110 1071 2138 et
1088 2107 1251 2138 eiusmodi
1277 2108 1340 2138 alia
1364 2109 1399 2138 in
1430 2108 1558 2138 melicis
1577 2108 1721 2138 maxime
1739 2107 1925 2147 tragoediae
1942 2107 2048 2147 parti-

1036 2155 1098 2186 bus
1117 2164 1191 2186 cum
1209 2155 1423 2186 coniunctivo
1437 2155 1525 2186 dicta
1542 2155 1769 2195 reperiantur,
1798 2155 1924 2195 quippe
1942 2164 1960 2185 a
1978 2162 2048 2185 ser-

1037 2202 1144 2233 monis
1162 2202 1267 2233 Attici
1285 2202 1399 2241 regula
1416 2203 1537 2233 maiore
1555 2202 1691 2233 licentia
1708 2202 1920 2242 aliquantum
1936 2201 2048 2232 diver-

1036 2249 1101 2289 sis;
1130 2249 1296 2291 imprimis
1312 2250 1508 2280 recentioris
1534 2249 1721 2288 tragoediae
1745 2251 1780 2280 et
1795 2248 1971 2288 Euripidis
1991 2248 2050 2280 ille

1036 2305 1107 2327 mos
1137 2299 1199 2327 est.
1246 2296 1352 2335 Quam
1371 2296 1525 2328 Schneid.
1548 2297 1589 2327 ad
1606 2296 1689 2327 Plat.
1713 2295 1812 2327 civit.
1833 2293 1866 2327 8.
1886 2305 1920 2336 p.
1942 2291 2010 2327 579
2027 2295 2050 2327 (1

1035 2343 1126 2375 inter
1148 2341 1178 2375 εἰ
1204 2346 1238 2374 et
1261 2341 1319 2376 ἐάν
1346 2353 1420 2375 cum
1446 2344 1659 2375 coniunctivo
1684 2343 1771 2374 dicta
1796 2343 2048 2374 distinctionem

1034 2391 1160 2430 posuit,
1181 2400 1253 2422 eam
1271 2401 1290 2422 a
1306 2400 1359 2422 me
1378 2399 1443 2421 non
1460 2391 1606 2430 intelligi
1622 2391 1771 2430 ingenue
1791 2390 1957 2430 profiteor.
2003 2389 2049 2420 Et

1035 2437 1104 2469 fere
1122 2438 1250 2469 nullius
1267 2438 1351 2469 illud
1377 2447 1430 2478 ap.
1452 2437 1535 2469 Plat.
1558 2446 1631 2469 esse
1655 2437 1734 2469 fidei
1757 2438 1830 2478 ipse
1858 2437 1983 2468 fatetur
2008 2437 2048 2468 ad

1034 2482 1067 2516 5.
1087 2494 1120 2525 p.
1142 2481 1210 2516 473
1228 2495 1265 2526 a,
1294 2485 1448 2526 quodque
1473 2485 1575 2517 altero
1600 2484 1657 2516 illo
1682 2485 1751 2516 loco
1775 2484 1969 2524 exemplum
1986 2484 2047 2515 ad-

1034 2535 1128 2563 vocat
1146 2532 1248 2572 Legg.
1272 2529 1326 2563 12.
1347 2540 1381 2572 p.
1403 2528 1471 2563 958
1496 2533 1517 2563 (1
1536 2533 1683 2564 alienum
1701 2534 1764 2571 est,
1789 2534 1828 2562 ut
1843 2532 1879 2562 111
1898 2539 1963 2572 quo
1980 2540 2046 2562 non

1033 2576 1063 2611 εἰ
1081 2579 1139 2610 5οᾶ
1157 2576 1225 2611 εἴτε
1250 2580 1388 2618 legatur.
1434 2579 1502 2611 Nec
1531 2579 1636 2618 magis
1661 2579 1762 2619 probo
1779 2578 1890 2609 Wexii
1914 2578 2047 2609 decreta

1034 2624 1106 2665 syn.
1128 2627 1169 2657 ad
1186 2627 1302 2666 Antig.
1323 2636 1356 2667 p.
1382 2623 1457 2658 187.
1477 2627 1521 2649 *—
1555 2623 1646 2659 τέλει
1669 2623 1732 2671 γὰρ
1756 2622 1789 2657 εἴ
1811 2636 1842 2657 τι
1869 2621 1928 2663 νὺξ
1957 2622 2042 2670 ἀφῇ,

1031 2666 1122 2706 τοῦτ’
1140 2670 1191 2706 ἐπ’
1208 2670 1303 2718 ἦμαρ
1322 2671 1457 2720 ἔρχεται
1475 2672 1531 2704 OR
1552 2670 1618 2705 198
1635 2673 1686 2704 ch.
1716 2669 1758 2716 ἦν
1784 2682 1815 2704 τι
1838 2672 1955 2703 Elmsl.
1971 2681 2046 2703 cum

1031 2721 1215 2761 probasset,
1245 2723 1392 2752 mutasse
1410 2729 1445 2751 se
1463 2721 1665 2752 sententiam
1683 2719 1884 2759 significavit
1901 2719 1942 2750 ad
1958 2719 2040 2750 Eur.

1031 2767 1150 2799 Bacch.
1171 2763 1251 2798 204.
1272 2764 1342 2799 858
1367 2764 1461 2811 ὕβρις
1491 2765 1626 2812 φυτεύει
1650 2765 1832 2811 τύραννον,
1867 2762 1980 2811 ὕβρις,
2014 2763 2045 2798 εἰ

1032 2811 1170 2847 πολλῶν
1189 2811 1420 2860 ὑπερπλησθῇ
1437 2811 1545 2859 μάταν
1563 2811 1632 2846 874
1650 2814 1701 2845 ch.
1730 2822 1838 2844 unum
1855 2815 1963 2853 ap0gr.
1985 2810 2041 2857 ἤν.

1033 2858 1237 2894 δυστάλαινα
1252 2858 1314 2906 τᾶρ
1336 2860 1422 2906 ἐγώ,
1453 2859 1483 2893 εἰ
1501 2862 1560 2894 σοῦ
1581 2858 1737 2905 στερηθῶ
1756 2859 1811 2891 OC
1828 2857 1927 2892 1443.
1966 2860 2045 2890 For-

1030 2908 1099 2939 tius
1117 2905 1147 2940 εί
1165 2917 1250 2949 0550,
1271 2918 1371 2949 quam
1390 2906 1465 2948 ἐάν,
1497 2912 1532 2939 et
1546 2910 1599 2939 uti
1615 2917 1654 2939 eo
1671 2908 1873 2947 Antigonam
1891 2916 1958 2939 non
1980 2907 2044 2938 du-

1030 2956 1194 2986 bitantem
1206 2980 1213 2994 ,
1245 2956 1328 2996 quin
1353 2956 1453 2987 fratre
1471 2956 1614 2987 caritura
1631 2956 1692 2995 sit,
1718 2954 1910 2986 Hermanno
1928 2963 2045 2985 conce-

1030 3002 1125 3041 dam,
1153 3003 1200 3034 ita
1224 3005 1336 3033 tamen
1363 3006 1401 3034 ut
1425 3001 1688 3043 quandoquidem
1712 3002 1880 3041 significet
1905 3004 1939 3032 et
1967 3011 2044 3032 cum

1031 3048 1210 3080 indicativo
1227 3050 1368 3089 dicatur,
1389 3048 1418 3081 εἰ
1437 3047 1655 3094 στερήσομαι.
1691 3049 1908 3089 Relinquitur
1924 3048 2040 3088 igitur,

1031 3099 1069 3127 ut
1085 3094 1116 3128 εἰ
1135 3093 1291 3141 στερηθῶ
1309 3097 1435 3128 dictum
1453 3096 1498 3127 sit
1514 3105 1571 3136 pro
1591 3094 1648 3129 ἐὰν
1663 3092 1831 3141 στερηθῶ.
1854 3096 1948 3126 Libri
1959 3095 1995 3126 in
2013 3093 2045 3127 εἰ

1032 3143 1260 3183 consentiunt,
1279 3145 1394 3184 itaque
1412 3144 1511 3175 etiam
1531 3143 1588 3175 Gr.
1609 3144 1712 3174 Bekk.
1734 3143 1800 3174 An.
1821 3151 1855 3183 p.
1878 3139 1957 3183 144,
1981 3138 2039 3173 26.

1031 3190 1177 3221 Brunck.
1198 3187 1240 3234 ἦν
1266 3190 1412 3222 dederat.
1457 3187 1581 3235 ἄνδρα,
1619 3187 1675 3222 κεῖ
1706 3200 1756 3227 τις
1789 3181 1814 3236 ᾗ
1846 3187 1968 3234 σοφός,
2006 3187 2044 3222 τὸ

1032 3233 1215 3282 μανθάνειν
1241 3234 1338 3270 πόλλ’
1365 3235 1507 3284 αἰσχρὸν
1538 3235 1636 3270 οὐδέν
1669 3237 1751 3268 Ant.
1781 3233 1860 3268 710.
1913 3236 2043 3267 Vitiose

1030 3284 1183 3324 plerique
1210 3284 1301 3316 codd.
1322 3282 1387 3328 κῆν
1405 3295 1473 3325 τις,
1504 3285 1563 3316 LA
1587 3281 1642 3316 κεῖ
1666 3294 1715 3320 τις
1733 3281 1764 3316 εἷ
1781 3282 1820 3327 (i.
1842 3293 1872 3316 e.
1893 3276 1952 3329 ᾗ),
1981 3292 2044 3314 1100

1030 3331 1143 3362 minus
1161 3331 1303 3363 Thomas
1328 3340 1362 3372 p.
1383 3327 1471 3371 267,
1504 3341 1610 3372 eoque
1634 3331 1669 3362 id
1694 3331 1837 3371 certius,
1874 3331 1961 3372 quod
1984 3339 2043 3370 pro

1029 3378 1200 3418 imperitia
1224 3387 1284 3410 sua
1307 3379 1419 3419 ipsum
1443 3379 1528 3410 illud
1553 3381 1658 3410 metro
1691 3378 1856 3410 adversari
1885 3377 2040 3409 affirmat.

1029 3426 1069 3456 In
1087 3424 1225 3458 Oenom.
1245 3426 1287 3458 fr.
1308 3422 1378 3458 418
1395 3435 1462 3458 non
1480 3423 1510 3459 εἰ
1529 3426 1587 3458 sed
1602 3435 1784 3466 pronomen
1801 3422 1816 3458 ἵ
1840 3426 1931 3457 inest
1955 3434 1987 3466 q.
2007 3434 2039 3457 V.
