2288 3600
0 137 203 184 ›eo-9324

5 243 236 291 αταμελέω
267 245 411 285 myliyo.
455 242 486 277 εἰ
508 239 721 290 κατημέληᾶ
751 241 823 290 ἐγώ
846 244 902 276 Ai.

0 293 46 340 γὼ
63 291 102 327 δὲ
179 289 408 337 κατημέλησα
425 292 480 324 Ai.
502 288 581 323 912.

3 360 84 398 ατά
127 372 292 408 εμπτος
316 361 555 403 vituperabilis.
598 359 638 394 τό
660 371 697 397 τε
721 359 906 406 κατάμεμ-

0 373 192 456 §adeso-pff
208 405 365 453 πύματον
378 409 488 455 γῆρας
500 407 556 440 00
572 404 662 441 1235
674 408 727 441 011.
748 411 906 441 senectus

3 480 11 490 .
50 452 90 491 οὔ
114 466 166 490 τοι
188 452 406 500 κατάμεμπτ’
433 453 560 501 ἐβήτην
589 451 678 488 1695
695 454 748 488 011.
793 453 901 488 Schol.

0 513 16 539 ν
38 501 209 540 τοιούτοις
235 499 311 535 ἐστὲ
336 500 423 536 ὥστε
445 498 747 547 καταμέμφεσθαι.
782 497 903 592 ῗὲοῖον

0 560 6 583 v
49 547 80 583 εί
103 560 153 583 ονι
169 550 228 582 νῦν
246 546 328 593 ὑμῖν
346 545 439 587 ἔσται
453 546 496 582 τὰ
508 546 705 594 πράγματα.
732 544 784 583 Εὖ
820 546 906 594 εβη-

1 560 55 631 laxs.
76 559 144 629 979
170 598 337 637 comparat
361 596 495 636 Elmsl.,
522 595 647 636 Reisig.
673 595 821 637 explicat
837 604 906 627 non

0 653 37 676 m
60 642 280 675 conditionem
302 645 420 674 nactae
444 644 519 681 eatis
542 641 629 682 (seid
650 642 740 674 nicht
756 641 905 674 schlimm

0 693 64 728 ἐπ)
89 690 178 731 quod
195 690 225 721 si
242 692 359 731 aptum
377 689 467 722 chori
485 698 647 731 personae
665 690 823 722 futurum*
837 692 901 729 est,

0 737 133 769 rmanni
150 737 311 768 rationem
334 736 473 768 recidit:
504 745 572 768 non
589 737 637 768 ita
654 737 787 767 venistis
805 735 905 767 Athe-

696 780 729 826 (Ι
745 792 780 824 p.
801 779 903 827 931.)

2 850 299 898 ατανθρακόω
324 851 369 884 ad
403 853 526 884 cineres
557 852 689 893 τεάἰρο,
719 861 899 885 concremo.

20 897 199 947 φλογιστὸν
225 897 294 945 ἤδη
318 898 376 933 καὶ
400 895 739 945 κατηνθρακωμένον
764 900 815 932 El.
842 897 898 933 58.

5 957 39 980 11.
60 945 251 993 φλογιστόν.

0 787 20 816 tt
35 784 189 825 conqueri
212 782 364 816 debeatis.

1 1014 227 1051 ατανῖκάω
252 1025 380 1057 supero.
410 1013 491 1050 ὅταν
510 1013 542 1050 οἵ

575 1010 583 1023 ’
600 1013 725 1062 ἀγαθοὶ
737 1016 821 1062 πρὸς
834 1019 902 1050 τῶν

0 1074 16 1100 ν
33 1066 283 1099 κατανικῶνται
298 1063 416 1096 Alead.
436 1064 478 1096 fr.
502 1028 574 1097 1Οέ

574 1060 634 1103 ,3.

1 1130 208 1168 αταντίον
234 1136 360 1165 contra.
404 1132 460 1180 χώ
485 1130 663 1166 καταντίον
683 1129 799 1166 θανών
816 1133 898 1165 Α111.

3 1180 157 1214 Eteocles
180 1183 232 1212 est
249 1180 285 1211 ln
300 1189 414 1221 pugna
432 1189 507 1214 cum
526 1181 626 1212 fratre
644 1180 783 1212 occisus.
820 1181 899 1213 Vat.

0 1227 118 1260 Dresd.
147 1230 181 1258 et
205 1226 298 1259 codd.
318 1226 482 1259 Brunekii
503 1231 638 1268 praeter
654 1227 794 1259 membr.
813 1224 903 1260 κατὰ

0 1284 14 1315 ς
36 1272 154 1312 νέκυς,
190 1273 279 1314 quod
304 1273 511 1316 ineptiarum
534 1273 670 1306 damnat
694 1273 898 1314 Brunckius,

0 1329 36 1354 111
60 1321 160 1362 plane
184 1320 366 1353 absurdum
394 1324 466 1361 est,
495 1321 621 1362 quippe
639 1320 776 1355 Eteocle
793 1321 902 1362 ipsius

0 1368 143 1402 humato.
164 1367 215 1400 De
227 1370 305 1399 tono
318 1367 471 1400 vocabuli
483 1365 598 1405 ἀντίος
614 1368 693 1400 Α10.
713 1377 746 1408 p.
761 1364 820 1408 40,
832 1365 875 1400 21
888 1380 896 1408 ς

0 1412 94 1452 ’,ντίος
112 1414 202 1446 idem
219 1423 252 1455 p.
273 1410 330 1455 86,
350 1410 388 1455 73
419 1415 455 1446 in
473 1424 539 1456 quo
557 1424 634 1447 cum
650 1425 684 1447 εν
703 1411 898 1459 παρέλκειν,

4 1461 46 1494 ad
62 1470 200 1494 sensum
213 1461 474 1500 nondesiderari
487 1462 580 1503 dicit,
597 1471 657 1504 par
669 1471 768 1493 causa
781 1471 901 1495 accen-

0 1508 117 1540 rvandi
134 1508 200 1539 fuit
215 1508 251 1539 in
268 1506 459 1546 καταντίος.

1 1569 178 1612 ατᾶνύω
198 1577 343 1619 perficio.
381 1577 428 1617 ὡς
455 1574 592 1611 θέλοντι
615 1572 706 1612 τοῦτ’
724 1575 802 1623 ἐμοί
818 1589 901 1613 ποτε

10 1622 50 1658 τὸ
77 1622 187 1670 δῶρον
211 1622 352 1662 εἰκότως
380 1623 572 1669 κατήνυσεν
598 1625 653 1658 OC
679 1622 750 1658 432
775 1624 902 1658 donum

0 1673 22 1704 it
35 1673 182 1712 poscenti
198 1672 222 1703 1.
243 1681 271 1705 0.
295 1671 399 1704 dedit.
435 1672 528 1703 Libri
551 1672 726 1713 pauciores
749 1677 784 1704 et
807 1652 921 1731 dete-¹

19 1718 59 1750 Β.
97 1718 136 1751 Τ.
171 1719 251 1750 Vat.
287 1718 388 1750 Farn.
423 1711 627 1764 κατῄνεσεν,
672 1720 760 1761 quod
792 1720 899 1751 secuti

0 1765 31 1797 k.
60 1768 95 1796 et
120 1765 223 1797 Dind.
252 1766 313 1798 LA
335 1763 549 1810 κατηίνυσεν.
579 1766 636 1797 LB
660 1759 735 1799 κατ’
759 1763 896 1810 ἤνυσεν.

14 1809 79 1858 γὰρ
106 1808 270 1858 προξένου
295 1810 491 1869 κατήνυσαν
516 1812 570 1844 El.
603 1809 704 1847 1451.
749 1814 896 1846 Brunck.

0 1860 32 1892 at
47 1857 242 1904 κατήνυσαν
255 1857 319 1904 τὴν
333 1856 413 1892 ὁδον
427 1856 476 1896 εἰς
516 1856 592 1904 ίλης
603 1857 766 1905 προξένου
781 1857 897 1894 οἶκονι

0 1905 63 1938 iale
89 1906 251 1946 alterum,
280 1906 338 1938 sed
363 1907 407 1938 ut'
430 1916 497 1950 προ
518 1904 594 1940 ένου
619 1904 781 1941 κατανύω
804 1907 839 1939 id
857 1908 902 1939 sit

0 1949 39 1989 εἰς
52 1949 229 1998 προξένου,
247 1961 346 1985 1101110
358 1962 510 1994 unquam
523 1953 661 1985 efficiet.
691 1954 791 1986 schol.
808 1963 875 1986 rec.
890 1965 897 1985 :

0 1993 302 2045 ἰκατηνέχθησαν,
330 2001 503 2045 κατῆραν,
535 1997 671 2043 ἤνυσα
695 1999 774 2045 τὴν
798 1998 921 2035 ὁδὸνι

31 2042 104 2079 ἀντὶ
127 2047 188 2078 τοῦ
218 2043 417 2092 ἐπλήρωσα.
454 2045 686 2092 κατήνυσα
712 2045 750 2081 δὲ
773 2045 822 2085 είς
846 2045 901 2080 λι·-

2 2096 14 2121 ?
55 2090 104 2130 εἰς
131 2092 355 2139 καταγώγιον,
387 2090 523 2137 [ὅμοιον
545 2092 598 2138 τῷ
623 2092 819 2140 κατάγομαι
842 2092 902 2127 καὶ

14 2135 63 2184 ·].
93 2134 218 2174 Κατοί
242 2143 277 2172 et
303 2139 346 2171 ad
371 2144 406 2172 et
430 2143 546 2172 contra
570 2141 764 2181 significans
786 2145 902 2174 monet

31 2187 221 2227 ambiguam
248 2186 386 2219 reddere
411 2188 614 2228 orationem,
650 2191 690 2220 ut
714 2188 902 2229 Aegisthus

20 2233 95 2265 illos
111 2242 178 2265 esse
202 2233 364 2274 hospitam
389 2235 531 2267 amicam
550 2235 739 2276 intelligat,
767 2235 902 2267 Electra

17 2280 54 2312 in
71 2284 187 2312 mente
204 2280 326 2312 habeat
345 2279 556 2320 confecerunt
572 2291 642 2313 rem
658 2284 774 2314 eontra
791 2282 902 2322 hospi-

5 2331 27 2354 10
40 2327 118 2358 onk.
139 2323 331 2361 καθανύσαι
347 2328 562 2360 scribendum
580 2328 717 2361 suadet:
738 2340 770 2361 V.
792 2326 897 2363 ἀνύω.

7 2414 14 2424 ‹
31 2394 226 2436 ταξαίνω
251 2396 370 2429 lacero.
415 2395 567 2443 πέτροισι
588 2399 656 2437 πᾶς
679 2395 903 2437 καταξανθεὶς

22 2444 81 2478 Ai.
93 2440 174 2476 728.
195 2442 303 2475 Schol.
324 2452 391 2476 rec.
411 2441 584 2482 διαλυθεὶς
601 2442 667 2479 ὑπὸ
683 2447 753 2479 τῶν
769 2449 902 2491 πετρῶν

10 2489 111 2528 111111.
145 2491 175 2522 A
200 2490 276 2522 lana
299 2491 512 2523 carminanda
531 2491 671 2525 ductum
688 2493 829 2525 vulnera
845 2493 902 2524 in-

29 2537 132 2581 rpori
158 2537 337 2577 significat.
374 2537 472 2571 Phot.
499 2547 534 2580 p.
558 2535 641 2580 140,
660 2535 684 2571 2
705 2536 900 2579 καταξανεῖ,

9 2600 17 2628 l
29 2580 98 2630 ψει.
121 2580 231 2621 λίθοις
246 2581 422 2628 αἱμάσσειν
436 2588 470 2616 01
478 2582 769 2630 καταξαινόμενοι,
782 2596 903 2631 μαστι-

14 2641 27 2664 ι
49 2634 85 2662 01
106 2627 337 2670 καταξαὶνων,
367 2629 582 2677 κατατρίβων
609 2632 704 2665 Suid.
733 2633 898 2674 explicat3

566 123 875 192 Καταμελέω“
891 153 955 167 --
981 123 1258 194 Καταρρέω

11 2672 104 2723 ίβειν
121 2679 156 2710 et
173 2674 360 2722 βασανίζειν
373 2702 381 2717 ,
406 2679 493 2719 quod
508 2679 622 2719 ipsum
638 2680 903 2712 verberationem

15 2746 30 2772 Α,
49 2723 195 2764 Hesyeh.
224 2723 276 2757 Cf.
296 2723 480 2758 Markland.
501 2726 542 2758 ad
560 2725 680 2767 Suppl.
701 2722 783 2760 503.

13 2810 17 2818 ι-
34 2790 184 2831 τάξιος
208 2792 403 2833 condimus.
424 2791 534 2828 παῖδα
600 2792 761 2834 κατάξιον
774 2793 803 2828 δ’
815 2794 902 2840 ἐμοῦ

13 2841 15 2843 ’
31 2835 69 2871 19
85 2841 166 2871 meis
179 2839 322 2871 moribus
339 2840 476 2881 diynum
492 2842 516 2873 i.
537 2850 568 2874 e.
588 2844 844 2875 convenientem.

14 2917 21 2931 ν,
34 2895 196 2936 ταξιόω
214 2897 362 2930 decemo.
389 2896 429 2932 σύ
441 2909 495 2932 τοι
506 2896 720 2944 κατηξίωσας
732 2900 795 2934 Ph.
814 2897 902 2933 1095

23 2962 28 2969 -
69 2946 141 2976 isti
162 2946 227 2976 tibi
251 2946 338 2977 mala
360 2946 439 2986 illa,
467 2947 490 2977 i.
519 2955 549 2978 0.
578 2948 785 2979 contraxisti.
830 2948 904 2980 Non

69 2991 170 3023 schol.
200 2989 239 3025 σὺ
258 2990 371 3038 σαυτῷ
388 2990 632 3038 περιεποίησας
649 2992 713 3039 τὴν
729 2991 840 3035 νόσον,
862 2992 902 3028 σὺ

18 3033 21 3040 ⁴
49 3035 152 3071 ύτων
170 3035 329 3083 πρόξενος
345 3035 500 3084 γέγονας.

16 3103 57 3140 gt
65 3093 165 3136 α’ξίω
176 3105 192 3133 ς
217 3095 389 3136 condique.
418 3094 587 3142 δέδρακας
604 3094 673 3131 οὔτ’
690 3096 776 3142 ἐμοῦ
793 3109 904 3132 κατα-

19 3134 64 3168 ·'1’
80 3141 127 3176 ὧν
144 3141 300 3188 πέφυκας
317 3142 373 3175 00
392 3139 472 3175 911.
509 3143 629 3176 Elmsl.
650 3145 779 3177 mavult
794 3144 906 3179 κατά-

28 3230 32 3235 ι
49 3202 67 3215 ··-
83 3189 148 3221 dit
172 3190 340 3230 vulgatam
366 3190 481 3221 Herm.
527 3186 595 3224 οὔτ’
627 3188 713 3236 ἐμοῦ
736 3189 905 3231 καταξὶως

79 3232 159 3268 οὔτε
184 3237 246 3269 τοῦ
270 3233 499 3280 πορεύσαντος
525 3233 622 3275 ξένου
645 3237 700 3270 ΕΙ.
728 3235 809 3271 800.
853 3240 905 3271 De

60 3285 100 3313 ut
123 3282 277 3322 videtur,
298 3280 338 3316 ἄν
356 3293 388 3315 v.
409 3281 462 3317 ἄν.
491 3283 565 3315 Erf.
586 3293 631 3315 ex
647 3284 718 3316 cod.
738 3285 811 3316 Ien.
830 3282 906 3318 κατ’

20 3326 149 3370 ζ1101111.
170 3330 301 3420 scillicet
317 3330 550 3362 soloecismum
567 3331 762 3363 sublaturus
778 3326 907 3370 κατάξι’

15 3373 79 3415 ss·-
100 3375 203 3408 Dind.
227 3401 234 3407 .

1857 129 1958 178 373

1014 237 1316 277 Καταπειλέω
1357 245 1548 276 comminor.
1602 242 1728 278 πολλαὶ
1759 240 1788 278 δ’
1822 242 1960 279 ἀπειλαὶ

942 286 1058 324 πολλὰ
1083 287 1127 334 δὴ
1152 287 1265 335 μάτην
1289 287 1307 323 ἔ
1323 313 1332 322 .
1382 286 1486 336 θυμῷ
1510 289 1769 338 κατηπείλησαν
1794 291 1850 325 OG
1874 288 1955 325 659.

942 336 1031 370 Male
1056 341 1131 378 post
1151 333 1277 370 πολλαὶ
1294 299 1479 372 δῗὲπειλαί
1495 338 1733 379 distinguitur,
1763 340 1860 380 quasi
1875 341 1958 372 sub-

942 383 1054 416 audiri
1078 384 1178 416 liceat
1203 381 1296 416 εἰσίν.
1341 384 1514 418 Audacius
1538 387 1647 418 mim
1662 387 1786 418 minari
1803 386 1901 426 dicit,
1922 397 1955 417 v.

942 430 1081 471 Herm.;
1117 433 1157 463 ut
1185 434 1278 463 tecte
1299 431 1509 464 intellexerit
1533 431 1636 465 schol.
1673 449 1715 456 —
1758 430 1803 467 ἀκ
1826 435 1958 478 αιφνεῖς

941 480 1010 511 τῶν
1025 474 1338 523 κατηπειλημένων
1355 477 1411 511 OG
1432 475 1533 512 1147.
1698 478 1730 523 (1
1746 488 1779 521 p.
1825 477 1882 520 32,
1902 477 1958 523 2.)

1012 541 1044 583 K
1056 557 1252 594 αταπεφν
1264 548 1327 581 εῖν
1344 547 1497 580 occidere.
1518 548 1791 591 Authypotacton
1803 554 1855 582 est
1867 562 1874 591 ;
1896 551 1956 582 sed

940 598 1074 637 praeter
1096 594 1318 627 indicativum
1342 597 1377 627 et
1400 596 1521 636 pattici
1546 595 1618 628 ium
1638 596 1723 628 nihil
1739 605 1883 638 usquam
1900 606 1955 629 re-

938 642 1043 684 periri
1066 642 1228 683 suspicor.
1264 639 1475 687 κατέπεφνες
1490 606 1590 676 ugos
1606 640 1792 677 συνναύταν
1810 644 1866 676 Α1.
1886 640 1952 676 901

939 688 992 721 011.
1035 685 1135 734 γένυς
1146 713 1154 728 ,
1183 685 1205 722 ἅ
1223 698 1275 721 νιν
1291 686 1508 735 κατέπεφνεν
1520 685 1796 735 (Ἀγαμέμνονα)
1813 691 1866 722 ΕΙ.
1886 687 1956 723 486

939 735 991 767 011.
1019 736 1072 768 De
1095 736 1272 777 participio
1297 739 1393 768 acuto
1411 745 1444 767 v.
1465 735 1529 768 EM
1547 746 1581 778 p.
1602 733 1684 777 356,
1704 734 1747 778 4,
1783 738 1874 769 idem
1899 747 1955 770 eos

939 783 1091 815 refutans
1108 783 1169 823 qui
1184 791 1344 823 praesens
1358 784 1534 815 exstitisse
1547 781 1668 829 πέφνω
1679 785 1843 825 putarint.
1864 784 1954 817 Haec

940 838 983 861 ex
1001 829 1133 871 copiosa
1148 829 1299 862 doctrina
1315 831 1490 862 fluxerunt
1507 831 1689 863 Herodiani
1709 831 1750 863 ad
1766 832 1806 863 11.
1827 842 1853 864 π
1869 828 1949 871 827,

938 876 1105 908 adversati
1123 876 1316 909 Aristarcho
1333 879 1541 919 penae-uenti
1558 882 1671 910 contra
1687 879 1863 910 rationem.

1010 941 1285 1026 Κατ7ἓίτίπτω
1311 945 1434 978 decido.
1487 944 1535 985 εἰς
1560 945 1725 992 ἀλίβαντα
1750 950 1954 982 καταπεσεῖν

939 994 980 1026 fr.
1001 994 1067 1026 1110.
1163 1018 1170 1024 .

1009 1058 1060 1107 [K
1068 1073 1091 1097 α
1098 1073 1118 1096 τ
1127 1074 1150 1097 α
1158 1073 1183 1096 π
1192 1060 1213 1095 λ
1222 1060 1238 1096 έ
1247 1076 1276 1098 ω
1301 1063 1405 1096 redux
1420 1066 1554 1105 naviyo.
1582 1075 1614 1097 v.
1637 1061 1848 1110 Ναύπλιος]

1010 1116 1042 1155 Κ
1054 1133 1076 1154 α
1084 1132 1103 1154 τ
1111 1119 1161 1167 άρ
1169 1119 1219 1155 ἆτ
1229 1133 1247 1156 ο
1257 1132 1273 1160 ς
1306 1122 1391 1154 divis
1415 1122 1569 1163 devotus,
1598 1123 1759 1163 nefarius.
1805 1121 1954 1170 ἀπάγετε

937 1166 994 1202 τὸν
1012 1166 1288 1214 καταρατότατον
1306 1170 1364 1202 OR
1385 1165 1475 1202 1344
1491 1179 1535 1201 m.

1009 1222 1043 1261 K
1051 1225 1131 1260 ατά
1142 1237 1160 1272 ρ
1170 1225 1188 1272 β
1199 1224 1218 1260 ὕ
1227 1225 1248 1260 λ
1259 1238 1277 1261 ο
1286 1237 1313 1265 ς.
1358 1227 1547 1268 Hesychius
1560 1239 1568 1260 ε
1600 1226 1827 1273 καταρβύλοις
1855 1227 1956 1276 χλαί-

937 1283 1010 1310 ναις
1022 1299 1029 1313 ,
1058 1272 1238 1319 ποδήρεσι,
1263 1273 1351 1308 ὥστε
1366 1273 1427 1308 καὶ
1443 1273 1501 1309 ἐπὶ
1515 1273 1577 1312 τὰς
1594 1273 1746 1321 ἀρβύλας
1763 1273 1948 1321 χαλᾶσθαι.

940 1317 979 1354 Σ.
1002 1317 1149 1366 Τρωίλῳ
1174 1319 1233 1363 (fr.
1262 1318 1359 1365 559).
1404 1322 1531 1354 Eodem
1556 1323 1663 1363 glossa
1693 1312 1788 1365 apud*
1805 1323 1952 1355 eundem

938 1372 1068 1409 spectat
1092 1365 1333 1413 καθάρβυλος,
1363 1369 1450 1410 quod
1480 1369 1569 1401 haud
1597 1370 1700 1402 dubie
1728 1371 1848 1402 vitiose
1874 1372 1955 1403 scri-

938 1418 1034 1456 ptum
1051 1415 1228 1456 alienoque
1245 1416 1315 1449 loco
1333 1416 1476 1448 illatum.
1507 1415 1666 1450 Ceterum
1682 1417 1954 1458 distinguebatur

938 1465 1011 1503 post
1027 1459 1268 1507 καταρβύλοις.

1008 1516 1042 1564 [*
1051 1514 1086 1553 K
1096 1518 1146 1554 άτ
1155 1531 1177 1554 α
1189 1530 1268 1566 ργμ
1278 1532 1300 1554 α
1322 1523 1501 1562 primitiae.
1549 1519 1650 1559 ἱκέτις
1673 1520 1822 1568 ἀφῖγμαι
1837 1521 1952 1557 τοῖσδε

936 1564 995 1599 σὺν
1012 1564 1246 1613 κατάργμασιν
1264 1567 1323 1600 OR
1335 1564 1404 1601 920
1421 1577 1440 1600 0
1453 1569 1616 1602 Wunderi
1634 1571 1720 1602 coni.
1742 1579 1805 1602 scr.
1826 1567 1951 1614 Dind.]

1008 1619 1216 1672 Καταργυ
1255 1624 1313 1660 όω
1337 1629 1480 1666 pecunia
1503 1627 1628 1659 'redimo
1651 1628 1675 1659 i.
1703 1637 1734 1660 e.
1762 1637 1948 1670 corrumpo.

936 1669 967 1705 εἰ
983 1635 1293 1718 κατηργυρωμέθνος
1311 1671 1401 1719 λέγω
1418 1675 1500 1706 Α111.
1523 1671 1623 1706 1077.
1655 1674 1789 1707 Schol.:
1811 1673 1950 1721 ἀργύρῳ

936 1717 1100 1756 πεισθείς.
1131 1720 1260 1753 Similia
1277 1722 1440 1761 quaedam
1458 1722 1663 1763 comparavit
1678 1722 1750 1754 Eri.

1008 1773 1132 1812 Κατα
1143 1776 1218 1823 ρκέ
1230 1791 1270 1812 ω.
1301 1779 1526 1820 Impersonale
1546 1782 1768 1825 καταρκεῖ
1791 1782 1871 1813 satis
1888 1785 1946 1813 est.

935 1827 1105 1870 καταρκεῖ
1119 1823 1220 1858 τοῦδε
1237 1823 1432 1872 κεκλῆσθαι
1447 1825 1576 1871 πατρός
1592 1827 1712 1859 Alead.
1731 1828 1773 1860 fr.
1797 1824 1876 1867 107,
1900 1825 1930 1859 1.

1008 1879 1324 1929 Καταρνέομαι
1349 1884 1485 1926 infitior.
1516 1882 1587 1932 φῂς
1607 1882 1631 1929 ἢ
1649 1887 1813 1930 καταρνεῖ
1830 1885 1879 1931 μὴ
1894 1884 1952 1919 δε-

936 1927 1100 1976 δρακέναι
1114 1928 1216 1970 τάδε,
1239 1932 1321 1963 Ant.
1343 1928 1423 1963 442.

1008 1983 1042 2022 K
1053 1999 1102 2022 ατ
1112 1999 1134 2021 α
1144 1999 1161 2034 ρ
1173 1999 1191 2035 ρ
1202 1987 1278 2023 ακό
1289 2002 1317 2022 ω
1343 1990 1459 2022 lacero.
1505 1987 1674 2036 ἄναρθρος
1698 1990 1757 2024 καὶ
1781 1998 1951 2038 κατερρα-

935 2034 1094 2080 κωμένος
1113 2035 1168 2067 Tr.
1184 2033 1273 2068 1103
1291 2032 1655 2082 [κατηνθρακωμὼοῆ
1673 2038 1728 2070 vel
1740 2039 1854 2080 potius
1865 2049 1952 2072 κατ-

937 2080 1187 2128 ερρικνωμένος
1205 2084 1278 2115 vult
1295 2080 1436 2128 Bergk]
1452 2084 1494 2116 de
1513 2093 1549 2116 se
1565 2088 1731 2117 venenato
1743 2086 1844 2127 pallio
1857 2086 1951 2118 ulce-

937 2131 1029 2161 ribus
1054 2130 1205 2162 confecto
1227 2130 1401 2163 Hercules.
1438 2130 1571 2163 Schol.:
1600 2129 1661 2168 τὰς
1686 2129 1813 2178 σάρκας
1833 2131 1951 2170 σαπεὶς

936 2175 996 2210 καὶ
1019 2174 1112 2223 ἔχων
1136 2173 1241 2214 αὐτὰς
1264 2176 1483 2222 κρεμαμένας
1499 2177 1547 2215 ὡς
1565 2175 1673 2224 ῥάκης
1703 2188 1770 2211 11011
1788 2180 1874 2212 male
1893 2180 1951 2212 sed

936 2224 1036 2265 paulo
1053 2224 1227 2264 pinguius.

1008 2277 1043 2316 K
1051 2293 1072 2315 α
1080 2292 1100 2314 τ
1109 2293 1130 2315 α
1140 2292 1157 2327 ρ
1167 2291 1185 2327 ρ
1195 2280 1247 2316 άκ
1255 2292 1306 2327 τη
1317 2293 1344 2319 ς.
1375 2280 1448 2316 ἐπεὶ
1461 2280 1488 2315 δ’
1500 2280 1626 2328 ἀφῖκτο
1639 2282 1698 2317 τὸν
1710 2282 1951 2329 καταρράκτην

938 2326 1016 2362 όδὸν
1041 2326 1189 2375 χαλκοῖς
1214 2326 1372 2374 βόθροισι
1395 2327 1502 2375 γῆθεν
1528 2328 1754 2376 ἐρριζωμένον
1781 2331 1837 2364 OC
1861 2328 1950 2364 1590

939 2372 990 2419 [111
1009 2375 1069 2407 LA
1093 2377 1236 2408 alterum
1261 2386 1280 2421 ρ
1302 2377 1338 2408 111
1363 2387 1505 2423 καταρρ.
1526 2384 1578 2410 est
1595 2379 1636 2409 ab
1654 2378 1695 2410 S:
1717 2383 1817 2419 atque
1835 2379 1952 2410 scribi-

938 2426 995 2454 tur
1011 2431 1077 2454 vox
1093 2426 1129 2454 et
1143 2423 1271 2464 duplici
1289 2427 1323 2455 et
1340 2433 1407 2456 uno
1425 2434 1443 2468 ρ
1460 2428 1500 2456 111
1517 2426 1554 2457 ln
1570 2425 1701 2456 duobus
1717 2434 1829 2466 apogr.
1850 2429 1950 2466 atque

939 2479 992 2511 ap.
1013 2469 1113 2501 Eust.
1136 2466 1215 2511 156,
1235 2466 1308 2514 32].
1344 2471 1409 2511 Ap.
1431 2470 1525 2503 Suid.
1547 2482 1579 2503 v.
1602 2469 1680 2509 ὁδός
1703 2472 1829 2512 legitur
1843 2482 1953 2505 κατα-

939 2513 1107 2562 φράκτην.
1129 2513 1246 2561 [schol.
1268 2520 1335 2549 vet.
1355 2515 1597 2563 καταρράκτην
1611 2516 1883 2564 προσηγόρευσεν
1897 2516 1952 2552 διὰ

931 2560 1323 2654 ἕέιδζῖμῇζὲῗαεῗέῗὲἒῒέ
1354 2562 1394 2642 ἷῗ
1395 2562 1805 2653 lxxxiiiiiii?
1806 2564 1953 2654 1ῗὲζὲΞῖ

937 2657 1047 2689 locum
1063 2656 1219 2697 gradibus
1235 2658 1349 2690 aeneis
1367 2658 1609 2698 substructum,
1630 2669 1697 2700 qua
1712 2659 1895 2692 descensus
1911 2660 1953 2691 ad

936 2703 1065 2735 inferos
1087 2707 1202 2744 patere
1227 2704 1433 2736 credebatur.
1462 2716 1494 2736 v.
1515 2705 1631 2737 Herm.
1662 2723 1703 2729 -
1729 2705 1953 2752 καταρρά-

937 2760 1066 2795 κτηςε
1096 2747 1245 2797 ὀχετός,“
1270 2747 1344 2791 ύαξ,
1368 2750 1427 2784 καὶ
1445 2749 1462 2785 ὁ
1480 2749 1590 2790 ἀετός.
1615 2749 1654 2785 Σ.
1675 2749 1877 2787 Λαοκόωντι
1893 2751 1948 2796 [fr.

939 2793 1026 2840 344)
1056 2795 1115 2829 καὶ
1145 2795 1205 2834 τὰς
1229 2791 1238 2805 ‘
1273 2795 1393 2842 ρπυίας
1423 2796 1458 2831 ἐν
1483 2795 1583 2832 Φινεῖ
1606 2797 1663 2842 (fr.
1692 2796 1779 2842 641)
1803 2800 1947 2839 Hesyeh.

939 2843 1029 2876 Hine
1058 2853 1126 2876 non
1160 2844 1301 2876 dubium
1336 2849 1388 2876 est
1413 2845 1513 2887 Soph.
1542 2847 1687 2887 aquilam
1711 2845 1951 2891 καταρράκτην

939 2890 1067 2922 dixisse
1078 2894 1214 2932 propter
1225 2892 1445 2933 praecipitem
1458 2893 1616 2924 volatum.
1645 2893 1809 2934 Harpyias
1822 2903 1952 2939 καταρ-

941 2934 1067 2982 ράκτας
1085 2938 1173 2969 dixit
1189 2939 1262 2979 pari
1279 2938 1321 2970 de
1338 2947 1448 2971 causa.
1834 2961 1837 2964 -

1010 2989 1289 3040 Καταρρέπω
1329 2995 1487 3037 deprimo,
1538 2994 1628 3043 τύχη
1665 2996 1729 3044 γὰρ
1762 2995 1864 3043 ὀρθοῖ
1896 2997 1953 3030 καὶ

938 3037 981 3074 τύ
996 3051 1030 3087 “η
1054 3051 1164 3086 καταρ
1188 3040 1262 3076 ἐπει
1285 3041 1343 3076 τὸν
1368 3041 1577 3090 εὐτυχοῦντα
1599 3043 1658 3078 τόν
1673 3055 1711 3077 τε
1735 3042 1954 3091 δυστυχοῦντ’

940 3052 1091 3121 ἀεῖΑιη.
1115 3086 1156 3120 11
1183 3086 1217 3121 8.
1254 3089 1362 3122 Schol.
1388 3088 1520 3123 πίπτειν
1546 3093 1640 3124 ποιεῖ
1662 3092 1827 3131 explicat,
1854 3092 1952 3123 aliam

940 3138 1055 3167 tamen
1085 3135 1267 3168 lectionem
1291 3137 1374 3168 ferri
1398 3137 1610 3178 significans,
1637 3147 1840 3179 quamquam
1862 3147 1952 3170 nunc

941 3182 1065 3214 vitiose
1089 3182 1263 3223 seriptum.
1300 3183 1393 3215 Bene
1409 3184 1619 3224 Musgravius
1639 3184 1843 3224 Theognidis
1868 3185 1952 3216 illud

943 3224 1032 3266 Ζεὺς
1048 3226 1088 3262 τὸ
1103 3226 1270 3262 τάλαντον
1289 3227 1464 3275 ἐπιρρέπει
1479 3228 1528 3273 [v.
1553 3228 1636 3274 157)
1654 3232 1810 3263 0011111111.

1014 3280 1262 3332 Καταρρέω
1286 3286 1408 3329 defluo.
1436 3285 1594 3333 γλώσσης
1613 3286 1763 3368 μελίσσγγ
1775 3286 1956 3334 [μελίσσης

942 3329 1036 3376 libri]
1059 3330 1109 3378 τῷ
1126 3331 1375 3379 κατερρυηκότι
1390 3335 1514 3366 Αο11111.
1534 3335 1612 3366 Α111.
1632 3336 1674 3367 fr.
1698 3332 1740 3368 16
1768 3361 1774 3367 .
1813 3334 1954 3383 μελίσση

944 3382 997 3411 est
1020 3377 1141 3423 μέλιτι.
1183 3380 1441 3412 Emendandum
1466 3382 1514 3413 ita
1537 3382 1610 3414 dixi
1634 3393 1666 3413 v.
1695 3380 1843 3427 γλῶσσα.
1889 3382 1956 3421 Qui
