2288 3600
0 100 176 188 {aaa}

0 248 25 282 le
43 249 167 281 Graeca
182 252 350 280 structura
366 254 418 280 est
436 258 553 280 vocum
571 260 594 282 π
606 248 670 294 ρὶν
691 246 764 282 καί
781 259 871 282 com·
890 283 893 290 .

0 304 67 336 im:
99 289 210 342 ᾄσσεις
224 323 231 336 ,
251 294 326 341 πρὶν
342 294 436 340 ἡμᾶς
454 293 710 329 κάννεώσασθαι
727 293 866 341 λόγουςς

0 337 22 375 3.
67 344 211 383 παῦσαι,
241 341 316 388 πρὶν
343 341 446 388 ὀργῆς
464 340 554 387 κάμὲ
573 345 744 386 μεστῶσαι
761 340 870 387 λέγων

0 385 37 422 30
62 399 136 426 cum
161 390 351 431 hyperbato.
389 391 521 422 inverso
545 391 660 421 ordine
678 391 871 422 coniuncta-

0 435 55 482 ,γὼ
81 434 117 469 δὲ
140 436 197 470 τὸν
223 434 325 480 ἐμόν,
354 435 412 470 καὶ
437 435 512 482 πρὶν
535 435 582 473 εἰς
593 428 715 470 (Ἅιδου
734 434 866 480 μολεῖν,

0 493 110 531 χουσα
126 481 226 516 δυστυ
253 486 276 527 ῆ
293 493 329 516 τε
346 482 403 517 καὶ
422 481 525 528 βαρύν
545 484 599 514 Tr.
621 480 653 515 4.
677 501 718 506 —
739 481 868 528 γένοιτο

13 528 151 576 χάτέρῳ
178 541 224 563 κα
248 534 294 568 ῶς
320 529 399 576 ἔγον
426 531 507 562 Ant.
536 527 614 562 687.
661 529 707 563 ὧν
733 527 889 563 λοισθία

0 575 9 610 Ι
31 575 175 610 κάκιστα
201 575 244 622 δὴ
273 570 396 622 μακρῷ
421 576 558 621 κάτειμι
582 574 662 608 895.
705 575 763 609 καὶ
790 574 869 622 δίχα

0 624 55 656 Αἰ.
76 620 154 656 768.
181 621 284 657 κᾶνευ
301 621 383 657 θεοῦ
401 624 455 656 Oc
472 621 551 656 403.
580 621 682 656 κᾶνευ
698 626 761 668 τῆς
780 621 867 668 ἐμῆς

0 698 1 703 ,
17 667 95 715 [κᾶν
115 669 202 716 ἐμῆς
219 668 298 704 ἄνευ
316 683 365 717 γν.
388 668 510 715 Din‹l.]
529 667 606 702 664.
649 668 751 703 κᾶνευ
767 668 867 703 τοῦδε

3 734 58 750 .—-
78 714 110 748 4.
132 717 146 759 ΙΙ
164 719 247 749 Cum
261 720 482 758 comparativo
495 718 714 758 compositum
727 727 866 757 παρρα-

2 767 18 796 t
31 764 206 796 extollendi
228 766 292 796 vim
310 765 420 796 habet.
464 762 555 803 ἄξιος
574 762 687 810 φέρειν
703 762 746 808 ἠν
763 762 866 808 τῆσδε

0 809 48 850 Coo
92 809 164 856 άριν
182 812 238 843 OR
255 808 334 843 764.
377 810 428 844 τῶ
448 809 511 857 γὰρ
529 808 569 844 ἂν
586 809 644 844 καὶ
662 809 789 855 μείζονι
806 808 866 844 λέ·-

0 868 8 891 o
24 822 104 899 772,
124 867 208 899 quae
226 859 321 890 video
338 844 546 899 aliquantum
565 868 637 890 esse
651 859 799 898 diversa,
822 867 864 889 ex

0 914 62 937 iere
80 910 158 937 sunt
175 906 275 937 etiam
294 903 413 950 πολλῷ
430 902 459 951 γ’
478 903 591 950 ὅσῳπε
627 903 687 938 καὶ
701 902 865 949 σαφεστέ-

0 949 40 985 'im
56 953 110 984 OG
130 949 207 984 792.
253 950 285 985 εἴ
307 963 358 989 τις
375 950 435 986 δύο
452 949 474 997 ἢ
492 951 550 985 καὶ
567 962 591 984 π
616 951 692 989 έους
708 963 758 989 τις
775 949 865 996 ἠμέ-

0 997 119 1046 [ίζεται
151 1000 205 1031 Tr.
235 996 314 1031 944.
360 1000 424 1032 Sed
454 997 589 1044 νέμοιμ’
618 996 657 1032 ἂν
680 997 784 1045 τῆσδε
806 998 864 1032 καὶ

0 1045 87 1093 [άριν
113 1046 169 1078 Ai.
192 1043 276 1078 1371
306 1047 411 1087 primo
437 1047 590 1087 exemplo
615 1047 736 1078 simile.
760 1063 862 1077 —.-—

0 1102 30 1126 lc
45 1094 129 1125 illud
145 1098 212 1132 est,
235 1094 321 1134 quod
338 1093 507 1125 adiectivis
524 1095 759 1134 interpositum,
783 1094 863 1125 item

0 1141 42 1172 im'
63 1140 315 1172 demonstrativo
329 1141 455 1180 phuralz'
472 1142 681 1172 coniunctum
698 1140 865 1179 significat

0 1196 58 1228 trn,
79 1184 332 1233 ἐπεξηγητικῶς
345 1214 352 1227 ,
379 1187 448 1218 und
465 1197 561 1218 zwar.
601 1187 651 1219 Cf.
673 1187 802 1219 Schaef.
825 1187 863 1218 ad

0 1237 32 1266 it.
51 1243 85 1275 p.
105 1231 158 1265 14.
188 1235 228 1265 ad
245 1234 343 1273 Greg.
367 1234 440 1266 Cor.
461 1244 495 1275 p.
515 1231 583 1266 985
601 1235 675 1266 coll.
697 1234 859 1265 Fritzsch.

0 1291 17 1313 ι.
38 1291 73 1323 p.
94 1278 134 1312 9:
163 1278 237 1318 ”frte
253 1281 316 1325 τὴν
333 1283 496 1314 τεκοῦσαν
515 1278 658 1326 ὕβρισεν,
682 1279 740 1314 καὶ
757 1283 863 1314 ταῦτα

0 1337 54 1365 Ιτος
71 1328 126 1360 ΕΙ.
146 1294 226 1360 614.
271 1326 410 1373 πάρεστι
428 1326 533 1373 δῆτα,
562 1326 621 1361 καὶ
639 1321 718 1372 μάλ’
735 1325 862 1372 ἄζηλος

0 1372 36 1408 55
61 1376 125 1407 etsi
150 1375 210 1407 hoe
234 1375 331 1406 aliter
356 1376 517 1416 explicari
535 1380 657 1416 potest.
700 1377 860 1408 τοσοῦτον

0 1420 15 1456 ὶ
37 1421 154 1468 παρὼν
173 1419 360 1468 ἐτύγχανον
379 1423 432 1454 Ai.
454 1419 534 1454 748.
571 1423 616 1453 Et
633 1423 716 1454 solet
732 1423 861 1454 duobus

0 1469 26 1501 Ιε
50 1470 219 1510 interponi
243 1467 315 1502 καί
339 1470 528 1509 explicative
545 1469 691 1500 dictum:
720 1466 860 1502 *πολλὰ

0 1525 51 1550 πα
66 1514 126 1549 καὶ
142 1513 337 1560 καινοπαθῆ
357 1517 412 1548 Tr.
430 1513 518 1548 1277
535 1525 589 1548 an.
628 1517 706 1548 secl.
722 1515 855 1560 Dind.].

0 1558 18 1598 ᾗ
39 1560 139 1601 λέξας
162 1560 238 1608 ἄρτι
260 1560 416 1618 κάνόνητ’
442 1561 508 1608 ἔπη
526 1564 579 1595 Ai.
624 1560 704 1594 272.
747 1561 860 1596 πολλὰ

8 1603 204 1648 θεσπίζονθ’
232 1608 302 1655 ὁρῶ
329 1621 393 1643 κου
422 1608 630 1656 ψευδόφημα
656 1610 723 1642 OC.
756 1608 855 1641 1517.

1 1657 32 1690 is
64 1658 219 1689 similiter
247 1658 466 1698 praemissum
495 1658 639 1688 vidimus
666 1656 724 1690 καὶ
752 1654 860 1690 πάλαι

0 1699 37 1736 8.
76 1702 134 1737 καὶ
151 1703 295 1737 κάκιστα
312 1705 393 1736 Ant.
414 1702 493 1736 895.
516 1722 619 1736 —.—
639 1701 672 1735 6.
693 1703 707 1746 ΙΙ
726 1705 786 1735 Est
803 1705 859 1735 ubi

0 1751 83 1783 teris
101 1752 164 1791 νει,
186 1753 262 1788 ium,
285 1752 457 1783 minuendi
471 1752 725 1790 significatione.
748 1749 860 1790 ἔξοιδα

0 1799 17 1832 ἶ
39 1798 141 1830 Dind.
163 1808 190 1829 c.
212 1798 307 1829 Eriz:
330 1802 367 1829 ut
386 1799 438 1829 El.
460 1809 490 1830 v.
514 1795 617 1842 1251]
637 1796 735 1844 φύσει
754 1808 789 1830 σε
809 1797 856 1843 μὴ

0 1854 27 1878 τα
41 1847 182 1878 τοιαῦτα
199 1847 326 1890 φωνεῖν
345 1845 405 1876 Ph.
424 1842 479 1877 79.
507 1839 706 1890 κοίξάγγελλΊ
725 1843 783 1878 ἰὼν
800 1844 857 1878 καὶ

0 1886 151 1935 ιδμείοισι
167 1892 222 1924 OG
244 1889 343 1923 1394.
389 1890 488 1936 οἶμαι
515 1891 576 1936 μὲν
602 1890 718 1937 ἀρκεῖν
744 1890 795 1925 σοί
820 1903 857 1937 γε

0 1931 23 1978 ί,
43 1938 72 1971 ὦ
88 1936 205 1979 τάλας,
227 1933 414 1984 ἀλγήμαθ’,
436 1938 522 1971 ὥστε
541 1938 589 1984 μὴ
606 1937 649 1971 τὰ
666 1942 734 1971 τῶν
752 1936 857 1975 πέλας
875 1955 877 1974 ι

0 1984 53 2019 Ph.
75 1982 153 2017 340.
183 1983 284 2019 οἶσθα
303 1984 364 2029 μὲν
383 1983 425 2030 δὴ
444 1984 503 2019 καὶ
519 1983 562 2018 τὰ
576 1988 639 2031 τῆς
657 1984 753 2031 ξένης
767 1985 856 2030 ὁρῶν
875 1982 877 2000 ³

0 2026 74 2076 [μετ’
107 2030 213 2077 αὐτὴν
256 2031 302 2069 ὡς
337 2030 504 2078 ἐδεξάμην
537 2030 646 2078 φίλως
681 2034 735 2064 Tr.
773 2030 852 2065 627.

0 2077 13 2113 Β
33 2077 93 2112 καὶ
117 2077 169 2112 σοὶ
184 2077 287 2123 τήνδε
303 2078 402 2112 νόσον
420 2081 474 2111 Αἰ.
497 2076 540 2111 66
553 2105 560 2119 ,
589 2081 646 2111 ubi
663 2082 763 2111 etiam
779 2081 856 2111 ine-

0 2115 61 2159 u'et.
107 2125 235 2183 μητρὸς
260 2124 300 2158 σύ
317 2121 347 2172 γ’
362 2123 456 2170 ἦσθα
474 2124 604 2171 μᾶλλον
622 2123 645 2170 ἢ
663 2125 778 2170 κάμοῦ
797 2125 856 2172 φί-
873 2138 874 2145 ’

0 2169 101 2215 ι1146.
147 2171 240 2210 όπως
262 2172 319 2206 καὶ
346 2172 397 2206 σοὶ
415 2171 524 2219 φίλον,
544 2173 602 2206 καὶ
618 2171 744 2217 τούμὸν
763 2172 856 2206 ἔσται
872 2170 874 2203 Ϊ

0 2216 55 2252 02.
100 2217 190 2253 ἀλλά
215 2231 273 2264 μοι
297 2218 402 2266 πάρες
427 2217 490 2253 κᾶν
518 2219 657 2266 σμικρὸν
675 2219 781 2254 εἰπεῖν
799 2222 851 2252 ΕΙ.
873 2221 875 2231 '

0 2266 186 2313 qFritzseh.
207 2277 264 2308 qu.
288 2268 424 2299 Lucian.
447 2277 480 2308 p.
495 2265 526 2298 7.
550 2285 652 2299 —.—
682 2267 713 2299 7.
736 2268 749 2309 ΙΙ
769 2268 853 2300 Cum

0 2318 18 2359 ρ
55 2314 210 2345 iunctum
244 2315 411 2346 commode
451 2312 610 2359 καίπερ
652 2316 848 2355 explicatur,

0 2360 78 2405 ¹bum
110 2362 198 2401 apud
226 2362 406 2392 Homerum
438 2371 608 2402 nunquam
636 2363 790 2393 coalescit
817 2364 851 2392 in

0 2408 65 2448 {atsi
91 2409 229 2439 minime
254 2413 335 2448 puto
359 2406 417 2441 καί
435 2409 481 2439 ita
497 2409 623 2439 dictum
641 2411 788 2449 quamvis
806 2410 852 2440 si-

0 2464 22 2495 ς·
49 2463 135 2495 quae
155 2455 365 2486 Valckenarii
391 2456 560 2486 sententia
577 2460 646 2486 erat
664 2456 704 2486 ad
722 2456 847 2487 I’hoen.

0 2501 110 2538 [vibus
136 2503 280 2533 refutata
302 2503 342 2533 ab
367 2502 480 2533 Herm.
510 2503 550 2533 ad
567 2503 624 2533 ΟΒ
640 2499 720 2533 413.
764 2500 807 2534 τοὶ
824 2496 851 2534 δΊ

0 2541 62 2586 fua
84 2546 143 2580 καὶ
167 2548 349 2593 σιωπώσης
375 2547 460 2592 ἐμοῦ
485 2546 611 2586 ἐπαξιῶ
631 2559 666 2581 σε
691 2546 851 2587 ἐξειδέναι

0 2587 4 2594 ι

9 2599 21 2633 j7
47 2592 163 2639 θέαμα
196 2593 268 2628 οἷον
299 2593 357 2628 καὶ
387 2590 556 2639 στυγοῦντ’
583 2594 770 2629 ἐποικτίσαι
794 2596 851 2628 On

38 2635 47 2650 '
70 2641 118 2674 ὧν
145 2641 211 2688 ἐγὼ
235 2638 375 2688 ταγ-θεὶς
400 2639 472 2675 τάδ’
502 2641 590 2687 ἔρδω
609 2642 666 2676 καὶ
689 2640 850 2688 τύραννος

2 2683 76 2723 ²00
94 2685 173 2721 851.
212 2685 300 2734 πρὸς
314 2687 351 2721 δὲ
367 2687 427 2725 τὰς
444 2687 578 2735 πράξεις
598 2687 692 2733 ὅμως
709 2689 767 2723 καὶ
784 2701 850 2734 τη-

0 2697 44 2833 b
76 2733 234 2780 ἀντιδρᾶν
259 2734 461 2814 πειράσομαι
485 2734 564 2768 959.
611 2740 702 2780 μενῶ
728 2730 755 2768 α’
782 2735 849 2781 ἐγὼ

77 2839 119 2862 τα
151 2830 205 2860 Ai.
234 2827 291 2861 87).
335 2829 382 2866 ώς
416 2828 540 2874 ἔμελλέ
574 2827 600 2861 σ’
630 2823 768 2875 (Έκτωρ
792 2842 851 2863 και

8 2872 174 2921 -ιφθίσειν
195 2873 293 2907 1027.
331 2874 394 2921 ὅρα
412 2876 460 2922 μὴ
479 2879 635 2921 κρεῖσσον
654 2870 678 2922 ᾖ
692 2876 750 2910 καὶ
770 2875 851 2909 δυσ-

6 2920 102 2955 ’τῶν
133 2921 291 2955 ἐναντίων
320 2926 458 2967 κρατεῖν
488 2924 603 2955 Alead.
632 2925 672 2954 fr.
705 2920 781 2962 106,
812 2921 846 2955 2.

35 2989 38 2992 «
76 2979 99 3014 η
133 2968 191 3002 καὶ
218 2970 422 3003 σιωπώντων
445 2968 560 3003 κλύειν
588 2970 676 3002 Past.
704 2967 784 3010 447,
813 2968 846 3002 2.

1 3009 30 3063 f?
54 3012 86 3047 δι
113 3020 263 3049 οστατῶν
280 3014 380 3061 λόγος
397 3015 605 3050 τεκταίνεται
625 3018 690 3048 inc.
713 3014 792 3057 745,
813 3015 846 3048 2.

48 3055 57 3068 ¹
81 3026 294 3096 ἔπαιδεύτων
313 3061 442 3107 βροτῶν
461 3062 616 3108 δοκῶμεν
634 3062 722 3096 εἶναι
737 3062 850 3096 κάπο-

64 3107 190 3154 πατρός
220 3107 308 3148 779,
340 3108 395 3142 12.
426 3128 526 3141 -”.-
562 3108 594 3142 8.
617 3110 630 3152 ΙΙ
657 3111 701 3142 Ut
727 3112 761 3142 in
792 3112 850 3142 tali

8 3158 47 3202 ’ᾖ
62 3166 150 3199 μως
169 3157 312 3196 additur,
331 3158 453 3189 rectius
473 3158 606 3198 apodosi
618 3158 844 3197 inserendum,

80 3203 136 3234 ubi
162 3200 281 3247 ὅμως
307 3201 352 3236 δὲ
376 3202 450 3237 καί
476 3205 594 3235 valeat.
640 3198 705 3236 οἷδ’
723 3202 773 3236 ὅτι
789 3215 850 3236 νο-

29 3258 88 3293 ης,
111 3247 170 3282 καὶ
187 3252 375 3291 νοσοῦντες,
397 3249 444 3287 ὡς
463 3248 542 3295 ἐγώ,
564 3248 628 3283 οὐκ
645 3248 734 3282 ἔστιν
753 3248 849 3295 ὑμῶν

31 3303 92 3328 ου
107 3298 202 3329 νοσεῖ
217 3296 275 3328 OR
291 3293 347 3329 60.
392 3296 450 3331 καὶ
467 3294 535 3331 τόδ’
554 3295 623 3330 οὐδ’
641 3294 681 3330 ἂν
699 3294 749 3334 εἷς
767 3308 850 3330 ποτε

26 3341 51 3383 ’,ᾖ
84 3340 169 3388 φαίη
194 3340 312 3388 πρόσθ’
339 3341 422 3376 ἰδεῖν
447 3342 636 3388 δεδρακότα
660 3344 714 3376 Tr.
746 3341 846 3376 1072.

27 3384 158 3435 χρεὼν
176 3387 325 3423 ἐπαινεῖν
344 3391 418 3422 Ter.
441 3392 482 3424 fr.
503 3388 583 3431 517,
607 3388 645 3422 11
665 3400 741 3422 cum
759 3391 849 3422 indi-

17 2784 23 2789 *
52 2780 99 2814 ὢν
113 2780 217 2827 βαρύς
236 2784 291 2814 Tr.
327 2780 407 2814 202.
438 2781 504 2828 ἐγὼ
519 2783 680 2836 σκοτώσω
695 2781 851 2839 βλέφαρα

851 129 943 180 Καί

1821 136 1919 186 357

910 249 1067 289 guntione
1093 251 1254 290 patiendi.
1285 267 1386 280 —-.-
1422 246 1454 282 9.
1482 250 1496 291 ΙΙ
1521 252 1560 282 Ιιι
1584 249 1696 285 ἀλλὰ
1720 250 1811 292 καί,
1849 255 1918 286 sive

890 297 1128 336 >praecesserit
1152 293 1192 329 οὐ
1218 297 1269 328 vel
1296 293 1334 330 ού
1362 294 1483 340 μόνον,
1513 299 1584 330 sive
1602 308 1667 330 non
1686 302 1914 340 praecesserit,

909 351 989 374 suae
1013 343 1267 383 significationis
1291 347 1394 375 tenax
1419 348 1470 376 est
1484 370 1492 383 ,
1519 349 1648 385 partem
1665 348 1822 378 orationis
1839 358 1917 388 prae

908 390 982 420 aliis
999 390 1193 422 extollendi.
1231 389 1314 435 πρὸς
1331 384 1425 424 ταῦθ’
1448 388 1510 446 ὅρα
1529 390 1577 436 μὴ
1596 390 1735 436 τούμόν,
1755 391 1845 426 ἀλλὰ
1862 393 1918 428 καὶ

906 434 944 469 τὸ
972 434 1028 468 σόν
1056 438 1108 468 Αἱ.
1141 434 1239 470 1313.
1284 434 1368 470 οὔκ·
1395 435 1485 470 ἀλλα
1509 435 1727 479 κάπέδειξαν,
1758 438 1796 472 οὐ
1823 439 1916 486 λόγῳ

908 481 1010 527 μόνον
1030 484 1080 515 ΕΙ.
1098 480 1196 515 1453.
1227 483 1288 516 Cui
1307 485 1429 524 simile,
1451 486 1512 516 etsi
1532 495 1597 517 non
1614 488 1798 526 praecessit
1810 485 1910 527 ἀλλά,

905 534 957 561 est
980 531 1063 562 illud
1087 532 1216 586 χωρεῖν
1243 528 1399 575 ἑτοῖμος,
1427 529 1489 565 κού
1508 529 1600 578 λόγῳ
1619 531 1716 572 δείξω
1735 532 1837 578 μόνον
1855 536 1911 567 Ai.

905 573 984 608 813.
1015 575 1031 609 ἔ
1054 588 1100 614 ως
1118 588 1181 645 Ῑαρ
1197 575 1320 623 ἄνδρας
1339 576 1378 611 οὐ
1397 577 1522 622 μόνους
1541 578 1731 627 έπέργεται,
1752 578 1842 614 ἀλλὰ
1858 580 1916 615 καὶ

904 619 994 656 θεῶν
1043 635 1090 657 νω
1116 623 1230 671 φυγὰς
1251 623 1407 670 ταράσσει
1426 626 1562 658 Phaedr.
1585 628 1624 658 fr.
1639 620 1727 667 '607,
1746 625 1780 659 2.
1825 626 1914 662 ἀλλὰ

903 669 961 703 καὶ
978 668 1164 716 λινορραφῆ
1178 664 1309 704 ’τυλεῖα
1326 672 1408 703 Oicl.
1430 673 1471 704 fr.
1491 670 1559 704 415
1578 684 1605 705 c.
1642 675 1730 706 Hinc
1746 675 1785 706 ad
1804 685 1912 708 remo-

905 718 972 748 tius
989 719 1151 758 quoddam
1169 720 1221 750 vel
1237 723 1350 750 mente
1363 720 1628 752 subaudiendum
1641 722 1782 753 relatum
1800 719 1914 756 ἀλλὰ

902 762 975 797 καί
1001 766 1165 804 significat
1191 769 1305 797 contra
1328 767 1447 797 etiam:
1473 764 1512 799 οὺ
1540 761 1631 811 δῆτ’·
1659 766 1786 801 ἐπίστω
1810 768 1910 802 τοῦτό

903 808 932 856 γ’
958 814 1018 854 (se.
1039 810 1211 856 τεθνᾶσι)’
1239 810 1329 845 ἀλλὰ
1352 811 1411 846 καὶ
1436 812 1522 859 μέγα
1547 811 1735 852 θάλλοντές
1759 813 1822 848 εἰσι
1847 817 1906 848 Ph.

903 856 981 891 419.
1011 853 1077 891 οὐδ’
1096 855 1141 903 ἢν
1160 856 1258 904 θέλη,
1281 857 1396 904 δράσει
1414 870 1479 893 ποτ
1500 869 1507 875 ·
1527 858 1616 893 ἀλλὰ
1633 860 1691 894 καὶ
1709 860 1746 894 σὲ
1758 860 1810 895 δεῖ
1822 861 1908 895 στεί-

901 916 973 952 χειν
998 902 1056 950 ἅμ’
1079 904 1196 943 αὐτοῖς
1220 892 1298 938 982.
1330 924 1432 939 -.-
1471 905 1523 939 10.
1554 909 1659 949 Saepe
1685 907 1813 942 καὶ
1836 908 1910 943 καί

901 954 1078 992 composita
1101 954 1146 984 ita
1171 957 1326 993 exstant,
1356 959 1392 985 ut
1418 955 1510 994 prius
1534 955 1667 986 illorum
1691 957 1791 987 etiam
1810 966 1838 988 s.
1859 959 1911 988 vel

902 1001 1087 1040 significet,
1117 1010 1257 1041 quorum
1281 1002 1379 1032 etiam
1403 1002 1649 1042 ampliativam,
1677 1003 1728 1033 vel
1751 1004 1908 1036 deminu-

901 1049 1003 1078 tivam
1030 1048 1095 1078 vim
1122 1047 1231 1079 habet.
1278 1046 1322 1091 w?
1351 1046 1410 1080 καὶ
1435 1047 1531 1093 μάθῃ
1551 1042 1584 1093 μ’
1601 1046 1743 1094 ἥκοντα,
1765 1047 1908 1096 κάκχέω

899 1093 938 1127 τὸ
963 1095 1028 1126 πᾶν
1055 1092 1204 1139 σόφισμα
1227 1094 1288 1126 Ph.
1313 1064 1354 1126 13
1380 1093 1464 1138 (vet,
1494 1105 1551 1127 nos
1575 1106 1636 1135 yar
1659 1097 1817 1136 dicimus;
1848 1107 1910 1130 nec

901 1141 1006 1172 Matth
1022 1151 1119 1172 aeurn
1146 1151 1207 1172 nec
1223 1142 1452 1173 Hermannum
1470 1142 1504 1173 h.
1526 1143 1546 1173 Ι.
1568 1142 1710 1184 probo.)
1747 1141 1779 1176 εἴ
1796 1138 1824 1177 τ’
1842 1142 1909 1177 ἔδει

898 1198 930 1220 τι
953 1186 1012 1220 καὶ
1036 1186 1139 1220 ποτὸν
1157 1186 1217 1221 λαΓ
1225 1190 1274 1221 εῖν
1292 1186 1350 1221 καί
1366 1199 1431 1221 που
1449 1187 1559 1245 πάῖου
1575 1187 1744 1235 χυθέντος
1761 1188 1860 1229 ξύλον
1877 1202 1908 1224 τι

899 1232 1043 1279 θραῦσαι
1060 1232 1139 1266 292.
1184 1191 1222 1274 ἐξ
1246 1232 1284 1268 οὗ
1311 1234 1368 1268 καὶ
1374 1233 1542 1314 {moilen-3
1558 1235 1660 1270 καλεῖ
1677 1235 1770 1282 ἐμός,
1791 1236 1849 1271 καὶ
1865 1236 1908 1271 τὰ

901 1275 1022 1327 μέγιστ’
1044 1279 1211 1327 έτιμάθης
1229 1281 1287 1313 OR
1307 1279 1372 1314 120
1406 1283 1457 1314 ch.
1503 1285 1718 1325 Ineptissime
1735 1285 1811 1325 quis
1830 1295 1905 1317 ver—

899 1333 947 1360 tat
971 1333 1000 1359 et
1022 1338 1076 1360 rex
1101 1330 1287 1369 appellaris.
1329 1327 1352 1374 ἠ
1379 1328 1437 1362 καὶ
1462 1327 1575 1387 ξυνίης
1593 1329 1650 1364 καὶ
1666 1329 1776 1376 λέγεις
1794 1330 1906 1377 ὀρθῶς

898 1374 920 1408 ἃ
946 1374 1033 1420 φής,
1062 1377 1142 1408 Ant.
1171 1373 1251 1408 403.
1297 1373 1430 1422 ἔγνωκα
1460 1374 1585 1414 καύτος
1615 1376 1673 1411 καὶ
1696 1377 1907 1423 ταράσσομαι

898 1422 1021 1468 φρένας
1051 1420 1150 1455 1095.
1195 1424 1251 1456 νῦν
1275 1421 1339 1468 γὰρ
1365 1421 1504 1467 πάρεστι
1527 1423 1586 1458 καὶ
1610 1423 1658 1462 δὶς
1683 1423 1810 1464 αἰάζειν
1828 1425 1906 1470 ἐμοὶ

897 1468 954 1503 καὶ
968 1467 1038 1515 τρίς
1054 1471 1108 1501 Ai.
1131 1467 1199 1502 432
1215 1469 1310 1514 (vel).
1352 1467 1429 1504 ἀλλ’
1453 1469 1584 1504 ἑστάτω
1611 1483 1669 1515 μοι
1692 1471 1750 1506 καὶ
1774 1471 1850 1510 δέος
1874 1484 1906 1506 τι

896 1515 1045 1560 καίριον,
1074 1515 1131 1550 καὶ
1149 1516 1196 1562 μὴ
1217 1515 1373 1561 δοκῶμεν
1392 1515 1455 1551 οὐκ
1471 1516 1645 1551 άντιτίσειν
1667 1517 1766 1552 1084.
1814 1517 1905 1553 οὕτω

898 1562 935 1596 δὲ
959 1562 1017 1597 καὶ
1039 1562 1076 1596 σὲ
1107 1562 1164 1596 καὶ
1186 1563 1225 1597 τὸ
1252 1563 1308 1597 σὸν
1331 1563 1458 1609 λάβρον
1483 1564 1590 1610 στόμα
1612 1563 1689 1613 τάγ’
1712 1563 1752 1599 ἂν
1801 1567 1905 1611 ειμὼν

896 1608 1112 1654 κατασβέσειε
1135 1609 1233 1643 1147.
1278 1609 1335 1644 καὶ
1353 1610 1552 1645 συνθάπτειν
1572 1608 1680 1653 θέλω,
1697 1612 1755 1646 καὶ
1771 1579 1904 1658 gunno-

895 1659 966 1690 νεῖν
987 1655 1085 1689 1378.
1109 1675 1211 1689 —.—
1243 1655 1295 1690 11.
1317 1658 1331 1700 ΙΙ
1350 1659 1398 1690 Eo
1417 1669 1516 1691 sensu
1536 1661 1637 1691 etiam
1651 1671 1725 1691 cum
1741 1662 1816 1692 aliis
1826 1672 1905 1701 pur-

896 1706 1004 1735 tieulis
1029 1706 1249 1744 coniunyitur.
1303 1704 1433 1739 καὶ
1455 1705 1511 1751 γέ.
1549 1705 1608 1739 καὶ
1630 1706 1738 1740 ταῦτά
1782 1705 1790 1717 ’
1815 1705 1905 1741 ἄλλα

896 1749 1064 1784 θάλπεται
1081 1749 1168 1796 ῥάκῃ
1189 1753 1247 1783 Ph.
1262 1749 1318 1784 38.
1347 1750 1458 1789 αὕτως
1477 1751 1515 1786 δὲ
1530 1751 1589 1786 καὶ
1606 1751 1645 1786 σύ
1663 1748 1702 1798 γ’,
1721 1754 1748 1787 ὧ
1784 1751 1826 1788 ἐν’
1846 1755 1905 1788 OR

896 1796 975 1830 931.
1019 1800 1175 1843 κρεῖσσον
1198 1797 1290 1843 κάμέ
1314 1797 1354 1845 γ’,
1383 1799 1411 1832 ὦ
1428 1798 1551 1845 πάτερ,
1579 1798 1695 1834 θανεῖν
1720 1802 1774 1833 Tr.
1798 1798 1899 1834 1236.

894 1843 952 1878 καὶ
969 1844 1045 1891 πρίν
1063 1856 1099 1891 γε
1119 1848 1243 1889 φωνεῖν
1264 1844 1397 1885 scater*
1414 1844 1454 1880 ἄν
1473 1847 1525 1878 El.
1548 1844 1627 1879 992.
1665 1849 1707 1880 Et
1726 1849 1774 1880 bis
1791 1850 1826 1880 in
1844 1859 1901 1880 ea-

894 1893 970 1924 dem
997 1894 1164 1924 sententia
1190 1895 1236 1924 ita
1259 1895 1412 1934 ponitur,
1442 1898 1480 1925 ut
1502 1896 1596 1935 prius
1621 1895 1665 1926 sit
1681 1898 1730 1935 et,
1759 1897 1902 1928 alterum

894 1941 963 1971 vel:
990 1937 1047 1972 καί
1070 1950 1102 1972 τι
1125 1938 1181 1973 καὶ
1206 1938 1309 1984 βορᾶς
1333 1939 1550 1986 έπωφέλημα
1577 1939 1719 1986 σμικρόν
1736 1943 1797 1974 Ph.
1817 1939 1897 1975 274.

893 1984 950 2019 καὶ
975 1985 1041 2019 πού
1065 1997 1097 2019 τι
1119 1985 1176 2020 καὶ
1202 1985 1305 2031 βορᾶς
1332 1986 1434 2033 μέρος
1460 1986 1667 2034 προσέδοσαν
1691 1986 1770 2021 308.
1814 1991 1899 2021 Item

890 2033 1022 2066 καί
1043 2044 1087 2066 τε
1119 2031 1204 2066 καί.
1263 2032 1306 2078 ἠν
1341 2033 1378 2067 δὲ
1411 2032 1591 2079 κάμπέλου
1626 2034 1755 2079 σπονδή
1780 2046 1816 2068 τε
1842 2034 1901 2069 καὶ

891 2078 950 2124 ‚boii
970 2081 1092 2119 Polyid.
1114 2082 1154 2112 fr.
1176 2078 1256 2121 464,
1281 2079 1310 2112 1.
1334 2099 1436 2112 —.-—
1468 2079 1520 2113 12.
1543 2082 1556 2123 ΙΙ
1584 2083 1621 2113 In
1646 2084 1900 2122 interroyatione

890 2129 1047 2167 positum.
1085 2125 1181 2164 ποίας
1201 2125 1238 2160 δὲ
1254 2127 1312 2161 καὶ
1329 2127 1484 2173 γυναικὸς
1503 2126 1699 2172 ἐκφοβεῖσθ’
1717 2126 1820 2175 ὕπερ;
1841 2130 1899 2161 0ss

890 2171 969 2206 989.
1013 2173 1045 2207 τί
1073 2177 1193 2220 χρῆμα
1223 2173 1373 2219 δρῶντας
1419 2177 1518 2208 ποῖον
1553 2173 1659 2220 ἄνδρα
1683 2174 1742 2209 καὶ
1768 2174 1893 2221 λέγειςς

893 2218 991 2252 1129.
1021 2219 1113 2265 οἴμοι
1130 2219 1283 2258 τάλαινα,
1299 2220 1496 2266 κάμπλάκω
1512 2225 1573 2256 το)
1594 2224 1653 2255 σοῦ
1665 2222 1791 2268 μόρου;
1813 2225 1893 2255 Ant.

891 2265 969 2299 554.
1015 2267 1047 2301 οἱ
1078 2266 1252 2313 τηλικοίδε
1284 2267 1342 2302 καὶ
1373 2265 1600 2313 διδαξόμεσθα
1627 2267 1668 2315 δὴ
1698 2263 1753 2302 ὑπ’
1777 2269 1898 2315 ἀνδρὸς

888 2312 1005 2355 τοῦδε,
1035 2312 1113 2347 726.
1157 2313 1262 2361 ἄμφω
1288 2314 1351 2361 γὰρ
1370 2314 1456 2349 αὐτὰ
1473 2315 1531 2349 καὶ
1547 2320 1767 2350 κατακτεῖναι
1782 2320 1892 2357 νοεῖς,

889 2359 967 2393 770.
1015 2360 1113 2406 μόρῳ
1141 2361 1177 2394 δὲ
1202 2361 1290 2407 ποίῳ
1309 2361 1368 2395 καί
1387 2373 1448 2409 σφε
1467 2360 1620 2408 βουλεύει
1637 2366 1792 2404 κτανεῖν,
1813 2361 1893 2396 772.

889 2406 976 2453 ποίῳ
1002 2406 1039 2441 δὲ
1064 2407 1270 2442 κάπελύσατ’
1298 2408 1332 2442 ἐν
1359 2412 1480 2455 φοναῖς
1503 2409 1590 2454 τρόπ
1631 2422 1638 2449 3
1672 2408 1772 2442 1314.
1815 2409 1848 2443 τί
1869 2405 1893 2443 δ’

889 2449 949 2488 οἷδ’
966 2453 1052 2501 ἐγώ;
1074 2454 1104 2489 τί
1123 2450 1147 2488 δ’
1166 2454 1206 2488 ἄν
1225 2467 1266 2500 με
1283 2455 1341 2490 καὶ
1357 2455 1501 2502 κρίνοις;
1523 2457 1578 2488 Tr.
1627 2455 1679 2489 15.
1719 2459 1842 2490 Horum
1861 2460 1894 2489 in

889 2503 1060 2534 nonnullis
1077 2509 1189 2544 aperte
1206 2505 1304 2534 etiam
1314 2505 1533 2543 significatur,
1548 2505 1629 2535 Ant.
1643 2501 1721 2536 726.
1745 2505 1798 2535 Tr.
1813 2502 1893 2545 315,

888 2550 983 2580 euius
1003 2550 1070 2585 ,loci
1096 2560 1216 2581 sensus
1241 2554 1309 2581 est:
1339 2551 1416 2591 quid
1441 2551 1521 2582 adeo
1546 2554 1614 2590 (ja)
1633 2553 1668 2582 ἱη
1684 2555 1822 2582 mentem
1839 2553 1896 2583 tibi

887 2598 974 2627 >uenit
991 2606 1028 2627 ea:
1045 2607 1095 2627 me
1113 2607 1274 2636 quaerere.
1312 2598 1388 2628 Alia
1406 2599 1618 2629 accessionem
1635 2598 1799 2639 quandam
1817 2608 1896 2630 con-

886 2644 999 2674 tinent
1031 2653 1089 2683 pro
1122 2645 1354 2683 interrogantis
1390 2645 1558 2676 voluntate
1594 2646 1812 2676 necessariam
1843 2646 1894 2676 vel

888 2691 1041 2722 maiorem
1066 2692 1100 2721 in
1129 2691 1260 2721 modum
1287 2692 1491 2731 expetitam:
1522 2693 1562 2723 de
1580 2702 1645 2732 quo
1662 2701 1782 2731 genere
1800 2693 1890 2723 Pors.

887 2738 1074 2768 observavit
1098 2738 1138 2768 ad
1163 2738 1287 2769 I'hoen.
1313 2735 1419 2777 1373,
1451 2739 1563 2770 Herm.
1593 2739 1632 2769 ad
1652 2739 1726 2778 Vig.
1756 2749 1789 2779 p.
1810 2736 1891 2778 837,

888 2784 1079 2816 Schneider.
1107 2785 1145 2815 ad
1172 2785 1253 2815 Plat.
1282 2785 1404 2824 Rpubl.
1433 2781 1465 2815 9.
1495 2795 1527 2826 p.
1549 2783 1613 2816 571
1629 2786 1664 2824 C,
1703 2786 1824 2816 lacobs.
1854 2786 1894 2816 ad

887 2831 990 2861 Anth.
1021 2831 1089 2862 Pal.
1112 2828 1143 2862 3.
1172 2841 1205 2871 p.
1226 2827 1314 2871 296,
1346 2832 1461 2863 Stallb.
1491 2832 1531 2863 ad
1548 2833 1631 2863 Plat.
1655 2832 1753 2871 Gorg.
1774 2842 1807 2872 p.
1828 2829 1890 2871 543

888 2887 1171 2917 supervacaneum
1188 2887 1354 2918 nusquam
1372 2883 1434 2909 est.

958 2924 995 2956 G.
1032 2925 1115 2955 lam
1148 2926 1356 2955 sermonis
1389 2926 1431 2955 in
1463 2935 1509 2956 ea
1541 2926 1765 2965 particula
1793 2935 1894 2964 pro-

885 2972 1114 3010 prietatem
1139 2973 1531 3002 considerabimus.
1587 2969 1616 3002 1.
1638 2971 1651 3013 ΙΙ
1671 2973 1789 3003 Visum
1807 2973 1894 3003 mul-

887 3018 930 3048 tis
964 3015 1178 3055 πλεονάζειν;
1216 3019 1257 3049 de
1290 3029 1355 3058 qua
1386 3027 1420 3049 re
1446 3019 1562 3058 Steph.
1589 3019 1629 3049 de
1655 3019 1730 3049 dial.
1759 3019 1830 3049 Att.
1860 3022 1895 3049 et

887 3065 984 3096 Wolf.
1021 3065 1061 3095 ad
1094 3066 1191 3095 Dem.
1226 3065 1260 3095 in
1289 3066 1388 3104 Lept.
1416 3075 1448 3105 p.
1476 3062 1545 3096 230
1580 3066 1703 3096 rectius
1738 3066 1894 3096 videntur

886 3112 1097 3143 existimasse
1115 3121 1215 3151 quam
1224 3112 1349 3142 Weisk.
1370 3112 1411 3142 de
1429 3111 1486 3143 Gr.
1502 3113 1524 3143 l.
1546 3112 1747 3152 pleonasmis
1763 3122 1797 3152 p.
1814 3109 1890 3146 185.

886 3163 919 3189 et
936 3159 994 3198 qui
1013 3158 1101 3188 hunc
1119 3159 1215 3198 sequi
1234 3158 1366 3189 videtur
1382 3159 1533 3199 quamvis
1550 3159 1733 3199 pleonasmi
1759 3159 1894 3189 nomine

885 3205 1057 3236 abstinens
1083 3205 1183 3236 Seidl.
1211 3205 1251 3235 ad
1270 3205 1350 3236 Eur.
1371 3205 1414 3236 lT
1433 3202 1513 3244 577,
1542 3209 1576 3236 et
1595 3205 1724 3237 Schaef.
1747 3206 1824 3236 mel.
1846 3215 1890 3236 «tr.

886 3261 918 3292 p.
942 3248 995 3282 12.
1027 3251 1123 3282 Certe
1142 3261 1205 3282 non
1224 3252 1371 3282 abundat
1387 3252 1423 3282 in
1440 3252 1492 3282 his
1509 3261 1594 3292 quae
1614 3253 1710 3291 vulgo
1727 3253 1889 3283 afferunt:

887 3291 935 3330 ὅσ’
960 3295 1037 3330 οἶδα
1061 3295 1176 3342 κάγώ,
1204 3295 1300 3330 πάντ’
1326 3296 1499 3342 ἐπιστήσει
1523 3296 1638 3331 κλύων
1664 3297 1719 3329 OC
1745 3295 1789 3330 53
1813 3308 1894 3338 quae

886 3344 1016 3384 quidem
1048 3353 1104 3383 eqo
1138 3345 1215 3375 scio.
1259 3342 1363 3377 αὐτοῦ
1399 3342 1480 3387 μέν’,
1518 3342 1621 3389 οὗπερ
1646 3342 1692 3377 κά
1721 3343 1804 3389 άνης
1834 3343 1891 3376 77.

885 3389 1015 3434 τόλμα,
1052 3389 1102 3423 ὅτι
1123 3390 1183 3432 ,καὶ
1209 3389 1306 3428 πόλις
1330 3389 1491 3437 τέτροφεν
1517 3389 1662 3436 ἄφιλον,
1690 3393 1893 3438 αποστυγεῖν
