2288 3600
250 109 350 157 280

252 222 433 271 ριηγμένον
457 225 623 266 explicat,
653 224 778 255 addens
801 234 887 268 μετα
916 226 1041 269 ορικῶς
1075 218 1260 260 κύκλος,

250 277 401 305 extrema
424 272 506 304 haec
530 282 573 303 ex
599 271 717 302 Photio
747 281 781 312 p.
803 267 867 312 27,
889 234 928 302 <6.
963 271 1003 301 In
1030 269 1082 301 his
1107 269 1265 300 confusae

251 321 378 360 glossae
403 320 536 360 plures,
574 319 676 350 altero
701 319 741 350 ab
773 314 847 363 ἄγω
880 317 1072 358 repetendo.
1103 333 1143 339 —
1171 312 1265 352 ὅπως

251 365 347 400 λύσιν
372 359 432 399 τίν’
456 364 539 411 ἧμιν
563 363 669 411 εὐαγῆ
695 362 805 412 πόρῃς
823 365 881 397 OR
898 362 977 397 921.
1009 363 1204 404 Prosperum
1221 362 1266 393 si—

251 415 404 455 gnificat,
439 414 572 455 proprie
604 414 823 444 sanctimonia
851 412 901 443 dis
937 414 1123 451 acceptum,
1162 419 1265 451 eoque

255 462 426 503 primitivo
443 460 655 500 significandi
673 469 796 500 genere
813 460 937 500 legitur
952 456 1002 491 τίς
1019 456 1122 498 οἶδεν,
1152 455 1182 489 εἰ
1199 454 1266 489 κά-

250 519 300 542 τω
317 505 397 541 ’στὶν
422 505 489 553 [γρ.
509 504 666 541 κάτωθεν
684 508 724 538 ab
743 507 764 539 S
781 507 816 538 in
835 504 908 550 LA]
927 504 1033 551 εὐαγῆ
1051 503 1151 543 τάδε;
1180 506 1262 535 Ant.

251 552 316 588 521
338 555 439 587 schol.
457 552 594 600 εὐσεβῆ.
611 573 657 578 -
675 554 790 585 Altera
806 555 862 585 illa
875 554 1117 594 significatione
1134 563 1151 583 a
1165 552 1266 584 Suida

250 606 513 642 commemorata,
534 612 600 643 qua
616 611 668 642 ap.
694 601 813 641 Eurip.
829 601 1006 642 aliquoties
1024 610 1099 631 cum
1117 596 1265 643 εὐαυγής

253 653 476 681 commutatur
494 652 528 681 et
543 650 579 680 in
598 649 692 680 libris
710 651 744 680 et
761 649 801 680 ab
818 649 1000 679 editoribus
1018 645 1067 690 (v.
1087 647 1202 678 Herm.
1224 646 1263 676 ad

250 697 369 728 Bacch.
392 693 461 728 618
478 697 549 728 coll.
571 697 619 728 ibi
635 696 752 732 Matth.
774 699 809 727 et
826 695 945 727 Elmsl.
967 695 1048 726 item
1065 695 1092 725 1.
1113 694 1156 725 Η.
1178 694 1263 724 Vos-

252 745 300 776 sio
317 744 358 776 ad
374 744 487 783 hymn.
510 743 584 775 Cer.
605 740 701 786 275),
723 753 774 784 ap.
797 743 897 783 Soph.
919 751 985 773 non
1002 742 1137 781 legitur.

323 810 379 848 Εὖ
391 826 441 859 αγ
481 824 523 850 ος
541 813 621 854 felix
638 813 788 844 venando
807 822 834 844 s.
855 812 1025 852 capiendo,
1046 810 1104 844 τὸν
1123 807 1265 855 εὖαγρον

252 859 430 894 τελειῶσαι
452 824 561 907 ςιόχον
586 861 641 894 OG
662 857 752 892 1088
770 860 821 891 ch.
852 860 984 891 felicem
1009 862 1171 890 eventum
1188 859 1265 889 dare

251 909 386 940 insidiis
404 908 540 940 Creonti
566 911 599 939 et
625 908 802 939 comitibus
819 907 950 948 positis.
987 907 1131 938 Mediam
1149 908 1268 936 natura

251 957 387 987 brevem
414 965 507 995 esse,
537 955 566 986 si
591 955 775 986 secundum
801 954 1032 995 antistrophici
1058 962 1173 984 versus
1197 962 1266 984 mo-

252 1003 370 1034 dulum
387 1003 574 1043 dimetiare,
595 1002 777 1042 ancipitem
796 1011 868 1033 esse
886 1005 1027 1042 oportet.

322 1069 480 1111 Εὐάζω
512 1073 653 1103 clamore
682 1072 822 1103 Bacchio
854 1081 1004 1112 persono.
1046 1070 1266 1102 Intransitive

252 1121 380 1152 dictum
404 1120 445 1152 de
466 1123 577 1152 cantu.
614 1117 684 1164 ἀμβ
710 1117 796 1151 ότων
823 1116 933 1152 ἐπέων
961 1115 1150 1157 εὐαζόντων
1182 1119 1263 1148 Ant.

255 1164 344 1200 1135
355 1168 406 1200 ch.
428 1168 547 1208 Inepte
565 1167 666 1198 schol.
685 1163 894 1211 υμνούντων,
913 1159 985 1211 μετ’
1002 1162 1174 1210 εὐφημίας
1193 1161 1268 1196 εὐοῖ

252 1212 434 1261 λεγόντων.
473 1215 575 1246 Recte
602 1214 702 1245 Tricl.
733 1210 789 1246 διὰ
814 1211 934 1259 μέσου,
962 1211 1036 1246 ἀντὶ
1055 1214 1132 1252 τοῦ,
1164 1209 1266 1245 θείων

253 1259 368 1307 ὕμνων
406 1260 435 1299 ἰς
453 1259 491 1294 σὲ
514 1259 725 1307 φερομένων.
1009 1258 1041 1303 (1
1058 1269 1092 1300 p.
1114 1255 1193 1298 698,
1215 1256 1269 1302 7.)

324 1273 474 1401 Eu}·ij;
494 1319 665 1361 praeditus
688 1320 811 1351 salubri
834 1318 969 1362 afflatu.
1007 1311 1122 1358 Ὕπνε,
1160 1315 1266 1362 εὐαὴς

252 1365 338 1413 ἡμῖν
373 1379 388 1401 ε
414 1365 488 1405 θοις
521 1368 580 1399 Ph.
602 1364 671 1399 828
689 1367 739 1398 ch.
778 1367 880 1399 schol.
916 1363 1073 1403 εὔπνους.
1103 1363 1262 1409 [Hesych.

252 1413 391 1452 εὐαδές;
421 1412 564 1448 εὔπνουν
590 1418 624 1446 et
649 1411 792 1458 εὐαδήςε
822 1411 1001 1458 εὐήνεμος.
1030 1412 1062 1446 οἱ
1088 1411 1124 1446 δὲ
1148 1410 1264 1445 εὐα’ς.

255 1473 397 1504 quarum
423 1464 466 1503 gl.
488 1464 630 1503 priorem
654 1461 701 1493 IG
729 1461 922 1494 Schneider.
950 1462 1034 1492 Lex.
1064 1461 1121 1493 Gr.
1142 1457 1172 1497 1,
1199 1456 1220 1490 4
1247 1456 1266 1490 9

255 1511 296 1543 ad
321 1510 421 1551 Soph.
441 1511 464 1542 l.
486 1519 513 1541 c.
543 1506 707 1553 rettulit]
739 1510 809 1540 Alii
832 1510 991 1548 fuerunt,
1022 1509 1080 1549 qui
1106 1504 1233 1552 εὐαδής
1250 1517 1268 1538 a

254 1557 354 1599 Soph.
375 1557 504 1589 dictum
529 1560 563 1588 et
586 1554 754 1601 εὐμενής,
781 1556 868 1597 quod
892 1557 928 1586 in
957 1556 1058 1587 schol.
1081 1555 1121 1586 ad
1145 1551 1267 1587 εὐαίων

255 1605 471 1646 adscriptum,
488 1605 562 1636 eius
577 1604 665 1635 vocis
678 1604 991 1644 interpretationem
1006 1606 1166 1643 putarent
1179 1610 1264 1632 esse.

254 1652 520 1692 Buttmannum,
548 1652 607 1692 qui
631 1648 758 1694 εὐαδής
784 1660 851 1682 non
875 1652 916 1682 ab
934 1647 1046 1690 ἁδεῖν,
1076 1650 1133 1681 sed
1159 1650 1198 1680 ab
1215 1646 1287 1681 α”ωἸ

258 1699 336 1731 duci
357 1702 472 1740 putat,
493 1702 533 1730 ut
550 1709 569 1730 a
587 1696 685 1731 σπάω
703 1698 831 1729 dicatur
846 1695 1053 1742 νεοσπαδής,
1074 1697 1191 1728 Herm.
1213 1705 1268 1727 re—
1286 1711 1287 1714 =

255 1747 390 1778 futavit.
412 1743 469 1791 [cf.
492 1747 572 1778 Lob.
593 1746 699 1777 Paral.
724 1741 801 1776 156.
821 1745 915 1777 Curt.
932 1745 986 1776 Et.
1008 1754 1042 1785 p.
1059 1740 1128 1776 582
1145 1743 1197 1775 ed.
1214 1739 1268 1786 2.]

255 1793 417 1825 Wunder.
449 1790 548 1826 εὐαὲς
566 1789 700 1832 ἔλθοις,
729 1792 839 1824 media
862 1795 901 1823 ut
918 1793 1162 1832 corriperetur,
1183 1790 1271 1831 quod

255 1841 337 1872 ferri
361 1850 427 1872 non
440 1844 563 1881 potest.
593 1840 700 1872 Schol.
723 1840 901 1880 explicatio
927 1844 1015 1870 recte
1035 1838 1219 1877 constabit,
1242 1837 1271 1868 si

256 1897 322 1920 non
340 1889 435 1919 venti
460 1888 573 1919 flantis
590 1887 649 1918 sed
667 1887 773 1918 somni
796 1887 942 1918 dolorem
967 1886 1111 1918 foventis
1130 1888 1269 1916 senten-

255 1936 338 1967 tiam
356 1935 518 1967 tenueris.

327 1989 513 2026 Εὐαίων.
545 1989 656 2037 βίοτον
680 1989 803 2025 εὐαίων
829 1990 919 2038 ἔχειν
950 1993 1004 2023 Tr.
1025 1988 1082 2023 81.
1114 1990 1271 2031 Prospero

258 2041 344 2071 vitae
362 2050 460 2072 cursu
478 2050 576 2071 usum
593 2040 756 2079 significat
774 2041 925 2081 proprie,
954 2040 1013 2070 sed
1030 2039 1154 2070 dicitur
1170 2039 1271 2070 etiam

258 2088 299 2119 de
325 2097 360 2119 re
386 2087 500 2126 fausta
517 2088 686 2128 qualibet,
707 2087 800 2118 velut
825 2081 943 2126 Ὕπνε,
975 2083 1117 2126 εὐαίων,
1147 2082 1270 2118 εὐαίων

258 2131 341 2173 ἄναξ
357 2134 418 2165 Ph.
433 2130 501 2167 829
519 2134 571 2166 ch.
600 2134 678 2165 libri
696 2134 797 2166 semel
817 2131 951 2174 εὐαίων,
981 2133 1165 2173 geminavit
1182 2132 1270 2164 Tur-

258 2182 335 2213 neb.
358 2181 487 2214 Schol.:
517 2178 681 2226 εὐμενής,
715 2179 832 2218 ’καλῶς
858 2178 950 2226 ἄγων
968 2179 1053 2225 ἡμῖν
1070 2178 1128 2213 τὸν
1147 2178 1267 2212 αἰῶνα.

258 2229 330 2261 Hoc
352 2229 519 2269 posterius
546 2229 669 2260 falsum
692 2231 761 2269 est3
791 2237 857 2259 non
885 2229 977 2260 enim
995 2228 1059 2259 sibi
1084 2227 1141 2259 sed
1158 2227 1271 2258 Philo-

259 2278 366 2308 ctetae
382 2276 495 2307 lenem
511 2279 546 2307 et
559 2275 727 2316 placidum
745 2285 897 2307 somnum
916 2279 1018 2316 optat.
1050 2273 1107 2307 τὸν
1126 2271 1274 2307 εὐαίωνα

259 2319 405 2356 πλοῦτον
433 2323 509 2354 Ter.
531 2323 572 2354 fr.
594 2318 673 2362 519,
696 2318 717 2354 6
734 2323 923 2362 significare
940 2323 1074 2353 videtur
1099 2323 1154 2362 qui
1170 2322 1274 2352 vitam

259 2370 386 2402 beatam
400 2369 518 2402 reddit.
547 2370 692 2409 Hesych.
714 2370 911 2402 vocabulum
929 2370 1077 2410 explicat
1102 2366 1268 2414 εὐγήρως,

260 2413 429 2461 εὐμοιρος.

330 2468 557 2520 Εὐᾶνεμος
575 2477 670 2506 vento
684 2476 856 2517 perflatus.
887 2473 921 2507 ἐν
939 2472 1116 2519 εὐανέμοις
1134 2471 1274 2518 βάσσαις

259 2523 315 2554 Ai.
337 2518 401 2554 198
419 2522 470 2554 ch.
490 2520 643 2568 γλαυκᾶς
661 2519 829 2566 εὐανέμου
847 2519 970 2566 λίμνας
989 2523 1083 2553 Laoc.
1106 2522 1147 2552 fr.
1168 2518 1246 2552 341.

330 2579 348 2599 *
358 2577 387 2614 E
398 2578 416 2613 ὐ
427 2592 472 2613 αν
482 2577 536 2624 θή
547 2591 563 2618 ς
589 2591 621 2612 v,
651 2577 807 2625 οἰνάνθη.

331 2646 359 2684 Ε
369 2647 388 2683 ὐ
399 2648 421 2683 ά
431 2661 448 2696 ρ
459 2662 485 2695 μ
494 2663 515 2684 α
524 2661 543 2683 τ
553 2662 570 2684 ο
580 2661 596 2688 ς
614 2651 762 2682 curribus
779 2649 925 2683 decom-3.
947 2647 1066 2694 Θήβας
1080 2646 1274 2694 εὐαρμάτου

261 2698 342 2729 Ant.
357 2694 427 2729 845
443 2708 485 2729 m.
507 2698 682 2729 Illustrant
699 2698 842 2738 Musgr„
862 2697 916 2728 hic
933 2707 976 2729 ex
997 2698 1075 2728 Eur.
1090 2697 1189 2728 Herc.
1207 2697 1271 2727 fur.

260 2740 349 2823 ‘grid
363 2744 534 2832 Pipndissql.
553 2741 584 2784 6,
607 2741 683 2777 145.
705 2744 824 2776 Isthm.
838 2741 871 2777 8.
884 2741 942 2785 43,
964 2747 998 2776 et
1015 2743 1157 2776 Boeckh.
1180 2744 1271 2784 expl.

331 2845 501 2893 Εὔβοια
518 2851 638 2881 insula.
662 2846 810 2894 Εὐβοίας
828 2845 964 2894 σταθμά
981 2849 1042 2881 Ph.
1054 2845 1122 2880 489
1146 2849 1271 2888 Musgr.

261 2901 296 2928 et
306 2897 435 2929 Schaef.
457 2898 535 2928 olim
552 2895 609 2940 (ad
625 2898 661 2928 L.
674 2897 750 2928 Bos.
770 2907 804 2938 p.
818 2893 904 2939 697)
918 2897 1002 2928 coni.
1023 2892 1164 2940 Εὐβοίᾳ.
1187 2893 1274 2941 ἀκτὴ

261 2939 411 3022 Εὲόἓοίας
437 2941 542 2989 ἄκρον
570 2940 724 2989 Κήναιον
751 2944 806 2975 Tr.
826 2940 905 2975 752.
938 2939 1087 2988 Εὐβοίας
1115 2954 1133 2974 τ
1175 2940 1277 2987 ἄκραι

262 2987 284 3021 7
335 3015 342 3022 .
370 2988 428 3023 τὸν
454 2988 675 3035 ἀντίπλευρον
697 2993 811 3035 ’κῆπον
828 2986 977 3035 Εὐβοίας
994 2991 1076 3029 Aeg.
1100 2992 1139 3021 fr.
1164 2985 1218 3030 19,
1241 2986 1271 3020 1.

265 3037 336 3069 loca
355 3036 502 3069 Euboeae
520 3039 679 3078 opposita.

333 3091 361 3128 E
373 3093 392 3128 ὐ
404 3093 422 3139 β
434 3093 519 3133 οιίς
546 3096 750 3127 Euboeemis.
789 3093 877 3140 ἀκτή
899 3092 950 3132 τίς
967 3091 1033 3127 ἐστ’
1059 3090 1109 3128 Εὐ
1118 3092 1198 3131 ἀοιίς
1217 3094 1272 3125 Tr.

262 3138 342 3173 237.
364 3142 442 3174 Cod.
465 3142 549 3174 Flor.
571 3146 605 3175 et
624 3143 681 3174 LA
699 3147 794 3174 sueto
812 3151 918 3174 errore
943 3138 1080 3186 Εὐβοΐς.
1126 3138 1196 3173 ἐστι
1213 3138 1276 3186 γάρ

261 3199 311 3224 τις
327 3186 442 3222 ἐναλία
455 3185 594 3233 Εὐβοιὶς
612 3187 700 3234 ἀκτή
715 3191 755 3221 fr.
770 3190 906 3228 Thyest.
920 3185 1000 3228 239,
1013 3185 1035 3219 2
1047 3189 1095 3220 sic
1103 3188 1249 3220 Meinek.
1267 3199 1273 3218 :

263 3232 459 3279 εὐβο’σασα
476 3237 578 3268 schol.
600 3237 718 3276 Eurip.
740 3237 867 3268 Phoen.
886 3232 967 3267 227.
989 3231 1073 3280 Εὐβ.
1095 3233 1156 3268 αἶα
1172 3235 1273 3266 Dind.

264 3283 329 3326 γῆς
345 3246 519 3325 ἓύβοείας
544 3284 625 3315 falso
650 3284 728 3315 olim
752 3280 943 3327 edebatur]
968 3278 1107 3327 Εὐβοιίς
1125 3292 1169 3314 sc.
1191 3279 1276 3327 γυνή

266 3328 320 3360 Tr.
342 3326 421 3360 401.
452 3329 661 3362 Contractam
678 3330 877 3361 nominativi
894 3329 1031 3362 formam
1048 3325 1203 3372 Εὐβοῖδα
1221 3325 1279 3372 [δα

264 3374 365 3407 habet
390 3376 449 3408 LA
474 3377 509 3408 in
542 3378 644 3409 unius
673 3377 806 3410 litterae
837 3373 964 3421 rasura]
997 3375 1114 3423 χώραν
1149 3375 1204 3407 Tr.
1233 3371 1278 3407 74

949 90 1167 171 Εὖαγρος,
1186 132 1247 140 -
1279 74 1580 167 Εὐδαιμονέω

2000 111 2033 159 [1
2045 125 2080 156 p.
2096 111 2288 148 δοῖ-τοο·

1301 229 1398 252 nemo
1422 220 1514 260 legit.
1551 220 1597 252 At
1621 221 1738 252 Elmsl.
1773 221 1813 252 ad
1835 221 1917 252 Eur.
1943 220 2075 253 Heracl.
2110 216 2156 252 83
2191 222 2226 252 et
2249 219 2288 253 An

1301 267 1384 299 Ach.
1412 264 1480 299 883
1506 263 1642 312 Εὐβωίς
1671 271 1706 299 et
1736 263 1887 313 Εὐβῷδα
1913 267 2170 300 commendavit.
2220 267 2288 306 Qun

1300 315 1365 345 iam
1383 315 1472 346 inter
1489 324 1523 346 se
1542 315 1680 346 minime
1707 315 1924 347 conveniunt.
1958 315 2091 347 Deinde
2107 310 2245 359 Εὐβοιίς
2273 324 2288 348 ε

1301 362 1342 393 de
1368 371 1465 393 causa
1492 362 1606 393 abiicit
1636 362 1770 402 Elmsl.,
1804 362 1893 403 quod
1919 362 2180 402 diphthongum,
2215 362 2288 394 cuiu

1301 409 1514 440 subiunctiva
1531 409 1653 440 vocalis
1680 419 1690 441 ι
1713 410 1773 449 sit,
1804 418 1978 450 nunquam
1994 409 2138 441 alterum
2162 419 2173 441 ι
2198 418 2288 442 succe

1301 455 1379 487 dere
1393 460 1509 487 notum
1524 456 1578 487 sit.
1601 456 1692 495 Quod
1713 466 1810 498 quam
1828 457 1873 488 sit
1888 466 2015 496 verum,
2031 457 2130 488 unice
2148 456 2206 487 illa
2222 465 2288 488 com

1302 503 1455 534 mendata
1488 504 1710 542 grammaticis
1734 503 1962 535 demonstrant
1985 498 2180 550 Ἀχαιικός,
2217 499 2288 537 ma

1300 548 1447 590 ταιικὸς,
1479 551 1573 582 cuius
1600 551 1784 591 scripturae
1808 551 1873 582 etsi
1891 551 2034 590 vestigia
2057 551 2161 582 ferme
2186 559 2288 582 evam]

1302 600 1421 637 erunt,
1451 600 1544 629 extat
1568 600 1680 629 tamen
1706 608 1758 639 ap.
1788 599 1884 630 Hom.
1920 594 2045 644 Αχαιίς
2079 601 2113 628 et
2140 601 2216 629 nota
2238 607 2288 630 ess

1302 645 1443 676 debebat
1461 645 1607 676 Lobecki
1635 645 1818 686 disputatio
1843 645 1883 676 ad
1900 645 2024 684 Phryn.
2051 654 2084 685 p.
2106 640 2150 676 39
2167 642 2214 688 [v.
2229 653 2288 677 eun

1301 691 1376 722 dem
1395 692 1500 723 Paral.
1521 689 1632 733 24'sq.
1655 692 1749 723 Path.
1771 689 1803 733 2,
1826 689 1871 724 20
1888 695 1922 723 et
1942 689 2036 736 140].
2066 692 2145 723 Fuit
2162 701 2242 724 sane
2256 691 2288 724 ill

1302 739 1590 778 grammaticorum
1616 740 1822 779 quorundam
1855 740 2022 771 minorum
2056 739 2207 779 gentium
2236 747 2288 771 sen

1302 787 1408 817 tentia
1425 787 1621 818 resuscitata
1637 796 1656 817 a
1674 787 1802 818 Zonara
1820 796 1852 827 p.
1870 783 1970 826 1763,
1990 786 2049 818 sed
2066 786 2099 817 hi
2125 785 2288 818 diver-sisa

1302 843 1356 864 ma
1381 834 1609 870 miscuerunt,
1638 834 1764 874 quippe
1790 835 1890 865 etiam
1909 831 1982 870 υἱός
2008 838 2042 864 et
2067 834 2153 877 μυῖα
2178 837 2213 864 et
2227 829 2288 866 καίι

1302 880 1510 911 damnantes.
1548 881 1681 911 Deinde
1707 882 1806 912 etiam
1842 878 2007 925 ἱεροποιία
2039 884 2073 912 et
2106 883 2216 911 cetera
2241 879 2288 913 eiu

1302 929 1426 959 formae
1444 938 1462 958 a
1486 929 1584 959 verbo
1602 930 1713 960 ποιεῖν
1732 929 1912 968 composita
1929 927 2129 959 Elmsleium
2154 927 2288 968 oporteb

1302 984 1345 1006 ex
1376 984 1529 1006 sermone
1561 974 1759 1006 Graecorum
1789 976 2024 1007 exterminare.
2070 974 2207 1006 Praeter
2233 974 2288 1007 hae

1282 1022 1464 1062 ⁴quomodo
1493 1017 1628 1103 Νηργγίς
1653 1033 1671 1053 a
1694 1023 1843 1061 genitivo
1872 1018 2016 1068 Νηρῆος
2045 1025 2253 1063 procreatum
2274 1031 2288 1054 a

1302 1069 1551 1101 defendendum
1592 1067 1625 1104 A,
1653 1067 1713 1106 ωίς
1740 1071 1897 1101 advocare
1921 1070 2087 1111 potuerit,
2124 1078 2201 1100 cum
2226 1073 2288 1101 nun

1303 1126 1403 1157 quam
1419 1109 1548 1161 Εὐβῲα
1573 1128 1598 1149 s.
1637 1113 1748 1161 ,ὐβῳα
1765 1117 1851 1149 dicta
1868 1118 1924 1157 sit,
1945 1117 2136 1156 ambigitur.
2173 1116 2239 1148 Sed
2255 1124 2288 1148 m

1304 1163 1368 1195 EM
1392 1173 1425 1204 p.
1447 1161 1527 1204 389,
1551 1161 1593 1195 14
1624 1164 1665 1195 de
1690 1164 1752 1196 hoc
1777 1165 1951 1196 nominum
1976 1172 2098 1203 genere
2131 1163 2288 1195 accuratim

1303 1214 1468 1251 tractans,
1503 1221 1565 1243 nec
1592 1211 1709 1251 Steph.
1738 1211 1818 1250 Byz.
1850 1214 2036 1243 monstrum
2057 1210 2142 1241 illud
2167 1210 2288 1247 vocabu

1304 1261 1439 1289 norunt.
2034 1255 2067 1301 (1
2084 1267 2118 1298 p.
2139 1253 2220 1298 699,
2243 1252 2288 1289 14:

1373 1313 1545 1362 Εὐβοτρ
1557 1328 1574 1350 υ
1589 1329 1604 1354 ς
1623 1317 1711 1349 dives
1729 1318 1858 1349 vinetis.
1879 1315 1942 1361 τὴν
1968 1312 2130 1362 εὔβοτρυν
2149 1312 2288 1367 Πεπάρη

1304 1361 1366 1397 θον
1379 1364 1441 1396 Ph.
1458 1361 1538 1397 548.
2284 1399 2288 1405 Δ

1373 1418 1599 1467 Εὐβουλία
1627 1422 1775 1462 prudens
1801 1424 1988 1454 consilium.
2033 1420 2103 1466 ὅσῳ
2136 1412 2288 1466 πράτισηῇ

1302 1468 1489 1514 κτημάτων
1513 1467 1691 1513 εὐβουλία;
1729 1470 1810 1501 Ant.
1835 1466 1935 1501 1050.
1972 1467 2142 1514 ήύβουλία
2167 1468 2288 1506 Brunon

1304 1514 1482 1560 εὐβουλίας
1499 1514 1552 1550 δεῖ
1572 1513 1672 1549 1098.
2284 1515 2288 1554 ξ

1375 1571 1605 1619 Εὔβουλος
1634 1575 1782 1615 prudens
1808 1576 1953 1607 consilio.
1991 1567 2119 1620 ’Ἄρεος
2151 1567 2288 1619 εὖβουλξ

1304 1620 1412 1668 πάγον
1431 1622 1487 1655 OG
1505 1619 1584 1654 947.

1375 1677 1543 1727 Εὐγενή
1555 1692 1582 1718 ς.
1604 1681 1618 1723 ΙΙ
1636 1690 1819 1721 qenerosus,
1838 1681 1863 1713 i.
1885 1690 1914 1712 e.
1936 1681 2041 1713 nobili
2058 1689 2192 1720 genere.
2222 1676 2258 1712 εὐ
2275 1673 2278 1677 ’

1304 1727 1367 1774 νὴς
1394 1726 1456 1772 μὲν
1483 1727 1500 1762 ὁ
1526 1728 1659 1761 κτανών
1684 1739 1720 1761 τε
1745 1727 1800 1774 χώ
1827 1725 1940 1761 θανών
1956 1728 2017 1759 Ph.
2040 1724 2119 1760 336.
2142 1725 2258 1771 μάντις

1305 1786 1355 1812 τις
1383 1773 1541 1820 εὐγενής,
1575 1772 1731 1821 Πριάμου
1779 1774 1813 1808 ὲν
1838 1773 1910 1812 υἱός
1936 1771 2016 1807 604.
2045 1772 2185 1820 εὐγενὴς
2208 1771 2251 1820 γὰ
2275 1776 2288 1810 ,ἓ

1308 1821 1406 1868 φύσις
1431 1820 1494 1861 κάξ
1518 1821 1664 1868 εὐγενῶν
1690 1788 1775 1854 871²
1784 1823 2019 1863 perfamiliaris
2044 1823 2135 1853 enim
2151 1783 2288 1860 veter&

1307 1871 1430 1911 opinio,
1452 1880 1688 1910 generosorum
1705 1873 1838 1910 patrum
1857 1870 1984 1901 similes
2001 1870 2112 1901 indole
2130 1869 2214 1900 filios
2230 1864 2288 1910 eal.

1307 1915 1426 1962 ἄνδρες
1443 1914 1571 1964 γθονὸς
1584 1911 1679 1963 τῆσδ’
1696 1914 1844 1962 εὐγενεῖς
1862 1914 2039 1961 εἰκήτορες
2053 1915 2108 1948 OG
2117 1912 2195 1947 728.
2213 1911 2288 1956 θεά

1307 1958 1536 1996 Athenienses
1562 1965 1610 1995 sic
1635 1965 1811 2004 compellat
1845 1964 2050 2003 aboriginum
2077 1964 2175 1995 laude
2201 1957 2288 2003 supi

1307 2012 1450 2043 bientes.
1488 2012 1650 2043 Brunckii
1676 2012 1760 2043 coni.
1791 2009 1939 2057 ἐγγενεῖς
1965 2020 2007 2042 ne
2034 2011 2168 2051 elegans
2185 2004 2265 2051 quid
2286 2002 2288 2008 ¹

1309 2062 1371 2090 est.
1403 2057 1435 2091 οἱ
1462 2056 1641 2095 δοκοῦντες
1660 2055 1807 2104 εὐγενεῖς
1824 2055 2012 2104 πεφυκέναι
2030 2058 2085 2089 Ai.
2109 2053 2209 2089 1095.
2236 2066 2256 2088 τ

1310 2103 1384 2150 φεὶς
1402 2104 1531 2151 μητρὸς
1549 2104 1706 2151 εὐγενοῦς
1722 2103 1791 2139 ἄπο
1810 2102 1910 2137 1229.
1940 2102 2079 2138 πέλεται
2096 2101 2165 2137 οὐτ’
2187 2099 2243 2138 ἀπ’

1308 2150 1433 2198 γενέων
1461 2150 1582 2189 ἐσθλός
1609 2154 1684 2192 Tyr.
1707 2154 1747 2184 fr.
1769 2149 1836 2184 583
1855 2163 1884 2193 a,
1911 2149 1943 2183 2.
1972 2150 2052 2185 τοὺς
2076 2149 2223 2197 εὐγενεῖς

1308 2197 1483 2245 κάγαθοὺς
1497 2198 1590 2245 φιλεῖ
1601 2192 1712 2245 ’Ἄρης
1730 2197 1872 2244 ἐναίρειν
1890 2199 2009 2238 Phryg.
2031 2196 2111 2238 649,
2135 2195 2166 2230 1.
2187 2197 2238 2231 Sci
2276 2232 2279 2235 ¹

1310 2246 1715 2331 Xss‘ifflffinfffgissfflssfff}
1732 2247 1853 2326 Ῑὲθῖοὲἒ
1879 2246 2250 2335 θωῖἶέπηῖἷῗζιῗνῗέή
2267 2263 2284 2304 Ἴ

1310 2343 1421 2373 animo
1448 2307 1636 2381 yenerosuryz
1664 2306 1841 2381 ggnificat,
1873 2341 2007 2382 qualem
2024 2341 2118 2372 decet
2135 2348 2210 2371 esse
2226 2347 2259 2370 n
2276 2335 2286 2372 {³

1310 2390 1376 2420 lem
1395 2398 1529 2428 genere.
1560 2386 1700 2434 εὐγενὴς
1725 2387 1788 2434 γὰρ
1806 2385 1828 2432 ἡ
1848 2386 1947 2434 φύσις
1965 2388 2025 2418 Ph.
2047 2384 2127 2419 874.
2149 2382 2206 2418 εἴτ’
2222 2396 2239 2419 ε
2275 2384 2285 2417 .⁴

1310 2433 1374 2479 νὴς
1403 2434 1577 2482 πέφυκας,
1609 2429 1669 2467 εἴτ’
1698 2433 1832 2469 ἐσθλῶν
1863 2432 1955 2478 κακή
1983 2435 2065 2466 Ant.
2087 2431 2143 2466 38.
2181 2429 2248 2466 θάλ
2270 2435 2279 2477 J*

1312 2481 1443 2527 εὐγενεῖ
1466 2480 1595 2516 τέκνων
1622 2481 1735 2527 σπορᾷ
1755 2478 1854 2513 1164.
1884 2479 1906 2526 ἢ
1932 2479 2050 2518 καλῶς
2076 2479 2138 2526 ζῆν
2155 2477 2186 2523 ἢ
2204 2489 2248 2512 ἰα
2263 2517 2282 2522 ’

1310 2528 1514 2575 τεθνηκέναι
1550 2528 1608 2563 τὸν
1643 2527 1762 2574 εὐγενῆ
1789 2526 1859 2575 γρή
1896 2529 1950 2559 Ai.
1980 2525 2061 2559 480.
2098 2525 2162 2560 οὐκ
2193 2522 2232 2560 ἂν

1310 2571 1392 2611 νοιτ’
1417 2574 1557 2622 εὐγενὴς
1581 2573 1668 2621 ἀνήρ
1693 2573 1771 2608 524.
1800 2567 1876 2621 ἥτις
1903 2572 2044 2621 εὐγενὴς
2060 2572 2146 2621 γυνή
2165 2574 2217 2605 El.
2255 2587 2270 2616 ,⁴

1312 2623 1420 2657 κακὸν
1437 2623 1476 2657 τὸ
1495 2621 1628 2657 κεύθειν
1646 2621 1708 2656 κού
1728 2621 1812 2668 πρὸς
1830 2619 1951 2668 ἀνδρὸς
1968 2620 2124 2668 εὐγενοῦς
2141 2619 2267 2653 Alead.·>

1316 2669 1391 2703 100.
1416 2689 1456 2694 —
1476 2670 1490 2713 ΙΙ
1508 2672 1605 2702 Luna
1623 2671 1806 2711 plenilunii
1824 2674 1974 2710 tempore
1996 2678 2125 2700 summo
2149 2668 2265 2709 splen

2240 2708 2259 2720 ι,
2267 2707 2269 2710 .

1312 2720 1425 2750 nitens
1444 2719 1568 2750 dicitur
1594 2715 1673 2751 ὅταν
1699 2728 1762 2762 περ
1790 2715 1897 2761 αὐτῆς
1922 2713 2144 2762 εὐγενεστάτη
2170 2723 2234 2760 φαν
2249 2732 2274 2750 ι.

1311 2767 1376 2797 inc.
1403 2762 1483 2805 713,
1505 2763 1537 2796 7.
2115 2760 2146 2805 (1
2171 2771 2205 2803 p.
2254 2764 2269 2791 ἓ.

1381 2820 1534 2869 Εὐγμα
1575 2824 1780 2863 supplicatio.
1826 2819 1920 2859 ὅπως
1963 2818 2100 2865 ἱκοίμην
2145 2817 2204 2865 εὐγ
2256 2814 2262 2818 ”

1312 2869 1528 2917 προσήγορος
1561 2870 1641 2901 Ant.
1667 2867 1766 2901 1185.
1801 2869 1910 2900 Schol.
1946 2866 1986 2901 δι’
2014 2865 2126 2914 εὐχῶν
2153 2877 2263 2911 προ-1,.

1314 2915 1470 2964 ρεύουσα.
1502 2918 1551 2948 De
1569 2921 1737 2948 structura
1756 2918 1931 2948 verborum
1949 2927 1979 2947 v.
2002 2913 2227 2960 προσήγορος.
2267 2935 2277 2953 >3

1383 2984 1645 3033 Εὔγνωστος
1678 2987 1788 3027 facilis
1820 2986 1864 3017 ad
1891 2984 2102 3017 noscendum.
2146 2979 2229 3018 Ἀπό

1314 3031 1504 3081 εὐγνωστος
1534 3032 1611 3078 ἐμοὶ
1644 3031 1758 3078 ξυνείη
1785 3031 1839 3066 διὰ
1865 3031 1990 3065 παντὸς
2014 3028 2148 3077 εὔφρων
2181 3029 2270 3063 Αἰ.»Δ

1314 3082 1365 3114 ch.
1383 3081 1632 3122 Explicandum
1651 3090 1694 3111 ex
1719 3081 1889 3112 sententia
1906 3080 2024 3111 aetatis
2043 3079 2201 3109 heroicae.
2247 3109 2249 3111 ,

1313 3129 1417 3168 enim,
1440 3137 1502 3160 nec
1518 3128 1585 3159 nisi
1603 3128 1735 3159 dilectis
1754 3128 1817 3159 sibi
1836 3127 1893 3158 Dii
1912 3126 2083 3157 manifesti
2107 3126 2264 3166 appar-euv

1315 3175 1471 3208 Ceterum
1496 3171 1664 3219 εὐγνωτος
1692 3175 1756 3205 LB.
1782 3171 1915 3217 [Brevis
1932 3174 1967 3204 in
1985 3175 2053 3203 fine
2070 3180 2185 3203 versus
2201 3178 2216 3202 s
2232 3177 2264 3206 fl

1314 3223 1379 3255 etsi
1405 3231 1471 3253 non
1497 3226 1548 3254 est
1574 3222 1710 3260 vitiosa,
1741 3225 1851 3252 tamen
1877 3223 1965 3251 recte
1991 3220 2130 3250 fortasse
2148 3216 2266 3251 Both.=

1314 3265 1504 3315 γνώστως.]
1523 3269 1573 3300 De
1592 3269 1755 3309 scriptura
1772 3279 1803 3299 v,
1818 3268 1899 3298 Lob.
1921 3267 1961 3297 ad
1979 3266 2033 3297 Ai.
2055 3262 2133 3297 704.
2250 3261 2256 3266 ”
