2288 3600
296 111 396 161 618
1123 111 1351 181 Πειραίνω
1381 143 1442 151 --
1473 113 1628 170 Πέλας
2046 79 2258 175 [ΠῗρριΓ

297 232 369 261 stae
393 230 682 271 interpretantur;
721 231 847 262 rectius
877 228 966 275 μετὰ
993 227 1154 264 κινδύνου
1178 232 1319 265 τοιαῦτα

295 273 528 323 πειράσεσθαι.
565 274 629 310 οὐκ
655 274 733 311 οἶδα
749 275 813 322 τὴν
832 275 895 323 σὴν
921 279 1043 323 πεῖραν
1061 278 1149 311 Dan.
1171 278 1211 310 fr.
1237 275 1314 311 176.

296 325 348 356 Ab
366 324 496 356 Acrisio
515 324 597 356 haec
615 324 682 356 dici
701 324 876 365 videntur,
897 325 956 366 qui
974 336 994 357 a.
1010 334 1127 358 recens
1146 329 1222 358 nato
1237 325 1318 358 Per-

297 381 353 403 seo
385 371 576 413 periculum
609 372 674 403 sibi
707 376 862 404 metuens
889 375 991 413 neget
1023 383 1058 406 se
1084 374 1318 415 experimento

297 422 394 461 capto
412 419 589 451 certiorem
606 420 679 451 fieri
697 420 795 460 velle,
817 423 954 452 rectene
969 429 1010 451 an
1029 421 1155 452 iniuria
1172 424 1312 454 metuat.

296 484 340 489 —-
360 466 450 498 Hinc
466 466 510 498 ad
526 469 684 498 conatum
709 477 786 499 cum
804 468 941 499 consilio
971 470 1001 498 et
1018 468 1199 507 viyilantia
1216 477 1316 500 exse-

296 513 469 555 quendum
486 514 691 546 transfertur
713 515 981 554 significandum.
1012 512 1160 559 δέδορκά
1183 526 1219 548 σε
1238 516 1318 548 πεῖ-

297 558 358 605 ράν
375 554 438 594 τιν’
456 555 594 608 ἐχθρῶν
622 559 774 607 ἁρπάσαι
798 558 1003 608 θηρώμενον
1030 562 1085 594 Ai.
1106 559 1139 595 2.
1177 559 1208 595 τί
1223 556 1317 607 τήνδ’

367 605 531 653 ἀφορμᾷς
556 610 677 654 πεῖραν
703 606 784 641 290.
819 609 906 640 Male
933 609 1035 641 schol.
1068 613 1136 642 vet.
1158 608 1312 655 πορείαν,

296 653 393 696 ὁδόν,
424 655 550 697 quippe
573 659 710 696 propter
733 656 903 688 adiectum
926 653 1100 702 ἀφορμᾶν.
1142 655 1245 704 πεῖρά
1267 668 1316 694 τις

296 700 465 748 ζητητέα,
487 699 545 748 ἀφ’
562 700 605 748 ἧς
623 700 773 749 δηλώσω
791 701 871 736 471.
900 702 953 737 κεί
972 703 1021 748 μὴ
1038 701 1128 738 θεῶν
1146 714 1196 741 τις
1213 702 1316 749 τήνδε

297 751 357 783 πεῖ
379 760 418 783 αν
439 747 574 796 ἔσβεσεν
596 747 696 783 1057.
728 768 768 775 --
806 752 858 783 De
875 755 953 784 tono
970 762 1002 783 V.
1019 752 1142 785 Herod.
1164 762 1200 785 π.
1223 763 1258 797 μ.
1279 749 1313 784 λ.

294 807 328 841 p.
373 794 407 838 8,
431 794 485 829 11.
506 797 624 831 Arcad.
649 809 683 840 p.
705 794 762 839 96,
783 794 840 830 27.

367 853 442 890 Πει
454 853 588 900 ραίνω
615 868 647 890 v,
676 854 839 903 περαίνω.

367 923 541 973 Πειράω
566 923 655 971 (do).
701 927 715 969 ΙΙ
745 927 898 960 conandi
916 938 942 961 s.
964 927 1165 968 suscipiendi
1183 928 1315 967 signifi-

297 975 427 1006 catione
444 974 554 1007 activa
571 975 677 1006 forma
691 985 709 1006 a
726 976 837 1007 medio
853 986 879 1007 s.
897 976 1088 1018 deponente
1106 985 1174 1007 non
1188 975 1314 1007 discre-

294 1026 362 1063 pat.
406 1019 443 1055 ὃν
472 1019 515 1067 δὴ
544 1019 584 1055 σὺ
609 1021 733 1068 πειρᾷς
758 1020 918 1068 ἐκβαλεῖν
946 1023 1004 1055 OR
1022 1019 1101 1054 399.
1142 1019 1316 1067 πειράσατ’

294 1066 370 1103 ἀλλ’
398 1066 500 1114 ὑμεῖς
529 1079 566 1115 γε
596 1072 741 1126 κινῆσαι
764 1068 893 1117 πατρὸς
921 1068 1033 1115 στόμα
1063 1069 1118 1102 OG
1147 1067 1247 1102 1276.
1273 1088 1313 1093 -

295 1114 404 1162 μηδὲν
423 1114 572 1162 πρόσθεν
597 1113 621 1161 ἢ
638 1128 681 1150 τα
699 1114 823 1157 Λοξίου
842 1115 1033 1164 πειρώμεθ’
1052 1115 1160 1163 ἔρδειν
1178 1118 1232 1150 El.
1254 1114 1311 1150 83.

294 1161 490 1212 πειρωμένῃ
511 1162 549 1197 δὲ
565 1162 674 1197 τῶνδε
690 1168 758 1197 τῶν
779 1163 887 1211 ἔργων
906 1162 988 1197 468.
1024 1169 1131 1209 πειρῶ
1149 1163 1188 1198 τὸ
1206 1163 1315 1211 παρὸν

295 1208 495 1256 θεραπεύειν
526 1211 588 1244 Ph.
625 1209 690 1244 149
715 1222 768 1244 an.
811 1212 910 1257 πειρᾶ
940 1214 1116 1257 μετασπᾶν
1147 1212 1202 1245 OG
1232 1209 1312 1245 774.

295 1256 480 1304 πειρᾶσθαι
499 1256 538 1291 δὲ
554 1257 624 1305 χρή
644 1259 784 1299 Thyest.
805 1261 846 1292 fr.
868 1246 949 1301 236,
972 1258 1004 1293 1.
1035 1277 1076 1283 -
1110 1257 1174 1303 τὴν
1201 1258 1316 1306 ἀμαρ-

295 1304 368 1339 τίαν
480 1303 668 1351 ἀναλαβεῖν
699 1305 905 1352 πειράσομαι
944 1307 1034 1339 Phil.
1075 1304 1177 1339 1249.
1222 1305 1316 1341 ἀντι-

295 1351 377 1398 δρᾶν
411 1351 619 1400 πειράσομαι
652 1354 706 1386 OC
741 1352 822 1387 959.
867 1355 1133 1394 Adsignificatur
1165 1354 1316 1394 fraudu-

295 1402 422 1432 Lentum
450 1402 651 1433 consilium:
692 1399 725 1434 τί
757 1403 864 1436 ταῦτα
892 1402 997 1448 πειρᾷ
1017 1402 1071 1435 OC
1102 1399 1190 1443 763,
1227 1403 1316 1443 quod

294 1450 434 1481 fortasse
467 1449 534 1480 iam
565 1449 602 1480 in
635 1446 692 1481 ΟΒ
718 1446 786 1482 399
820 1449 1056 1490 quaerendum
1089 1450 1167 1483 fuit.
1206 1468 1314 1482 --.—

293 1494 304 1538 Η
322 1496 386 1528 Sed
404 1496 595 1536 experiendi
619 1497 689 1528 vim
707 1497 768 1529 soli
786 1498 895 1529 medio
912 1498 1038 1528 servari
1056 1497 1226 1529 videmus.
1263 1498 1315 1529 De

293 1543 450 1584 faciendo
473 1543 517 1575 ad
550 1543 745 1575 discendum
774 1546 996 1585 eaeperimento
1027 1545 1156 1576 dictum
1187 1542 1257 1577 οὐδ’
1286 1543 1315 1578 εἰ

294 1589 408 1628 δοκεῖς
427 1588 535 1638 ἔχειν,
559 1588 652 1637 ἔχοις
670 1587 711 1624 ἂν
728 1595 852 1638 γνῶμα
870 1590 919 1636 μὴ
938 1590 1139 1637 πειρωμένη
1158 1593 1212 1624 Tr.
1232 1589 1312 1626 593.

294 1639 346 1670 De
364 1638 430 1679 hie,
460 1647 544 1680 quae
562 1640 635 1680 quis
662 1640 698 1670 in
714 1649 747 1671 se
762 1638 922 1680 patiendo
940 1642 1001 1670 aut
1018 1638 1175 1679 faciendo
1200 1650 1315 1680 exper-

294 1689 348 1717 tus
365 1690 434 1718 est:
464 1683 501 1718 εὖ
529 1680 566 1718 δ’
592 1683 731 1724 ἔξοισθα
747 1684 951 1732 πειραθεῖσά
980 1697 1047 1720 που
1065 1687 1120 1718 El.
1143 1684 1245 1719 1244.
1274 1688 1314 1719 In

292 1733 379 1765 hanc
408 1734 687 1773 significationem
719 1734 902 1775 probabilis
936 1735 1095 1766 correctio
1125 1735 1314 1766 Hermanni

291 1783 344 1812 est
359 1778 420 1814 καὶ
436 1779 546 1826 πάρος
563 1778 688 1827 ἐπειρῶ
714 1781 770 1814 OC
792 1778 882 1813 1744
900 1781 952 1814 01].
980 1791 1025 1813 sc.
1049 1779 1171 1827 μόγου.
1206 1782 1309 1815 Dind.

290 1839 319 1860 c.
339 1828 512 1860 Wundero
531 1825 668 1874 ἐπεῖχε,
690 1829 767 1860 libri
786 1826 873 1870 ἐπεί,
893 1829 982 1869 quod
996 1839 1072 1861 cum
1090 1838 1153 1860 nec
1166 1839 1314 1870 sequen-

292 1876 384 1908 tibus
402 1885 466 1907 nec
482 1876 651 1918 prioribus
670 1885 773 1908 sensu
790 1876 978 1917 cohaereat,
998 1877 1153 1918 plerique
1171 1878 1312 1909 lacunae

288 1923 427 1963 signum
456 1922 605 1955 editores
634 1927 836 1964 posuerunt.
873 1924 976 1955 Paulo
1002 1924 1100 1955 aliter
1128 1924 1257 1956 dictum
1283 1922 1312 1957 εἰ

288 1972 353 2016 γῆς
372 1969 422 2016 μὴ
442 1967 644 2015 πεπείρασαι
662 1967 762 2016 ξένης
780 1971 857 2002 Ter.
882 1972 925 2003 fr.
948 1967 1029 2011 516,
1050 1968 1092 2011 2,
1113 1971 1154 2003 de
1170 1981 1228 2012 eo,
1254 1973 1313 2012 qui

291 2027 432 2060 peregre
449 2021 605 2050 versatus
623 2027 690 2050 non
709 2022 778 2059 est,
809 2020 955 2050 maxime
973 2019 1034 2060 qui
1051 2027 1118 2050 non
1135 2020 1309 2051 exsulavit.

360 2073 576 2115 Πειστέος
614 2077 797 2118 parendum
842 2074 996 2111 πειστέον
1024 2075 1106 2111 τάδε
1135 2078 1196 2112 Ph.
1229 2075 1308 2110 994.

290 2121 462 2165 πειστέον,
491 2121 546 2157 κεί
565 2121 673 2170 μηδὲν
691 2121 758 2169 ἡδύ
785 2125 854 2158 OR.
879 2121 982 2158 1516.

362 2191 393 2229 Π
403 2204 418 2227 ε
429 2191 450 2227 λ
461 2187 484 2228 ὀί
494 2206 514 2241 γ
524 2205 560 2228 ιο
570 2206 587 2232 ς
605 2197 641 2227 in
655 2197 742 2227 mari
758 2198 920 2228 versatus.
950 2193 987 2229 ὃν
1003 2193 1194 2229 ἀπόπτολιν
1213 2193 1313 2243 εἴχο-

293 2252 357 2287 μεν
437 2239 600 2288 πελάγιον
618 2242 675 2274 Tr.
697 2239 765 2275 649
784 2243 836 2275 ch.
867 2243 976 2275 Schol.
999 2240 1072 2277 ἀντὶ
1092 2245 1153 2276 τοῦ
1170 2241 1312 2278 ἄπωθεν

287 2292 351 2335 τῆς
383 2286 522 2327 πόλεως
547 2287 583 2323 ἐν
614 2288 666 2334 τῷ
686 2287 845 2335 πελάγει,
873 2294 908 2322 et
926 2288 977 2323 ὅτι
993 2288 1162 2328 πολλάκις
1180 2289 1239 2324 καὶ
1257 2289 1313 2324 διὰ

291 2334 466 2382 θαλάττης
485 2334 594 2379 ἔπλει,
617 2334 649 2370 εἴ
665 2347 748 2370 ποτε
768 2336 816 2375 εἰς
833 2340 938 2384 νῆσον
956 2336 1100 2382 (νήσους
1117 2338 1218 2370 Tricl.
1236 2337 1312 2382 Er.)

290 2377 405 2430 ἀπῄει.
442 2385 536 2416 Haec
560 2388 731 2426 postrema
755 2385 856 2417 nihili
883 2389 981 2426 sunt,
1010 2386 1050 2417 de
1069 2386 1215 2418 Hercule
1232 2386 1311 2418 inde

290 2441 334 2463 ex
360 2441 426 2473 quo
452 2435 603 2472 tempore
629 2433 665 2464 in
682 2433 800 2464 Asiam
818 2432 946 2464 abierat
962 2433 1146 2474 Omphalae
1164 2435 1312 2466 servitu-

290 2488 370 2520 rus,
400 2479 437 2511 in
454 2479 539 2511 mari
555 2481 697 2512 fortasse
712 2481 834 2512 iactato
850 2480 1049 2520 loquuntur.

360 2544 577 2596 Πέλόίγος.
606 2549 744 2592 Proprie
769 2559 881 2591 mare,
909 2550 1100 2582 secundum
1126 2554 1216 2582 certa
1239 2560 1310 2583 ma-

288 2597 382 2629 xime
406 2597 477 2630 loca
504 2597 715 2629 distinctum.
755 2595 850 2643 παρὰ
879 2594 917 2630 δὲ
934 2593 1103 2631 Κυανέων
1133 2595 1310 2644 πελαγέων

289 2641 433 2690 διδυμᾶς
451 2641 534 2682 ἁλὸς
552 2641 653 2678 ἀκταὶ
671 2641 862 2691 Βοσπόριαι
884 2646 966 2677 Ant.
987 2641 1055 2676 966
1073 2645 1124 2676 ch.
1147 2655 1179 2677 V.
1201 2644 1306 2691 παρά.

288 2692 329 2723 ln
346 2692 439 2724 codd.
459 2695 537 2734 post
561 2689 740 2738 πελαγέων
767 2692 903 2725 additur
925 2695 1059 2737 πετρῶν
1072 2719 1080 2733 ,
1111 2693 1310 2733 explicando

288 2739 417 2781 quippe
433 2737 589 2772 κυανέων
607 2739 775 2772 adiectum
786 2764 794 2780 ‚
816 2748 884 2771 non
904 2741 945 2771 ab
962 2740 1080 2781 inepte
1098 2739 1240 2780 quodam
1258 2740 1311 2771 in-

287 2788 512 2828 terpretante,
545 2786 606 2819 sed
630 2796 696 2828 quo
719 2783 897 2833 πελαγέων
929 2787 1160 2828 expelleretur
1189 2787 1306 2828 [Dind.

288 2834 418 2874 recepit
433 2833 612 2866 Wieseleri
630 2843 694 2866 em.
716 2829 878 2869 Κυανεᾶν
897 2831 1072 2866 σπιλάδων
1095 2831 1239 2879 διδύμας
1257 2832 1308 2879 ἁ.]

289 2879 404 2927 ὥσπερ
422 2877 512 2914 πέλα
535 2891 572 2917 ος
592 2876 625 2915 Κ
647 2879 748 2926 ’ήσιον
768 2881 825 2913 Tr.
841 2877 908 2913 120
925 2882 976 2913 ch.
998 2878 1148 2926 πέλαγος
1166 2877 1309 2927 Αἰγαῖον

288 2931 403 2973 περῶ;
433 2928 489 2960 Ai.
535 2924 592 2960 61.
620 2922 628 2936 '
647 2925 775 2975 καρίων
794 2925 880 2972 ὑπὲρ
906 2925 1086 2972 πελαγέων
1105 2925 1222 2972 μολών
1242 2925 1310 2960 702

288 2975 341 3008 ch.
390 2973 476 3019 ’μᾶς
502 2972 592 3009 πολὺ
619 2972 769 3021 πέλαγος
799 2973 899 3020 ὁρίζῃ
923 2972 1196 3019 τῆςὉδυσσέως
1221 2975 1309 3013 νεώς

288 3022 349 3054 Ph.
370 2984 452 3055 636.
473 3039 515 3046 -
549 3026 566 3060 u
584 3022 809 3055 Tralationem
828 3023 894 3054 duo
912 3023 1071 3063 exempla
1086 3023 1224 3055 habent.
1253 3023 1307 3054 Ab

288 3070 405 3101 itinere
420 3070 588 3102 maritimo
606 3070 759 3102 faciendo
775 3074 949 3110 sumptum
973 3067 1097 3106 κείνοις
1121 3067 1309 3112 (Thebanis

288 3116 458 3158 Oedipum
482 3117 517 3148 vi
539 3111 656 3149 dolove
682 3117 722 3149 ad
748 3126 784 3148 se
802 3115 1017 3160 repetitur-is]
1033 3114 1225 3162 φανήσεται
1242 3129 1310 3161 μα-

288 3161 371 3208 κρὸν
388 3161 426 3196 τὸ
444 3161 545 3210 δεῦρο
571 3161 738 3209 πέλαγος,
772 3161 853 3201 οὐδὲ
877 3161 1056 3208 πλώσιμον
1085 3163 1140 3196 OC
1167 3160 1247 3195 663.
1268 3165 1310 3196 de

290 3212 464 3243 conamine
484 3211 615 3243 dictum
633 3210 769 3253 difficili
786 3210 830 3243 ad
847 3211 1104 3252 exsequendum.
1147 3211 1310 3243 Memorat

291 3267 425 3289 versum
455 3257 576 3290 Suidas
604 3269 635 3290 v,
664 3254 855 3302 πλώσιμον.
895 3258 926 3289 Α
944 3259 1124 3290 iactatione
1139 3259 1243 3291 maris
1259 3259 1311 3290 di-

290 3307 381 3336 ctum
402 3297 477 3349 μέγ’
494 3301 560 3352 ἄρα
577 3302 727 3351 πέλαγος
745 3302 914 3351 ἐλαχέτην
931 3316 962 3340 τι
979 3304 1034 3337 OC
1051 3301 1152 3337 1746.
1174 3305 1216 3337 de
1233 3315 1310 3347 per-

290 3352 401 3392 pessis
419 3351 532 3391 gravia
547 3352 702 3384 fortunae
719 3352 817 3384 mala.
836 3370 877 3375 —
899 3351 970 3394 [Bis
989 3353 1118 3395 patitur
1131 3349 1310 3393 πελαγέων

292 3398 466 3441 synizesin
493 3399 575 3432 Ant.
605 3395 685 3432 966.
713 3397 768 3432 Αἰ.
792 3395 881 3440 702,
913 3399 1038 3440 quibus
1065 3399 1146 3431 locis
1168 3401 1247 3431 solis
1273 3401 1310 3431 in

1356 232 1487 265 melicis
1506 233 1643 275 quidem
1662 233 1766 275 Soph.
1792 235 2023 276 anapaesticas
2040 244 2139 268 voces
2156 236 2231 276 syn·
2252 234 2263 240 ’

1356 279 1463 321 fecit]
2094 282 2140 325 (11
2155 280 2263 325 125⁴&-

1427 319 1611 367 Πελόιζω
1637 323 1726 371 (dio).
1763 328 1778 370 ΙΙ
1795 329 2019 362 Intransitive
2041 331 2182 371 approp'
2213 344 2218 357 ι
2258 350 2262 356 .

1355 373 1443 406 cedo.
1479 372 1588 420 ταύτῃ
1607 372 1746 414 πελάζει
1761 373 1935 421 ναυβάτης
1953 373 2065 415 οὐδεὶς
2090 374 2180 412 ἑκών
2256 410 2266 414 ,,

1355 422 1504 462 appellit.
1525 421 1610 468 πρὸς
1628 418 1732 462 θεῶν,
1754 420 1926 456 πέλασσον
1954 420 2042 456 1163
2068 425 2122 459 ch.
2150 426 2258 458 recte·

1355 466 1523 512 πρόσελθε
1538 496 1545 510 ,
1580 479 1659 501 nam
1675 467 1826 504 πελάταν
1842 496 1849 510 ,
1871 471 1958 512 quod
1983 472 2157 512 sequitur,
2190 469 2265 507 nooe'

1354 513 1480 550 λασσον
1516 516 1577 548 sed
1609 517 1649 549 ab
1681 513 1762 550 εἴτι
1796 515 1886 562 σέβει
1913 519 2053 559 regitur.
2090 515 2190 566 εἴρξω

1354 561 1451 609 *σῆς
1475 561 1606 608 πάτρας
1635 560 1737 596 1407.
1773 563 1914 607 [delevit
1942 569 2094 598 extrema
2121 567 2222 599 verba
2261 562 2267 564 .

1355 605 1417 643 αἵδ’
1451 608 1540 655 ὁμοῦ
1571 608 1766 655 πελάζομεν
1795 611 1850 644 OC
1871 609 1971 644 1107.
2013 610 2170 652 πελάζειν
2197 611 2234 653 ἐς
2253 618 2262 622 ‘

1353 655 1480 695 τόπους
1501 654 1588 690 1761
1616 668 1669 690 an.
1708 655 1772 703 ἐμὲ
1869 656 1974 706 οὐρίῳ
2006 659 2055 707 μὴ
2082 658 2227 695 πελάσαι

1354 705 1408 736 Ai.
1432 702 1499 737 889
1513 706 1564 737 ch.
1587 703 1706 751 δρόμῳ
1724 707 1977 738 instrumentali
1997 717 2076 739 casu
2095 707 2237 741 dictum.
2267 747 2268 750 Ἴ

1354 750 1404 797 μὴ
1431 749 1687 798 εὐθυδρομῆσαι
1712 750 1760 790 εἰς
1788 751 1826 786 τὸ
1851 756 1914 799 τῆς
1940 751 2116 800 ζητήσεως
2140 752 2244 802 μέρος
2265 781 2267 785 «

1354 797 1372 833 ὁ
1390 795 1479 837 Αἴας
1498 796 1684 845 ἐποιήσατο
1712 799 1776 846 τὴν
1806 798 1951 846 ἔφοδον,
1981 804 2014 834 et
2041 801 2091 848 μή
2122 800 2216 836 ἐπιτε
2255 816 2257 818 ·

1352 857 1407 880 ναι
1431 844 1537 893 αὐτῷ.
1567 865 1608 870 -
1651 847 1665 889 ΙΙ
1695 847 1886 880 Transitive
1907 850 2049 890 propius
2073 849 2270 892 admoveo‚‚·

1352 897 1389 926 ut
1406 894 1552 927 accedat.
1597 893 1689 941 φυγᾷ
1718 892 1752 940 μ’
1782 889 1892 929 οὐκέτ’
1921 893 1980 930 ἀπ’
2003 892 2132 930 αὐλίων
2157 894 2244 931 πελ
2258 897 2270 924 -”

1355 938 1446 973 1150
1464 941 1515 973 ch.
1547 941 1649 973 schol.
1679 940 1752 975 ἀντὶ
1775 945 1835 976 τοῦ
1871 940 2024 978 οὐκέτι
2049 940 2270 989 φεύξεσθ.

1354 986 1468 1022 οὐκέτι
1503 987 1588 1034 μετὰ
1622 991 1734 1035 φυγῆς
1767 989 1826 1024 καὶ
1867 988 1976 1036 φόβου
2010 988 2210 1038 προσπελάζ
2235 991 2247 996 ”

1353 1036 1444 1068 Haec
1473 1045 1549 1068 cum
1578 1038 1695 1078 inepta
1722 1038 1810 1078 sint,
1848 1038 1984 1070 Canter.
2012 1035 2134 1084 μηκέτ’
2162 1033 2223 1074 ἀπ’
2246 1061 2251 1069 .

1354 1081 1472 1124 ἐλᾶτε,
1505 1083 1618 1126 [quem
1645 1089 1782 1116 secutus
1806 1085 2019 1119 Heimsoeth.
2047 1088 2172 1132 φυγαῖς
2198 1098 2216 1121 ο
2250 1106 2260 1122 ,ι

1354 1128 1408 1164 αὐ.
1430 1128 1530 1164 ἐλᾶτε
1549 1132 1701 1172 scripsit,
1732 1132 1821 1173 quod
1846 1133 1950 1165 Dind.
1972 1129 2134 1177 recepit]
2157 1134 2252 1168 Eris

1354 1175 1454 1212 ἐλᾶτε
1473 1179 1527 1210 vel
1544 1180 1670 1225 περᾶτε
1689 1180 1917 1220 coniecerunt,
1938 1180 2067 1213 Buttm.
2090 1179 2126 1225 μ’
2137 1191 2197 1224 pro
2248 1208 2250 1210 ,
2272 1194 2274 1196 -

1354 1229 1393 1257 ut
1417 1225 1569 1267 videtur,
1598 1231 1692 1258 ratus
1717 1226 1760 1259 ad
1788 1237 1840 1259 me
1867 1228 2175 1270 appropinquabitis
2191 1238 2223 1262 e
2255 1236 2257 1238 ·

1353 1273 1501 1314 pessime
1527 1274 1678 1306 omnium
1704 1274 1850 1307 Brunck.
1881 1273 2008 1308 πελᾶτε
2032 1267 2261 1318 imperativj?

1351 1321 1499 1362 putavit.
1528 1322 1632 1353 Recte
1645 1321 1760 1353 Herm.
1782 1331 1851 1354 non
1868 1323 2013 1364 amplius
2035 1323 2122 1364 fuya
2139 1326 2208 1356 vest
2232 1318 2261 1351 ,1-

1353 1371 1448 1400 antro
1474 1377 1544 1400 meo
1570 1368 1613 1400 ad
1641 1378 1698 1400 vos
1723 1368 1914 1408 adducetis;
1941 1370 2130 1402 sectabatur
2154 1371 2257 1411 enim

1353 1425 1439 1456 quae
1464 1415 1506 1447 ad
1533 1419 1668 1448 antrum
1687 1416 1883 1449 accedentes
1901 1417 1976 1458 ipso
1993 1421 2176 1460 conspectu
2224 1432 2229 1447 ι

1356 1462 1422 1494 Sed
1455 1459 1595 1502 πελάζω
1630 1464 1761 1503 origine
1794 1465 2016 1496 transitivum
2048 1474 2123 1497 esse
2147 1475 2214 1498 non
2239 1462 2248 1467 ⁸

1353 1510 1567 1551 Hermanno,
1597 1520 1660 1542 nec
1683 1511 1718 1542 id
1744 1521 1787 1543 ex
1815 1512 2058 1544 inclinamento
2075 1513 2185 1546 *verbo
2209 1522 2246 1546 ο

1357 1556 1419 1603 [μή
1449 1555 1524 1591 ποτ’
1612 1555 1739 1604 ἀψεγὲς
1769 1556 1875 1591 πελᾶν
1903 1556 2005 1605 τέρας
2034 1555 2255 1598 E1.497c11¹

1352 1602 1502 1648 πελάω.]
1525 1624 1567 1629 -
1587 1605 1674 1637 Cum
1692 1606 1799 1646 figura
1815 1607 1946 1639 dictum
1962 1607 2022 1641 νῦν
2040 1605 2133 1653 πάρα
2149 1604 2246 1646 λευκ

1354 1663 1458 1697 μερον
1477 1650 1624 1686 πελάσαι
1642 1652 1730 1699 φάος
1748 1650 1841 1687 θοῶν
1860 1652 2029 1687 ὠκυάλων
2047 1658 2135 1688 νεῶν
2153 1655 2207 1688 Ai.
2244 1681 2246 1684 ,

1351 1699 1512 1732 redonare
1538 1703 1805 1741 prosperitatem.
1836 1718 1875 1725 —
1915 1701 2004 1734 Hinc
2029 1703 2207 1742 passivum
2227 1728 2238 1742 .·

1352 1744 1514 1792 σθῆναι
1540 1748 1756 1780 intransitive
1774 1749 1909 1781 dicitur.
1937 1745 2078 1795 Χρύσης
2097 1745 2259 1789 ‘stt-:Meis

1350 1793 1457 1831 λακος
1475 1794 1535 1826 Ph.
1560 1791 1661 1827 1327.
1690 1793 1907 1841 πελασθῆναι
1985 1794 2041 1830 ἐπὶ
2065 1794 2122 1830 τὸν
2147 1793 2215 1832 ἀπό
2234 1793 2248 1823 ³·

1350 1839 1447 1879 θεοῖς
1465 1839 1544 1876 θεόν
1562 1842 1620 1875 OR
1637 1839 1706 1875 213
1724 1844 1776 1874 ch.

1420 1884 1567 1927 Πέλᾶς
1588 1899 1702 1930 prope.
1747 1890 1761 1932 ΙΙ
1786 1890 1924 1932 Proprie
1948 1891 2077 1923 dictum
2101 1891 2144 1923 de
2168 1891 2252 1924 loe

1373 1947 1409 1969 ον
1429 1935 1467 1982 ὀγ
1499 1934 1567 1970 εύει
1591 1934 1689 1970 τόνδε
1713 1935 1821 1975 πέλας
1838 1948 1904 1971 που
1929 1938 1990 1970 Ph.
2014 1935 2080 1971 163
2099 1948 2152 1970 an.
2187 1935 2247 1977 εἰι

1362 1995 1412 2021 ιας
1429 1949 1597 2020 Ὀδιυσσέα
1614 1982 1792 2041 στείχοντα
1872 1982 2012 2019 ἐλεύσσο
2043 1996 2077 2019 εν
2100 1981 2200 2018 1219.
2236 1983 2250 1998 ·“

1348 2028 1411 2069 λας
1429 2029 1458 2078 γ’
1476 2029 1558 2077 ὁρᾷς
1576 2029 1658 2076 (ἐμὲ
1674 2042 1732 2065 τον
1747 2027 1938 2075 Ὀδυσσέα)
1966 1997 2069 2065 129ιὸ.
2107 2030 2192 2078 ἐμοῦ
2208 2043 2238 2080 γ>

1349 2090 1407 2116 τος
1426 2076 1581 2123 οὐδαμοῦ
1599 2076 1707 2117 πέλας
1724 2080 1783 2112 OR
1796 2077 1877 2112 565.
1900 2078 1959 2113 ἰὼν
1977 2077 2084 2118 πέλας
2099 2078 2227 2127 μητρὸς

1349 2136 1386 2158 τε
1404 2124 1486 2159 782.
1515 2123 1562 2159 ὅτ’
1588 2119 1796 2172 ᾖκελεύθου
1820 2120 1914 2172 τῆσδ’
1943 2124 2134 2174 ὁδοιπορῶν

1350 2170 1447 2216 ὑμῶν
1465 2177 1533 2206 τῶν
1552 2173 1782 2218 παρεστώτων
1801 2171 1908 2213 πέλας
1930 2171 2030 2206 1047.
2058 2172 2165 2212 πέλας
2181 2171 2259 2221 γιὶςἸ

1348 2218 1445 2253 τόνδε
1462 2219 1528 2267 νῷν
1549 2218 1620 2265 ὁρῶ
1638 2221 1693 2253 OC
1711 2218 1768 2253 29.
1806 2221 1853 2258 ὡς
1871 2219 1959 2266 ἐμοῦ
1986 2219 2096 2267 μόνης
2114 2219 2234 2262 πέλας,

1350 2278 1412 2313 σης
1430 2265 1488 2300 83.
1518 2263 1593 2300 ὥστ’
1617 2265 1732 2301 ἐλθεῖν
1751 2265 1859 2306 πέλας
1874 2265 1953 2301 300.
1976 2279 2012 2302 σε
2030 2265 2251 2316 προσθέσθ’(,’

1347 2316 1466 2362 χώρας
1487 2313 1629 2350 θέλουσι
1653 2312 1734 2348 404.
1763 2317 1786 2348 i.
1817 2325 1847 2348 e.
1875 2314 2080 2355 κατοικίζειν
2106 2315 2140 2350 ἐν
2165 2316 2247 2351 τοῖ4

1350 2361 1444 2407 ρίοις.
1482 2360 1564 2407 ἔστη
1662 2360 1781 2396 κοίλου
1808 2360 1915 2401 πέλας
1937 2366 2111 2408 κραι’ρος
2131 2357 2244 2406 1593.

1349 2408 1366 2443 ὁ
1384 2407 1519 2447 κλεινὸς
1537 2407 1626 2456 αὐτῇ
1642 2408 1788 2455 νυμφίος
1815 2414 1932 2457 παρῶν
1959 2411 2012 2442 ΕΙ.
2057 2407 2115 2443 99.
2150 2408 2221 2444 ὄντ
2244 2427 2246 2430 r

1349 2454 1434 2491 σθου
1453 2454 1560 2495 πέλας
1579 2453 1659 2490 310.
1689 2456 1786 2504 ε’ίπερ
1803 2454 1847 2502 ἦν
1865 2455 1974 2495 πέλας
1991 2455 2071 2490 312.
2107 2457 2157 2491 τὼ
2175 2450 2205 2490 δ’
2224 2454 2243 2485 ff

1346 2515 1405 2537 τον
1424 2501 1531 2541 πέλας
1560 2501 1661 2537 1401.
1692 2502 1779 2550 αὕτη
1806 2501 1913 2542 πέλας
1933 2515 1992 2538 σου
2014 2502 2115 2537 1474.
2154 2501 2252 2541 οὐδὲ·1

1349 2550 1410 2631 μὴὶ
1424 2545 1562 2598 παρόντ’
1587 2550 1650 2631 ’ίδγγ
1675 2549 1782 2589 πέλας
1806 2552 1863 2583 Ai.
1884 2548 1941 2584 83.
1976 2549 2085 2590 πέλας
2103 2563 2140 2598 γε
2158 2563 2183 2586 π
2204 2555 2246 2585 ο-’

1348 2609 1392 2644 φυ
1410 2597 1556 2631 »άσσεται
1582 2597 1663 2632 53(.
1691 2601 1764 2636 τοῖς
1790 2596 1942 2632 ἄλλοισιν
1967 2595 2130 2646 Ἀργείων
2154 2611 2179 2634 π
2226 2621 2243 2635 ·.

1349 2643 1427 2678 774.
1458 2646 1689 2686 adsignificato
1707 2647 1846 2678 auxilio.
1889 2643 2023 2683 σταθεὶς
2040 2644 2148 2685 πέλας
2168 2645 2207 2680 11
2225 2651 2250 2690 ξ

1369 2695 1508 2731 υναῖκες
1533 2690 1612 2726 ἀντ’
1641 2691 1774 2738 ἀνδρῶν
1799 2690 1906 2731 πέλας
1930 2692 2120 2738 παρέστατε
2151 2690 2257 2737 118-

1345 2706 1365 2785 [ἶ
1374 2741 1514 2782 Aliquid
1539 2741 1751 2782 metaphorae
1777 2741 1812 2772 in
1837 2740 1890 2772 his
1914 2741 2006 2772 inest
2030 2741 2243 2783 exemplisg

1346 2785 1483 2832 θρόνοις
1514 2786 1787 2833 παραστατήσειν
1819 2790 1893 2824 τοῖς
1923 2784 2138 2834 Κρεοντείοις
2170 2783 2244 2824 πέν-

1347 2832 1427 2867 400.
1466 2833 1547 2868 ὅταν
1573 2832 1680 2873 πέλας
1705 2833 1774 2880 ἤδη
1798 2833 1855 2868 τὸν
1871 2827 2001 2881 (Ἀιδην
2028 2832 2185 2880 εἰσορῶσι
2239 2845 2243 2850 ·

1347 2883 1428 2914 Ant.
1451 2879 1531 2914 580.
1569 2883 1722 2914 Genitivi
1747 2886 1782 2915 et
1809 2882 1914 2914 dativi
1932 2882 2132 2924 discrimen,
2160 2883 2201 2916 de
2230 2903 2235 2907 ·

1347 2929 1497 2961 cundum
1523 2929 1660 2961 Pindari
1686 2939 1787 2962 usum
1811 2930 1881 2969 egit
1906 2930 2022 2962 Herm.
2051 2930 2092 2962 de
2117 2930 2194 2963 dial.
2214 2965 2222 2971 ,
2257 2951 2260 2958 ,

1347 2974 1380 3008 3.
1401 2986 1435 3017 p.
1456 2973 1536 3009 260.
1555 3002 1562 3017 ,
1590 2987 1643 3018 ap.
1665 2977 1766 3018 Soph.
1788 2977 1921 3009 nullum
1939 2980 2005 3008 est.
2027 2995 2130 3008 —-.—
2164 2976 2180 3020 η
2214 2974 2237 3005 21⁴

1348 3024 1504 3055 notabilis
1524 3025 1666 3056 formula
1696 3027 1747 3056 est
1765 3022 1806 3056 οἱ
1831 3021 1988 3063 πέλας,
2003 3025 2088 3056 alios
2105 3033 2195 3065 quoa
2212 3039 2226 3052 1-

1347 3071 1521 3111 lescunque
1546 3072 1759 3111 significans,
1783 3071 1879 3102 cuius
1897 3080 1941 3103 ex
1961 3070 2063 3112 Soph.
2085 3081 2210 3115 exemp,
2234 3075 2247 3102 ’ν

1347 3118 1398 3158 git
1415 3118 1534 3150 Elmsl.
1556 3119 1597 3149 ad
1614 3119 1704 3150 Med.
1727 3115 1784 3150 86.
1806 3118 1895 3149 idem
1913 3116 1931 3152 ὁ
1950 3115 2092 3156 πέλας
2118 3119 2186 3155 sin
2202 3110 2241 3146 ··'¹
2272 3120 2281 3146 ἒ

1347 3174 1438 3197 mero
1456 3165 1586 3196 dictum
1604 3166 1686 3197 adeo
1704 3166 1914 3205 infrequenti
1937 3175 2003 3197 usu
2021 3174 2095 3198 esse
2111 3161 2237 3198 obser

1347 3212 1437 3253 apud
1469 3214 1618 3244 scenicos
1648 3216 1737 3244 certe
1769 3213 1804 3243 in
1831 3212 1972 3243 dubium
1997 3213 2104 3244 vocari
2130 3214 2218 3245 recte

1347 3259 1589 3300 explicuerunt
1605 3260 1753 3291 Brunck.
1776 3260 1817 3290 ad
1833 3259 1917 3291 Ant.
1938 3255 2041 3300 479,
2071 3263 2107 3291 et
2130 3250 2237 3295 lut·
2286 3263 2288 3265 ’

1347 3306 1420 3345 cyd.
1452 3304 1490 3346 1,
1513 3303 1558 3338 32
1583 3304 1634 3349 (p.
1655 3302 1736 3339 242.
1766 3309 1791 3337 t.
1812 3303 1845 3338 7.
1867 3304 2005 3349 Popp.].
2047 3305 2160 3338 Huius

2285 3300 2288 3307 ι

1346 3354 1566 3394 reperiendae
1583 3354 1636 3384 via
1653 3356 1857 3384 monstratur
1877 3353 1944 3385 OC.
1965 3350 2046 3385 803.
2083 3350 2112 3385 εἰ
2137 3350 2176 3387 σὺ
2214 3369 2222 3384 ε.
2246 3359 2261 3361 “’
2284 3342 2288 3358 ⁴

1347 3397 1475 3434 πείθειν
1494 3398 1568 3438 οἷός
1585 3393 1613 3432 τ’
1631 3397 1660 3433 εἷ
1678 3399 1764 3445 μήτε
1782 3398 1904 3433 τούσδε
1920 3397 2000 3438 τοὺς
2018 3396 2144 3438 πέλας;
2172 3408 2188 3432 s
2207 3396 2235 3438 κ’,
2276 3407 2277 3410 ’

2257 3429 2287 3510 92
