2288 3600
163 119 262 168 520

163 233 309 281 οἰκτρῶς
328 233 346 270 ἔ
372 249 400 270 ω
419 236 474 268 Τι’.
499 233 601 268 1080.
622 237 684 269 τοῦ
711 233 820 274 αἰκῶς
838 234 984 283 οἰκτρῶς
1000 248 1037 270 τε
1056 235 1184 271 θανόν-

160 294 219 322 τος
230 284 285 316 ΕΙ.
302 281 368 317 10-
377 294 431 315 an.
452 287 520 317 τῶν
539 281 686 330 οἰκτρῶς
699 281 894 330 οἰχομένων
909 283 1038 331 γονέων
1056 282 1122 317 145
1134 295 1179 318 m.

233 339 372 387 Οἶμαι
405 354 436 374 v.
465 343 488 374 i.
517 339 647 387 οἴομαι.

233 398 420 448 Οἰμωγή
440 402 594 433 eiulatus.
624 398 862 448 ἀθυρόστομος
888 399 966 449 ἀχὼ
982 399 1066 447 τηλε
1096 403 1182 450 ανὴς

161 450 286 495 πικρᾶς
312 447 344 482 οἰ
375 450 467 495 ωγᾶς
493 442 548 482 ὕπ’
580 447 715 495 ὀχεῖται
740 450 801 481 Ph.
826 446 892 481 190
910 451 961 482 ch.
999 451 1041 482 cf.
1091 449 1178 497 χέω.

162 494 252 533 ἅπας
278 493 306 529 δ’
355 508 371 528 ν
400 495 584 542 υφήμησεν
610 493 748 542 οἰμωγῇ
772 493 860 533 λεώς
880 497 936 528 Τι.
958 494 1038 529 783.
1068 495 1182 531 πολλὰ

162 541 190 576 δ’
216 541 355 594 οἰμωγῇ
373 508 471 588 βοῶν
491 540 571 575 790.
593 537 776 597 ,ἐξῴμωξεν
804 541 959 588 οἰμωγὰς
976 541 1105 590 λυγράς
1122 547 1178 577 Ai.

161 588 242 623 317.
270 588 333 623 τίν’
349 589 401 624 ἀεὶ
417 588 533 627 τάκεις
545 588 594 623 ὧδ
621 587 807 636 ἀκόρεστον
826 589 981 636 οἰμωγὰν
998 591 1056 626 τὸν
1073 586 1182 639 Ἀγα-

162 636 317 683 μέμνονα
334 638 389 670 El.
413 635 479 670 123
499 638 550 669 ch.
572 647 649 669 cum
666 638 813 670 dictione
830 639 871 670 ad
889 648 1044 678 sensum,
1065 638 1182 677 τάκεις

158 686 268 766 Ξιὲἰιιέιν
279 682 434 732 οἰμωγὰν
467 681 713 731 Ἀγαμέμνονα
737 686 905 725 significat
931 685 1093 730 οἰμώζεις
1116 698 1182 732 τη-

162 744 477 872 67Ξοἕμωγμός
510 793 657 824 eiulatio.
715 785 778 825 ἔστ’
817 789 996 838 οἰμωγμός
1031 793 1072 825 fr.
1110 794 1176 826 inc.

234 864 424 944 Οἰμώζω
442 898 540 938 ezulo,
562 898 736 930 lamentor.
761 895 840 944 τάχ’
858 895 942 938 ἕξεις
973 896 1105 943 μᾶλλον
1129 897 1182 933 οἰ-

192 944 290 985 ώζειν
307 943 390 984 τάδε
407 944 464 977 OG
474 941 555 977 820.
586 943 667 979 ἰδὼν
687 938 712 977 δ’
732 942 750 978 ὁ
764 947 847 983 παῖς
870 940 1011 990 ὥμωξεν
1026 947 1079 978 Tr.
1097 943 1178 980 932.

164 958 295 1027 ξηανόντἱ
315 989 356 1026 ἂν
376 989 558 1037 οἰμώξειαν
579 991 614 1026 έν
652 990 740 1039 ὶρείᾳ
758 990 857 1038 δορός
875 979 955 1026 963.
986 991 1136 1038 οἰμώξας
1155 988 1179 1027 δ’

164 1038 248 1078 ἔπος
265 1037 340 1085 ἵησι
364 1035 601 1086 δυσθρήνητον
659 1044 708 1072 nt.
731 1037 834 1073 1210.
864 1039 1005 1086 στυγνὸν
1031 1038 1182 1085 οἰμώξας

166 1085 267 1121 1226.
302 1085 362 1122 καὶ
389 1085 439 1124 δὶς
465 1083 611 1132 οἰμῶξαι
635 1088 691 1119 Ai.
713 1083 793 1119 940.
827 1090 886 1122 νῦν
905 1087 1184 1181 ἅίΙμῙιξιξέιεῃπαὲρῖ

999 1161 1005 1167 .
1099 1162 1106 1178 ,
1156 1163 1162 1169 .

236 1201 310 1240 Οἰν
322 1202 369 1238 σίν
381 1202 446 1250 θη.
466 1202 490 1250 ἡ
509 1216 534 1238 π
557 1204 630 1251 ώτη
649 1203 791 1250 ἔκφυσις
807 1208 871 1251 τῆς
890 1203 1062 1251 ἀμπέλου.
1086 1207 1179 1239 Suid.

162 1253 302 1290 Rectius
324 1255 388 1298 τῆς
422 1262 531 1299 σταφυ
556 1255 613 1299 ῆς.
655 1253 755 1285 Haud
785 1253 888 1285 dubie
919 1258 1009 1286 recte
1039 1255 1179 1287 Barnes.

163 1301 250 1333 coni.
277 1297 549 1345 κεκλημάτωται
572 1304 689 1347 χῶρος
715 1297 879 1346 οἰνάνθης
898 1298 1004 1346 δέμας
1040 1302 1178 1341 Thyest.

163 1349 206 1380 fr.
221 1343 302 1388 239,
323 1344 358 1385 4.
387 1357 447 1389 pro
466 1344 621 1388 εύανθές,
644 1348 732 1389 quod
751 1348 878 1388 legitur
894 1358 947 1390 ap.
970 1348 1073 1381 schol.
1094 1349 1178 1381 Eur.

163 1395 291 1427 Phoen.
308 1391 377 1429 227
393 1391 480 1437 (235
497 1393 646 1438 Valck.).
683 1395 749 1428 Sed
765 1399 941 1437 praeterea
968 1397 1183 1428 scribendum

162 1439 342 1488 χλωρόν
368 1451 445 1473 cum
469 1442 612 1482 Bergkio
638 1451 756 1474 comm.
794 1443 835 1475 de
862 1442 1034 1485 Sophoclis
1060 1445 1179 1484 fragm.

163 1499 198 1532 p.
221 1486 276 1521 12.
292 1501 299 1521 :
316 1490 426 1530 primo
442 1498 574 1529 yermen
590 1489 699 1523 viride
715 1499 801 1522 uvae
818 1490 962 1530 somnam
981 1492 1111 1532 accipit.

162 1133 227 1182 τὴν
245 1133 307 1180 σὴν
327 1132 504 1181 ξυμφοράν
531 1135 585 1167 ΕΙ.
607 1131 688 1167 789.

1007 116 1146 184 Οἶμαι
1173 149 1234 158 —
1265 119 1374 176 Οἷος

1913 130 1963 180 [ιι
1971 145 2005 179 p.
2021 131 2241 183 296-298.]

1292 234 1441 284 Οἰνώψ
1471 239 1612 271 colorem
1635 241 1707 272 υἰπί
1727 237 1970 286 (purpureum)
1993 242 2136 278 habens.
2175 242 2235 278 τὸν

1221 279 1340 319 οἰνῶπ’
1365 283 1538 332 ἀνέχουσα
1568 285 1685 320 κισσόν
1708 287 1764 320 OC
1782 284 1851 320 674
1868 289 1919 321 ch.
1956 290 2114 332 Plerique
2137 291 2232 325 codd.

1220 337 1260 364 ut
1277 334 1336 364 LA
1354 330 1484 373 οἴνωπ’,
1505 334 1605 375 pauci
1622 332 1760 376 οἰνῶπ’;
1790 335 1911 368 Suidas
1929 347 1960 369 V.
1981 330 2034 370 ἄν’
2049 334 2109 376 οὖς
2126 335 2230 385 ἔχων,

1220 391 1238 413 ο
1249 377 1289 412 ’ίν
1300 374 1375 420 οπ’,
1404 381 1532 411 scilicet
1549 381 1783 414 Homericum:
1813 387 1895 415 sunt
1911 384 2025 424 etiam,
2053 386 2114 426 qui
2131 385 2235 420 οἰνώ-

1219 438 1286 460 παν
1301 425 1430 473 ἔχουσα
1447 427 1643 469 exhibeant,
1663 429 1753 470 libri,
1773 430 1864 462 unde
1881 431 1958 471 quis
1977 429 2125 466 οἰνωπόν
2142 435 2236 465 coni-

1220 475 1310 506 iciat.
1334 465 1386 519 [v.
1409 484 1435 506 s.
1456 472 1602 522 ἀνέχω].
1640 475 1799 508 Ceterum
1826 479 2046 517 niyricantem
2069 480 2233 522 Brunck.,

1220 522 1260 554 de
1279 523 1386 561 figura
1412 522 1569 553 foliorum
1587 526 1622 554 et
1640 524 1812 555 fructuum
1836 522 1935 567 (num
1953 525 2054 558 habet
2070 526 2193 559 hedera
2202 526 2235 571 2)

1220 570 1281 600 viti
1306 573 1340 600 et
1365 578 1451 600 uvae
1477 569 1638 601 similium
1657 571 1814 604 Doederl.
1843 572 2097 614 interpretatur.
2121 592 2163 599 -
2182 572 2237 608 οἰ-

1219 619 1318 649 νῶπα
1335 612 1479 662 Βάκχον
1494 615 1552 648 OR
1565 613 1632 649 211
1648 618 1699 649 ch.
1716 619 1889 659 pampinis
1903 622 1933 650 et
1950 621 2026 652 uvis
2043 625 2237 654 coronatum

1219 667 1258 695 ut
1275 673 1357 704 quas
1376 664 1454 696 vitis
1469 664 1617 704 speciem
1634 666 1768 697 referat.
1792 683 1832 689 -
1855 666 1904 698 De
1922 670 2000 698 tono
2018 678 2050 700 V.
2071 665 2232 715 ἀγλαώψ.

1290 729 1317 768 O
1331 731 1366 767 ἰο
1377 731 1395 778 β
1406 734 1496 779 ώτη
1507 745 1522 771 ς
1539 736 1674 766 seorsim
1688 746 1840 776 pascens.
1859 738 1919 770 νῦν
1937 734 1965 770 δ’
1982 735 2025 771 αὖ
2042 736 2166 784 φρενὸς
2185 736 2238 772 οἰ-

1218 779 1351 826 οβώτας
1368 782 1425 813 Ai.
1446 779 1514 813 615
1532 782 1584 814 ch.
1606 783 1653 814 sic
1670 783 1740 815 LA.
1779 784 1873 816 Libri
1891 785 2045 826 plerique
2062 783 2233 830 οἰοβότας.

1218 829 1368 860 Pessime
1386 829 1486 860 Tricl.
1510 826 1689 874 οἰωβότας.
1725 830 1789 862 Est
1805 840 1883 863 Vero
1907 841 2003 864 suam
2027 836 2169 865 mentem
2184 843 2236 865 se-

1217 877 1318 907 orsim
1339 885 1479 917 pascens
1500 877 1535 908 id
1552 880 1604 908 est
1628 887 1804 918 seyreyano
1828 889 1849 911 a
1872 882 2052 911 ceterorum
2075 881 2234 921 comitiis,

1220 924 1379 955 inusitata
1393 925 1594 965 pertinacia,
1621 935 1653 956 V.
1676 925 1820 957 Lobeck.
1959 924 2009 970 [11
2025 936 2059 968 p.
2080 923 2161 968 298,
2182 924 2238 972 2.)

1291 977 1318 1016 Ο
1331 980 1519 1021 ἰόζωνος
1546 983 1648 1016 solus.
1684 977 1778 1028 ἄνδρ’
1809 981 1855 1017 ἕν’
1880 982 2044 1023 οἰόζωνον
2077 985 2136 1018 OR
2151 981 2233 1019 846.

1219 1028 1327 1062 Schol.
1359 1028 1566 1074 μονόζωνον,
1588 1028 1706 1074 μόνον.
1736 1031 1881 1071 Hesych.
1904 1029 2125 1075 μονόστολον,
2146 1033 2238 1066 hunc

1218 1077 1329 1109 locum
1355 1078 1559 1118 respiciens,
1591 1081 1625 1109 et
1649 1082 1759 1119 recte,
1781 1088 1858 1111 nam
1883 1076 2134 1118 ζώννυσθαι
2158 1089 2236 1122 pro-

1219 1125 1441 1156 ficiscentium
1460 1128 1524 1167 est,
1545 1129 1584 1157 ut
1600 1134 1667 1157 non
1685 1127 1809 1167 solum,
1831 1126 1890 1158 sed
1908 1127 2016 1159 solum
2033 1128 2094 1159 iter
2109 1126 2238 1168 facien·

1220 1174 1285 1203 tem
1304 1172 1483 1212 significet.

1290 1227 1364 1263 Οἴο
1377 1242 1401 1275 μ
1412 1241 1463 1263 αι.
1487 1233 1581 1271 puto.
1619 1230 1818 1273 Quanquam
1835 1232 1968 1273 plenior
1983 1233 2042 1264 illa
2059 1233 2164 1266 forma
2180 1244 2233 1277 ap.

1220 1277 1322 1319 Soph.
1343 1287 1409 1310 non
1437 1279 1571 1319 legitur,
1601 1281 1697 1310 extra
1722 1288 1829 1311 unum
1846 1279 1955 1311 locum
1972 1279 2028 1312 00
2045 1277 2103 1313 28.
2136 1281 2238 1314 Prae-

1219 1329 1311 1356 terea
1330 1325 1482 1367 Sophocli
1500 1335 1566 1357 non
1580 1326 1729 1358 flectitur
1745 1327 1835 1358 ultra
1851 1328 2100 1368 imperfectum.
2122 1328 2239 1361 Usita—

1220 1373 1351 1404 tissima
1368 1373 1452 1404 ratio
1470 1377 1522 1405 est
1536 1370 1815 1418 διαβεβαιωτική,
1835 1384 1866 1405 V.
1880 1374 2053 1406 Benseler.
2074 1376 2115 1407 ad
2132 1376 2233 1408 Isocr.

1219 1420 1344 1461 Areop.
1365 1430 1399 1461 p.
1421 1417 1478 1452 75.
1508 1417 1606 1464 οἶμαι
1625 1419 1688 1463 μὲν
1707 1418 1825 1466 ἀρκεῖν
1844 1418 1897 1454 σοί
1913 1432 1951 1467 γε
1968 1419 2051 1468 ἀλγ’
2064 1433 2156 1466 ματα
2172 1423 2233 1455 Ph.

1219 1463 1300 1499 339.
1331 1463 1428 1511 οἶμαι
1445 1465 1510 1513 γὰρ
1530 1461 1601 1500 οὐδ’
1619 1465 1660 1501 ἂν
1678 1465 1785 1501 ἄλλον
1802 1465 1926 1512 τλῆναι
1941 1466 2023 1502 τάδε
2035 1432 2123 1502 636.
2143 1467 2240 1516 οἶμαι

1220 1515 1281 1547 σοῦ
1304 1512 1427 1547 κάκιον
1453 1512 1553 1548 οὐδὲν
1580 1511 1621 1548 ἂν
1646 1513 1778 1548 τούτων
1800 1514 1978 1560 κρατύνειν
2004 1513 2105 1549 1058.
2141 1515 2239 1563 οἶμαι

235 1555 393 1597 Οἰνεύς
421 1569 456 1592 n.
481 1570 532 1601 pr.
555 1558 770 1605 [cognomini
795 1561 928 1593 fabulae
956 1561 1039 1593 duas
1063 1562 1184 1593 tribuit
1219 1559 1282 1600 μὲν
1301 1555 1410 1594 οὐδέν’
1426 1559 1534 1595 ἄλλον
1552 1559 1671 1606 (εἶναι)
1686 1563 1744 1594 ΟΒ
1764 1559 1866 1594 1051.
1887 1560 1987 1607 οἶμαι
2011 1561 2076 1609 γὰρ
2101 1560 2170 1598 οὔτ’
2195 1561 2237 1598 ἂν

162 1608 344 1650 particulas
377 1609 419 1639 ab
449 1608 617 1647 Hesychio
649 1611 798 1639 servatas
830 1608 935 1640 Dind.
972 1610 1013 1640 fr.
1041 1606 1110 1640 416
1129 1619 1179 1650 sq.
1216 1602 1347 1654 Ἴστρον
1364 1606 1459 1655 νίψαι
1478 1605 1580 1642 1227.
1610 1607 1726 1654 οἴομαι
1743 1607 1781 1642 δὲ
1805 1607 1877 1643 δεῖν
1895 1608 1995 1643 οὐδέν
2013 1611 2069 1643 OC
2087 1608 2146 1643 28.
2173 1609 2196 1644 ἀ
2218 1629 2238 1636 -

164 1654 264 1687 Certo
288 1655 414 1694 legitur
437 1664 561 1687 nomen
583 1656 620 1687 in
643 1655 810 1695 particula
836 1666 854 1686 a
877 1656 1065 1687 Philodem.
1104 1655 1183 1700 περὶ
1199 1653 1202 1711 ι
1218 1658 1293 1689 κεῖν
1313 1653 1409 1700 οἶμαι
1430 1654 1510 1700 μίαν
1520 1653 1646 1713 ,ψυχ-,ὴν
1663 1651 1737 1690 τάδ’
1756 1654 1954 1690 ἐκτίνουσαν
1971 1654 2052 1690 498.
2073 1656 2155 1692 οὐδὲ
2170 1622 2236 1704 ἰ-ἕν

162 1699 275 1747 εύσεβ.
296 1711 330 1743 p.
351 1698 386 1742 2,
406 1698 453 1734 22
478 1702 655 1743 Gomperz.
682 1706 824 1734 servata.
853 1713 885 1733 v.
901 1700 1084 1747 ἡλιωπός].
1120 1699 1182 1738 Οἰ-
1219 1701 1346 1748 πατρὸς
1371 1701 1444 1783 spu&

162 1747 251 1787 νέως
266 1747 370 1787 τόκος
387 1745 518 1787 Τυδεύς
537 1749 592 1782 OG
613 1746 714 1782 1315.
743 1748 872 1795 πατρὸς
892 1748 954 1794 μὲν
973 1748 1008 1783 ἐν
1027 1748 1181 1795 δόμοισιν
1220 1748 1375 1795 έμμίξειν
1397 1749 1412 1782 1

1046 1800 1111 1831 παῖ
1126 1797 1182 1844 γέ-
1220 1795 1325 1842 μέλον
1356 1795 1491 1844 πέμψαι
1523 1798 1577 1831 ΕΙ.
1605 1795 1686 1830 459.
1725 1809 1823 1843 οιμαι

522 1869 528 1876 .
549 1843 608 1878 τὸν
627 1840 757 1881 Οἰνέως
774 1842 887 1890 γάμον
906 1841 986 1876 792.
1009 1846 1182 1877 matrimo-
1216 1855 1293 1878 τινα
1318 1841 1400 1877 932.
1430 1843 1483 1878 σοὶ
1512 1842 1627 1889 μέλειν
1654 1842 1751 1890 οἶμαι
1781 1842 1847 1877 144
1876 1871 1882 1878 .
1909 1864 1957 1870 -
1981 1844 2152 1894 ὑπέσχετο
2175 1845 2235 1881 τὸν

163 1793 295 1834 Οἰνέως
314 1797 370 1828 Τι’.
389 1793 422 1828 6.
451 1793 644 1842 Δ,άνειραν
663 1792 793 1834 Οἰνέως
810 1795 917 1842 κόρην
935 1794 1016 1830 405.

163 1855 282 1890 ροντος
302 1840 430 1881 Οἰνέως
449 1808 517 1877 569

161 1892 258 1924 nium
282 1901 359 1923 cum
385 1892 459 1924 eius
485 1892 566 1924 fllia.

1445 1702 1488 1748 ὴν
1516 1715 1556 1737 αν
1585 1715 1682 1748 οιμαι
1706 1702 1877 1738 ἀντειπεῖν
1895 1701 1976 1737 999.
2006 1702 2104 1750 οἶμαι
2121 1702 2237 1752 Θησέα

1442 1748 1488 1783 54
1505 1751 1556 1783 ch.
1587 1748 1684 1795 οἶμαι
1710 1750 1772 1796 μὲν
1796 1748 1876 1792 οὖν,
1906 1748 2002 1797 οἶμαί
2026 1763 2060 1785 τι
2083 1750 2235 1800 κάκείνῳ

1744 1795 1758 1807 ’
1880 1796 2001 1832 άλιστα
2032 1797 2236 1846 προσθεῖναί

593 1889 617 1936 ὴ
646 1888 799 1928 δολῶπις
817 1888 947 1929 Οἰνέως
965 1890 1054 1949 κόρη
1075 1890 1176 1925 1050.
1216 1886 1309 1939 ἄνδρ’
1322 1886 1492 1946 ’Ἀχαιοῖς
1515 1890 1613 1926 τόνδε
1631 1890 1799 1938 δηλώσειν
1815 1890 1908 1938 ἄγων
1922 1903 1929 1910 “
1958 1890 2064 1928 οἴοιτο
2082 1893 2145 1940 μὲν
2165 1892 2235 1939 μοί-

162 1935 216 1972 ἐπ’
241 1934 370 1976 Οἰνέως
394 1936 492 1984 γύαις
517 1939 658 1979 Meleag.
687 1939 728 1970 fr.
751 1935 832 1979 357,
856 1936 887 1972 1.
909 1956 951 1962 -
970 1950 1091 1974 τεκνον
1118 1936 1181 1975 Οἰ-
1216 1934 1300 1973 λιστ’
1317 1938 1474 1974 εκούσιον
1492 1937 1608 1984 λαβών
1624 1940 1687 1972 Ph.
1709 1936 1790 1974 617.
1810 1940 1882 1973 Alii
1897 1944 1974 1982 post
1992 1939 2067 1986 μέν,
2086 1942 2146 1973 alii
2159 1946 2235 1984 post

159 1984 247 2024 νέως
267 1985 322 2018 Τι’.
344 1982 426 2019 598.
447 1983 527 2019 665.

233 2036 441 2079 Οἰνῖοίδαι
458 2046 550 2077 urbs.
585 2037 761 2092 Ἀχελῷος
778 2042 835 2078 ἀπ’
854 2041 1014 2079 Οἰνιαδᾱν
1034 2046 1089 2078 Τι’.
1112 2043 1180 2078 510

161 2091 214 2124 ch.
235 2091 276 2124 ad
292 2091 477 2125 Acheloum
494 2093 576 2124 urbs
592 2093 668 2124 sita.

234 2146 481 2196 [Οἰνόμαος
515 2160 550 2184 ιι.
579 2160 630 2193 pr.
676 2150 726 2183 Eo
755 2152 892 2183 nomine
920 2153 1082 2193 inscripta
1110 2155 1181 2184 erat

161 2197 263 2239 Soph.
292 2199 424 2239 fabula,
455 2199 552 2230 cuius
577 2209 610 2230 V.
639 2199 681 2230 fr.
709 2195 896 2231 418—422
922 2209 975 2241 ap.
998 2200 1102 2231 Dind.
1133 2201 1175 2231 cf.

161 2238 413 2291 Ἱπποδάμεια.]

233 2312 366 2354 Οἶνος
383 2317 512 2348 vinum.
540 2314 608 2361 [De
625 2317 666 2348 fr.
687 2317 753 2348 inc.
774 2313 840 2348 901
861 2318 894 2348 b.
916 2327 947 2348 V.
964 2327 991 2348 s.
1012 2314 1178 2362 κριθάω.]

167 2362 372 2404 compotatio
387 2363 657 2404 adsignificatur:
687 2360 776 2409 ἀνὴρ
794 2361 1049 2409 ὑπερπλησθεὶς
1067 2361 1180 2409 μέθης

160 2408 264 2444 καλεῖ
279 2408 359 2457 παρ’
375 2407 458 2457 οἴνῳ
476 2411 534 2444 OR
552 2407 630 2443 780.

1218 1984 1365 2031 μάλιστα
1389 1987 1603 2019 inciderunt:
1633 1987 1718 2018 mihi
1743 1988 1836 2019 nulla
1861 1988 2091 2030 interpunctio
2108 1989 2231 2030 placet,

1217 2044 1280 2066 nec
1303 2035 1339 2066 in
1363 2035 1416 2066 his
1443 2043 1528 2076 quae
1556 2034 1773 2066 contulerunt
1789 2035 1906 2067 Herm.
1933 2035 1975 2067 ad
1991 2036 2068 2076 Vig.
2097 2045 2131 2077 p.
2149 2032 2232 2069 885.

1217 2081 1335 2113 Matth.
1353 2083 1389 2113 in
1407 2091 1470 2122 gr.,
1489 2081 1618 2114 Schaef.
1640 2082 1718 2113 mel.
1736 2091 1780 2114 cr.
1793 2091 1829 2123 p.
1846 2078 1913 2114 102
1925 2082 2108 2124 quidquam
2124 2083 2235 2115 simile

1216 2130 1318 2161 inest.
1362 2129 1417 2160 Ex
1451 2126 1622 2175 ὑπέσχετο
1655 2129 1795 2161 verbum
1825 2130 2010 2169 generatim
2038 2130 2234 2170 significans

1217 2173 1341 2222 ἔλεγε
1366 2177 1628 2216 desumendum,
1658 2176 1781 2208 deinde
1807 2177 1848 2208 ab
1871 2177 2041 2208 infinitivo
2065 2174 2233 2223 δηλώσειν

1216 2225 1319 2255 oratio
1337 2224 1477 2255 liberius
1494 2224 1534 2255 ad
1553 2224 1740 2264 optativum
1757 2224 1916 2255 orationis
1941 2224 2094 2265 obliquae
2111 2225 2234 2257 omisso

1217 2270 1263 2308 ὡς
1282 2271 1335 2302 vel
1354 2268 1406 2303 ὅτι
1430 2271 1592 2310 defluxit,
1621 2280 1708 2312 quae
1734 2271 1870 2302 omissio
1896 2271 1964 2303 sola
1987 2272 2230 2313 memorabilis3

1215 2319 1368 2350 transitio
1386 2318 1477 2349 enim
1495 2319 1569 2359 ipsa
1580 2318 1749 2358 prosariis,
1770 2318 1926 2358 inprimis
1943 2319 2128 2350 oratoribus
2145 2318 2235 2351 haud

1215 2366 1428 2406 infrequens.
1453 2384 1493 2390 —
1522 2362 1602 2398 οὐδὲ
1628 2362 1759 2398 σθένειν
1784 2366 1946 2398 τοσοῦτον
1974 2359 2095 2422 ᾠόμην
2119 2363 2162 2398 τὸ.
2191 2363 2234 2399 σὰ

1215 2410 1421 2458 κηρύγματα
1439 2413 1519 2444 Ant.
1540 2409 1621 2444 453.
1649 2410 1700 2449 τίς
1717 2409 1757 2445 ἄν
1775 2409 1850 2445 ποτ’
1869 2403 1948 2456 ᾤεθ’
1973 2409 2021 2445 ὦδ
2050 2411 2233 2456 ἐπώνυμον

233 2462 456 2517 αἰῶ-λῦῃ
469 2481 497 2508 <—
514 2466 696 2518 οἰνοχὺτου
708 2469 874 2515 πώματος
889 2470 950 2502 Ph·
965 2467 1092 2502 715011,
1110 2471 1133 2502 i,
1146 2480 1175 2502 e·
1214 2458 1344 2503 τούμὸν
1371 2457 1532 2499 ξυνοίσειν
1558 2457 1668 2503 ὄνομα
1693 2460 1767 2496 τοῖς
1785 2457 1883 2503 ἐμοῖς
1899 2460 2044 2500 κακοῖς;
2074 2460 2130 2491 Ai.
2150 2456 2231 2492 430.

162 2514 213 2550 οίν
216 2527 255 2550 ου
261 2541 268 2549 .

224 2571 252 2611 Ο
262 2572 297 2608 ἰν
306 2573 324 2609 ό
334 2588 363 2608 ω
373 2576 507 2608 ἰπεῦνὶο.
523 2573 669 2613 δείπνοις
677 2570 767 2622 ἡνίκ’
775 2574 819 2622 ἦν
832 2570 1016 2622 ᾠνωμένος
1026 2576 1081 2608 Tr.
1094 2573 1175 2608 268.

162 2623 210 2654 sic
219 2622 323 2655 Dind.
337 2627 426 2655 recte
436 2627 476 2655 ut
484 2624 632 2656 videtur:
644 2625 686 2656 cf.
701 2624 790 2656 Berl.
803 2625 880 2656 Jbb.
895 2626 918 2656 f.
932 2634 972 2655 w,
986 2624 1073 2655 Krit.
1090 2621 1180 2656 1838

160 2679 196 2711 p.
208 2666 278 2702 692
287 2673 322 2701 et
338 2669 458 2702 Elmsl.
473 2671 514 2702 ad
524 2671 644 2712 Eurip.
656 2671 776 2704 Bacch.
791 2668 870 2703 686.
884 2672 962 2703 libri
975 2669 1175 2715 οἰνωμένος.

162 2717 262 2749 Eust.
291 2727 368 2748 cum
385 2726 419 2758 p.
441 2714 521 2758 692,
553 2714 607 2749 12.
638 2715 850 2755 οἰνωθείς
875 2728 918 2750 ex
944 2718 1045 2759 Soph.
1066 2719 1175 2758 affert,

161 2773 229 2796 non
246 2763 338 2796 hunc
353 2773 508 2805 Versum,
537 2768 576 2796 ut
592 2765 787 2797 Hermanno
810 2766 1005 2804 Videbatur,
1034 2769 1175 2805 spectat,

162 2811 222 2843 sed
238 2811 279 2843 fr.
295 2812 362 2843 inc.
379 2807 460 2851 668,
484 2809 515 2852 1,
536 2812 595 2844 ubi
612 2812 738 2852 legitur
754 2814 821 2849 πᾶς
834 2810 899 2858 γὰρ
916 2810 1073 2849 οἰνωθεὶς
1091 2809 1179 2858 ἀνὴρ

1217 2526 1261 2531 -
1275 2508 1364 2539 Hinc
1381 2507 1465 2538 adde
1484 2505 1580 2550 οἶμαι
1594 2506 1724 2537 duobus
1738 2506 1877 2545 virgulis
1893 2506 2091 2538 distinctum
2107 2517 2235 2552 παρεν-

1217 2552 1340 2591 θέτως.
1368 2554 1429 2585 Ph.
1450 2551 1531 2585 498.
1553 2554 1635 2585 Ant.
1658 2550 1759 2584 1051.
1788 2553 1863 2584 Ter.
1886 2554 1927 2585 fr.
1948 2550 2028 2593 517,
2050 2550 2084 2585 4.
2105 2558 2140 2586 et
2156 2563 2234 2585 cum

1215 2603 1369 2642 pluribus
1393 2601 1562 2632 vocabulis
1591 2602 1808 2633 coniunctum
1832 2598 1940 2645 κόρην
1965 2598 2047 2646 γάρ,
2085 2597 2182 2645 οἶμαι
2205 2594 2235 2633 δ’

1217 2642 1346 2689 οὐκέτ’,
1384 2642 1461 2681 ἀλλ’
1495 2645 1703 2692 ἐζευγμένην
1736 2645 2022 2692 παρεισδέδεγμαι
2065 2648 2120 2679 Τι’.
2149 2644 2230 2680 536.

1217 2705 1317 2737 quam
1335 2705 1446 2727 veram
1465 2695 1718 2726 distinctionem
1739 2694 1897 2726 Turnebo
1915 2694 2088 2726 debemus.
2110 2712 2151 2718 —
2172 2695 2233 2727 Vis

1216 2743 1310 2774 verbi
1329 2740 1492 2787 εἰρωνική
1512 2752 1530 2773 a
1549 2741 1742 2782 Sophocleis
1758 2742 1866 2773 abest.

1287 2808 1396 2850 Οἶος
1419 2813 1509 2844 solus
1534 2813 1557 2843 i.
1579 2821 1609 2844 e.
1639 2813 1773 2843 seorsim
1795 2811 1837 2843 ab
1863 2812 1962 2843 aliis.-
1996 2807 2143 2858 Κάλχας
2169 2822 2231 2856 με-

160 2855 279 2903 ἥσσων
306 2855 369 2903 μὲν
395 2856 500 2904 ὀργῆς
527 2856 615 2901 ἐστί;
644 2869 745 2900 quam
769 2860 899 2891 scilicet
922 2860 1121 2900 particulam
1139 2861 1179 2891 ab
1214 2857 1338 2896 ταστὰς
1364 2857 1436 2896 οἷος
1460 2853 1643 2906 Ἀτρειδῶν
1670 2856 1750 2904 δίχα
1783 2859 1838 2890 Ai.
1861 2855 1941 2890 750.
1962 2858 2049 2890 clam
2075 2876 2117 2882 —
2141 2859 2233 2890 solus

162 2905 276 2946 aliquo
301 2905 514 2945 grammatico
539 2910 708 2938 enotatam
732 2908 868 2948 reperit,
897 2916 964 2938 non
989 2907 1073 2946 legit
1089 2908 1175 2947 ipse,

161 2951 253 2984 unde
286 2952 464 2993 desumpta
489 2957 559 2993 est,
596 2953 757 2985 fabulam.
793 2950 980 2997 [excerpsit
1005 2962 1049 2984 ex
1073 2953 1175 2985 schol.

161 2999 262 3031 Hom.
281 2999 321 3030 ΙΙ.
343 2995 377 3039 7,
403 2995 484 3031 472.
514 3000 551 3031 in
581 3000 730 3032 Crameri
746 3001 804 3032 ΑΡ
821 2997 854 3032 3.
874 3010 908 3042 p.
929 2997 1010 3039 228,
1036 2997 1091 3040 15,
1120 3001 1179 3032 ubi

161 3049 215 3078 est
253 3043 318 3079 οὐκ
343 3043 517 3080 ἐπαινετὸν
543 3044 581 3079 δὲ
604 3045 649 3090 τὸι
671 3044 903 3081 οἰνοῦσθαι
922 3046 969 3084 ὡς
995 3044 1099 3093 δηλοῖ
1121 3044 1180 3080 καὶ

162 3090 256 3138 παρὰ
289 3089 376 3138 Σοφ.
405 3091 444 3127 τὸ
477 3089 663 3135 οἰνωθείς.]
688 3112 729 3118 -
748 3095 942 3134 Augmento
976 3103 1087 3126 carere
1119 3095 1181 3126 hoc

161 3140 301 3171 verbum
325 3140 478 3179 Videtur,
514 3141 610 3172 velut
635 3138 800 3186 οἰστρεῖν,
831 3138 866 3174 οἴ
893 3151 985 3174 συκαῖ
1023 3142 1066 3173 cf.
1094 3141 1176 3172 Eur.

161 3185 282 3219 Bacch.
304 3183 384 3219 687.
405 3184 486 3218 814.
507 3188 592 3219 Plat.
608 3188 712 3228 Legg.
733 3185 766 3219 6.
787 3198 821 3229 p.
836 3186 858 3219 7
909 3213 916 3220 .
940 3187 977 3220 C.
991 3186 1025 3220 7.
1046 3198 1080 3228 p.
1094 3185 1175 3220 815.

164 3233 201 3264 G.
223 3233 343 3265 Matth.
365 3233 423 3265 Gr.
446 3234 503 3265 Gr.
525 3232 546 3276 S
567 3231 644 3266 168.
666 3244 698 3276 p.
720 3232 802 3268 305.
824 3239 850 3267 t.
874 3233 904 3266 1.
927 3232 976 3278 [at
993 3234 1096 3266 Dind.
1118 3235 1178 3266 de-

162 3280 213 3311 dit
231 3273 416 3325 ιρνωμένος
435 3282 478 3312 cf.
500 3281 601 3312 Thes.
625 3281 712 3313 LGr.
734 3279 767 3313 5.
787 3292 821 3323 p.
846 3278 964 3324 1822).

235 3345 453 3399 Οἰνωτρία
471 3355 570 3386 terra.
600 3347 770 3399 Οἰνωτρία
787 3349 824 3387 τέ
851 3362 886 3384 σε
913 3348 1040 3392 δέξεται
1067 3351 1176 3393 Tript.

163 3392 243 3438 527,
264 3393 298 3428 2.

1215 2908 1239 2938 i.
1260 2916 1291 2938 e.
1310 2908 1439 2938 nemine
1456 2908 1653 2938 comitante:
1679 2910 1754 2942 πῶς
1772 2899 1845 2950 δῆτ’
1862 2902 2004 2950 ὁδουρὸν
2023 2902 2094 2942 οἰος
2112 2902 2233 2951 ἐξέβης

1216 2951 1355 2995 λαθώνς
1383 2955 1467 2994 Aeg.
1489 2954 1530 2984 fr.
1551 2950 1608 2985 23.
1646 2953 1685 2984 In
1703 2953 1757 2984 Αἰ.
1779 2949 1860 2984 910.
1889 2949 1998 2997 [οἴμοι
2023 2951 2110 2996 ἐμᾶς
2132 2949 2229 2993 ἄτας,

1217 2998 1292 3038 οἷος
1318 2994 1371 3046 ἄρ’
1397 2997 1592 3046 αἱμάχθης,
1613 2997 1790 3045 ἄφαρκτος
1810 2997 1919 3045 φίλων
1937 2999 2036 3039 Vulgo
2053 3003 2087 3031 et
2103 3000 2180 3031 libri
2197 3003 2233 3032 et

1216 3045 1359 3091 editas]:
1388 3048 1513 3079 rectius
1532 3048 1689 3078 scribitur
1707 3043 1791 3084 οἷος.

1288 3113 1397 3155 Οἴος
1420 3118 1538 3158 qualis.
1567 3117 1809 3149 Correlativum
1834 3126 2016 3157 pronomen
2042 3127 2069 3149 s.
2091 3117 2233 3149 adiecti-

1217 3174 1297 3196 Vum
1319 3168 1471 3196 naturam
1492 3168 1526 3196 et
1544 3164 1691 3196 indolem
1711 3164 1761 3195 rei
1777 3164 1922 3195 alicuius
1944 3164 2105 3196 indicans.
2131 3164 2233 3195 Prae-

1217 3215 1268 3243 ter
1284 3221 1383 3242 usum
1411 3212 1569 3243 orationis
1593 3211 1764 3251 colligatae
1788 3211 1874 3242 illud
1899 3220 2007 3242 unum
2032 3211 2228 3251 notandum,

1218 3258 1350 3299 quando
1372 3260 1517 3298 primam
1541 3261 1722 3297 correptam
1746 3258 1905 3289 ostendit.
1948 3258 1984 3289 ld
2002 3258 2232 3289 trimetrorum

1218 3305 1362 3336 solorum
1375 3309 1428 3336 est
1445 3309 1479 3336 et
1496 3306 1659 3336 formulae
1677 3301 1750 3341 οἷός
1766 3314 1802 3336 τε
1821 3308 1855 3336 et
1873 3301 1943 3337 οἷόν
1956 3314 1992 3336 τε
2010 3308 2226 3344 reservatum,

1217 3356 1367 3392 suntque
1393 3353 1502 3383 omnia
1526 3353 1562 3383 in
1583 3351 1730 3383 secunda
1755 3350 1835 3382 sede
1860 3351 2027 3392 exempla.
2064 3344 2140 3383 ἀλλ’
2164 3348 2230 3430 οὑξ,
2284 3374 2288 3378 «

1217 3395 1290 3434 οἷόν
1307 3409 1344 3433 τε
1358 3398 1417 3431 Ph.
1440 3395 1521 3431 925.
1551 3398 1605 3432 OC
1627 3394 1727 3432 1418.
1764 3394 1874 3436 οὐδεὶς
1897 3394 1970 3436 οἷός
1993 3407 2030 3431 τε
2048 3397 2106 3431 OB
2125 3394 2189 3430 141
