2288 3600
107 0 155 14 *³³⁷
179 0 204 17 ιφ
230 0 237 12 τ

27 154 93 212 ²51».
115 166 331 215 181-183.]

30 392 33 397 .
68 379 91 403 α
115 366 217 415 δρᾷς,
247 379 326 402 ουτε
352 364 499 414 πρόσθεν
523 366 671 414 εἰργάσω
694 364 754 424 βίᾳ
787 364 897 412 φίλων
930 363 1011 400 853.

7 421 9 424 “
57 426 95 451 ον
112 414 175 461 μὲν
201 413 260 450 οὖν
277 413 336 449 καὶ
351 426 376 449 π
400 412 513 455 όσθεν,
537 412 668 448 ἐννέπω
693 411 730 447 οὲ
747 415 805 447 νῦν
823 410 892 446 932
909 418 944 446 et
960 414 1015 445 in-

12 477 46 503 „e
66 473 96 495 o
119 463 254 495 ordine:
281 426 409 496 'condez'
433 459 518 508 ἀρὰς
552 460 647 508 σφῷν
673 458 803 507 πρόσθε
825 456 852 494 τ’
882 458 1018 506 ἐξανῆκ’

80 535 89 550 ,
123 511 182 543 νῦν
221 507 249 542 τ’
279 507 518 553 ἀνακαλοῦμαι
551 506 756 556 ξυμμάχους
787 505 903 541 ἐλθεῖν
938 505 1017 553 ἐμοί

18 573 37 595 ·
47 554 102 590 76.
147 554 297 602 πρόσθεν
315 554 414 594 οὗτος
431 554 474 601 ἦν
493 554 605 590 αἴθων
619 553 793 601 ὑβριστὴς,
813 556 872 588 νῦν
899 549 927 588 δ’
946 552 1014 601 ἐγὼ

51 599 74 631 ψ’
95 601 138 637 αὖ
157 607 272 650 φρονῶ
290 604 346 635 Ai.
370 600 470 635 1088.
494 620 599 635 -.-
625 599 657 634 6.
687 601 864 634 Abundare
882 602 1016 634 videtur

12 649 191 694 [quando.
221 650 272 683 Cf.
295 651 450 682 Bornem.
471 650 511 682 ad
537 650 626 682 Xen.
656 659 762 690 symp.
790 658 826 691 p.
855 645 933 681 186.
975 647 1015 682 τὸ

52 698 232 791 ἕῖπὶοϋῶἶ
253 696 373 777 3³³7?V
397 695 507 777 ῗῖρέἴ
527 697 591 777 ῗῖἓὲ
610 694 700 776 7ῗῇ
733 694 1014 777 ἒὲόέἓῖιῖοῦ3ἔῗ

58 802 117 829 ους
154 755 277 838 ςρένοις
301 769 371 824 των
395 757 459 824 νῦντ
479 755 661 837 πςαρουὲῶν
693 753 803 822 737.ρ
818 788 936 847 χρόνῳ
965 788 1015 835 τῷ

93 849 164 872 ικα
190 849 238 872 πα
261 837 330 872 όντι
346 840 406 871 νῦν
427 835 527 871 1169.
570 840 634 883 τῆς
660 838 718 870 νῦν
744 847 876 882 παρουσ
905 848 920 874 ς
945 847 1014 882 πη-

136 886 188 918 ΕΙ.
217 882 239 917 9
264 882 298 917 9.
341 884 393 930 τῷ
418 883 560 931 παρόντι
584 887 643 918 νῦν
667 881 784 931 χρόνῳ
815 849 916 916 1293.
962 884 1016 917 Sic

1 931 152 974 ditum
184 934 243 966 νῦν
277 934 453 973 participio
495 933 791 972 significantiorem
832 932 1015 963 orationem

2 978 122 1012 wadit.
153 997 261 1012 ——.-—
285 977 395 1024 [*]11.
424 980 562 1011 Perrara
593 984 644 1010 est
676 983 711 1010 et
744 979 890 1019 precario
919 979 1015 1020 quasi

2 1021 59 1064 ’,ιι
78 1027 190 1059 ducta
213 1027 411 1066 significatio
438 1028 486 1058 rei
513 1026 556 1058 ad
579 1030 703 1058 eertum
728 1035 828 1066 usque
853 1028 979 1066 tempus
996 1037 1016 1056 a

7 1075 27 1116 ‘j
60 1088 67 1101 ι
91 1084 107 1106 ι
125 1074 267 1115 quodam
289 1077 320 1105 et
344 1075 526 1114 antiquiore
548 1073 728 1114 productae
745 1077 862 1113 (usque
878 1072 1011 1112 adhuc).

2 1117 37 1161 j·
57 1130 99 1154 nc
128 1131 194 1152 uno
219 1120 481 1162 deprehendisse
506 1121 575 1152 loco
601 1120 683 1152 mihi
706 1120 820 1152 videor
846 1121 926 1151 Ant.
948 1116 1016 1151 599

44 1179 75 1200 h:
101 1169 160 1201 νῦν
189 1165 254 1214 γὰρ
279 1165 428 1214 ἐσχάτας
454 1165 537 1213 ὅπερ
571 1165 665 1214 ῥίζας
698 1164 837 1200 ἐτέτατο
863 1164 950 1212 φάος
981 1164 1016 1199 ἐν

1 1215 19 1259 j
34 1212 144 1255 ,δίπου
163 1212 294 1260 δόμοις,
313 1212 387 1248 κατ’
404 1212 447 1248 αὖ
464 1225 514 1247 νιν
533 1212 647 1260 φοινία
663 1210 754 1247 θεῶν
770 1217 838 1247 τῶν
849 1212 1015 1260 νερτέρων

1 1255 39 1305 ’ᾖ
99 1259 204 1300 κόνις.
256 1262 311 1294 Sic
337 1271 514 1303 compono:
545 1260 628 1307 ὅπερ
651 1263 711 1294 νῦν
745 1258 884 1294 ἐτέτατο
913 1259 1013 1307 φάος,

66 1307 139 1354 αμᾷ
153 1307 259 1346 κόνις.
290 1309 371 1340 Nam
390 1311 448 1342 νῦν
468 1309 509 1340 ad
525 1307 665 1354 καταμᾷ
682 1309 805 1340 referre
822 1312 858 1340 et
873 1310 1015 1340 otiosum

0 1389 19 1394 ,
65 1359 102 1396 t,
123 1360 159 1388 et
175 1357 211 1387 in
228 1360 322 1388 tanto
339 1357 514 1388 intervallo
533 1357 716 1397 multisque
742 1356 928 1387 interiectis
952 1357 1015 1387 du-

1 1416 69 1445 ..¹.'‘
82 1427 90 1435 .
131 1400 282 1447 [Meliore
300 1404 467 1435 medicina
483 1403 632 1435 adhibita
651 1403 753 1434 Dind.
775 1414 805 1435 ν.
825 1414 857 1448 γ.
880 1400 907 1435 ἐ.
929 1400 1015 1448 ὑπὲρ

16 1444 38 1494 ,ζ’
62 1468 67 1477 .
113 1448 131 1483 ὃ
147 1448 267 1483 τέτατο
373 1447 504 1494 κοπίς.]
546 1451 670 1482 Eadem
689 1453 855 1491 potestate
882 1451 1015 1491 praedi-

5 1498 7 1503 '
35 1495 67 1523 T·
105 1498 164 1530 νῦν
198 1507 251 1538 ap.
289 1498 444 1536 Aescliyl.
478 1498 676 1538 aliquoties:
707 1494 724 1529 ὁ
751 1495 869 1540 μείνας
893 1499 952 1530 νῦν
980 1494 1015 1530 ἐν

35 1549 54 1589 ’ᾖ
87 1541 169 1581 ἅδος
184 1542 304 1581 τόποις
322 1542 462 1590 στρατός
483 1545 572 1576 Pers.
601 1540 680 1576 782.
725 1542 783 1577 καὶ
805 1546 863 1577 νῦν
890 1542 952 1589 μὲν
980 1541 1015 1582 ἐς

85 1587 182 1636 ἦμαρ
198 1588 236 1624 εὖ
256 1588 350 1637 ῥέπει
367 1589 446 1628 θεός
466 1591 560 1632 Sept.
580 1587 637 1625 21.

8 1639 61 1682 ’ζ’4,.
77 1638 138 1670 111.
167 1638 280 1670 Tertia
305 1639 505 1679 significatio
535 1638 706 1670 dialectica
729 1642 793 1670 est.
847 1634 936 1672 Νῦν
964 1639 1014 1670 vel

8 1683 18 1693 ”
32 1687 108 1727 “jum
128 1686 181 1716 vel
203 1686 360 1718 adiuncto
388 1683 452 1727 δέ,
483 1687 670 1717 tramittem·
693 1687 1015 1725 aryurnentationive

40 1732 63 1756 ¹..-
118 1741 174 1763 ae
190 1732 377 1769 adhibetur,
392 1733 585 1773 significans
603 1732 687 1764 illud
705 1734 817 1772 iyitur,
839 1733 906 1764 iam
923 1742 1011 1771 vero,

50 1774 54 1776 ’
78 1780 124 1810 sic
140 1782 261 1820 autem,
283 1783 320 1811 ut
336 1789 425 1812 nunc
443 1782 506 1820 est,
534 1789 600 1820 quo
624 1779 720 1810 modo
743 1779 783 1811 ad
808 1780 1013 1811 sententiam

92 1826 100 1834 ⁰
118 1827 315 1858 contrariam
333 1827 506 1859 transitur.
535 1827 587 1858 Ad
604 1827 689 1858 illud
706 1836 813 1865 genus
831 1827 1014 1868 particulae

46 1867 60 1892 ’ἢ
79 1886 87 1899 ι
105 1874 234 1915 positae
252 1875 341 1906 refer
359 1871 408 1919 μὴ
424 1875 483 1906 νῦν
501 1871 660 1918 ὀναίμην,
677 1870 753 1906 ἀλλ’
774 1870 908 1919 ἀραῖος,
929 1871 959 1906 εἰ
978 1872 1013 1907 σέ

14 1913 207 1968 ῗ,δρακ’,
246 1918 403 1966 ὀλοίμην,
433 1919 480 1953 ὧν
508 1917 645 1966 ἐπαιτιᾷ
671 1931 713 1964 με
739 1918 820 1966 δρᾶν
846 1921 904 1953 on
929 1918 1010 1952 644.

16 1964 35 2004 'TC
65 2003 67 2007 ,
85 1967 124 2007 ,ὒν
142 1964 177 2000 ἓν
193 1963 281 2013 ἦθος
300 1969 426 2012 μοῦνον
445 1965 480 2000 ἐν
499 1967 613 2001 σαυτῶ
632 1967 729 2013 φόρει
746 1969 828 2000 Aut.
849 1965 930 1999 705.
975 1965 1012 2001 εὖ

16 2009 206 2051 ἐπίστω
230 2014 292 2046 Ph.
324 2011 425 2047 1240.
472 1999 627 2048 1116115.
671 2012 827 2046 011658.
871 2013 921 2060 μὴ
954 2017 1013 2048 νῦν

43 2070 104 2103 μα
127 2056 228 2098 θεούς
262 2062 316 2093 Ai.
350 2058 438 2094 1129
462 2073 522 2095 νυν
557 2067 660 2094 metro
685 2062 854 2094 adversari
878 2062 1009 2094 Schaef.

13 2108 24 2148 ,Z
55 2105 72 2138 ἷι
87 2132 94 2140 .
123 2125 164 2132 -—
183 2119 200 2140 ν
211 2110 258 2141 ῡν
276 2106 294 2141 ὃ
309 2107 344 2148 ἐ,
365 2109 407 2141 de
424 2110 547 2150 quibus
564 2113 661 2141 acute
678 2109 866 2141 observavit
883 2109 1010 2150 Reisig.

20 2151 104 2195 ,‘'‘'=.
125 2151 188 2187 63:
219 2152 258 2188 οὐ
282 2153 348 2202 γὰρ
372 2152 413 2190 ἂν
441 2154 576 2201 μακρὰν
602 2154 739 2203 ἴχνευον
767 2153 868 2193 αὐτὸς
892 2154 940 2199 (εἰ
964 2154 1014 2201 μὴ

20 2204 31 2238 ’,
67 2209 81 2245 2
109 2199 180 2247 ἦν).
217 2204 276 2235 νῦν
294 2201 334 2243 δ’,
355 2200 493 2248 ὕστερος
511 2201 574 2248 γὰρ
592 2201 692 2241 ἀστὸς
710 2201 759 2240 είς
777 2201 901 2240 ἀστοὺς
909 2201 1011 2243 τελῶ,

20 2244 77 2297 ”4·”4ᾒ,.
104 2254 278 2295 προφωνῶ
295 2250 354 2282 OR
369 2246 451 2282 222.
502 2247 619 2288 καλῶς
637 2247 678 2283 ἂν
697 2247 850 2296 ἐξείρητό
877 2260 947 2291 σοι,
985 2249 1015 2284 εἰ

23 2296 30 2334 f·
51 2291 185 2341 ’,κύρει
210 2294 290 2335 ζῶσ’
314 2294 339 2342 ὴ
364 2299 532 2330 τεκοῦσα·
567 2298 626 2330 νῦν
656 2295 696 2336 δ’,
734 2294 808 2330 ἐπεὶ
841 2295 898 2344 ζῇ,
936 2295 1015 2331 πᾶσ’

26 2342 53 2381 f.
111 2353 134 2388 η
153 2341 266 2376 ὀκνεῖν
284 2340 365 2376 985.
403 2345 462 2377 νῦν
488 2342 525 2377 δὲ
541 2338 631 2377 τοῦτ’
649 2340 795 2391 εὔχεσθε
823 2355 881 2389 μοι
910 2342 1010 2377 1512.

24 2385 46 2398 “¹
64 2405 77 2427 τ,
88 2384 130 2427 ἂν
148 2386 206 2422 ὧδ’
223 2388 406 2436 ἐγιγνόμην
422 2389 530 2428 κακός
545 2401 551 2407 ·
578 2393 637 2424 νῦν
655 2384 683 2424 δ’
704 2388 802 2425 οὐδὲν
820 2389 921 2428 εἰδὼς
940 2389 1015 2425 126-

26 2430 137 2482 ,ἶν’
167 2434 292 2483 ἱκόμην
316 2437 371 2470 OG
397 2434 478 2470 273.
522 2434 676 2483 ἄτρωτον
703 2435 744 2472 οὐ
762 2431 888 2483 μεθῆκ’
911 2435 952 2471 ἂν
980 2435 1015 2477 ἐξ

27 2476 39 2495 ³
131 2481 228 2530 ερός·
255 2486 313 2517 νῦν
332 2483 369 2518 δὲ
385 2482 551 2518 τούτοισιν
581 2481 838 2530 άρμοσθήσεται
862 2483 1015 2529 (νόμοις)

45 2572 48 2573 4
105 2493 147 2575 ξι
164 2526 224 2563 τᾶν
243 2527 308 2564 οὐκ
324 2528 405 2577 ἂνῆ
431 2530 470 2565 τὸ
497 2529 553 2566 σὸν
580 2530 702 2577 μέρος·
745 2533 804 2564 νῦν
823 2525 851 2564 δ’
876 2530 951 2566 αἵδε
982 2530 1016 2577 μ’

30 2573 54 2612 1²
72 2574 97 2613 *μ
114 2587 206 2610 ουσιν
226 2574 327 2610 1367.
372 2576 525 2623 ὃηλώσαι
555 2571 563 2585 ’
587 2577 628 2612 ἄν
642 2606 650 2619 ,
681 2576 724 2612 οἷ’
742 2575 859 2616 αὐτοῖς
877 2583 992 2625 φρονῶ
1007 2589 1014 2596 ·

30 2628 33 2629 ’
63 2621 161 2666 ,“·ἐν
179 2626 302 2661 κακοῖς
329 2635 388 2670 μοι
412 2623 510 2659 πλεῖν
529 2624 697 2684 υφειμὲνῃ
725 2623 824 2659 δοκεῖ
849 2625 902 2658 ΕΙ.
932 2623 1013 2658 335.

48 2671 50 2673 ’
69 2669 91 2706 ῖζ»
124 2666 196 2710 ἐξὸν
214 2670 342 2717 πατρὸς
359 2670 495 2706 πάντων
513 2670 651 2718 ἀριστου
675 2669 784 2706 παῖδα
808 2671 1013 2719 κεκλῆσθαι,

76 2706 110 2759 ᾗ
184 2728 201 2755 ς
254 2717 358 2764 ητρός
384 2715 464 2751 365.
509 2721 568 2753 νῦν
587 2713 616 2752 δ’
641 2717 740 2753 ἐκτὸς
765 2716 872 2753 οἴκων
897 2723 1017 2758 κακῶς

36 2802 38 2807 ,
73 2767 90 2810 ζ’
106 2773 145 2797 ου
196 2761 273 2796 1-6.
331 2767 391 2799 νῦν
418 2763 447 2799 δ’
470 2763 648 2811 εὐλάβειαν
680 2764 788 2800 τῶνδε
814 2764 1016 2813 προυθέμην

32 2804 43 2851 ἶ
76 2807 208 2854 ..41⁴334.
259 2813 318 2845 νῦν
345 2807 374 2845 δ’
398 2809 470 2846 αὖτ’
490 2809 668 2860 Ἀτρεῖδαι
697 2810 785 2860 φωτὶ
813 2813 1016 2861 παντουργῷ

149 2855 192 2891 ἔπ
214 2855 294 2897 αξαν
313 2860 367 2891 Ai.
387 2856 470 2892 445.
505 2861 564 2893 νῦν
583 2853 612 2892 δ’
670 2856 750 2898 Διὸς
789 2864 936 2906 οργῶπις
953 2859 1018 2896 θεὰ

46 2945 48 2948 4
174 2901 254 2938 450.
298 2907 356 2939 νῦν
375 2900 404 2939 δ’
421 2903 607 2951 ἐνήλλαξεν
658 2905 713 2944 εός
750 2905 766 2939 1
793 2905 855 2940 60..
890 2905 920 2941 εί
954 2906 1016 2953 μὲν

36 2948 91 2994 ’,ᾗῇ
108 2969 121 2977 -·
140 2961 226 2986 υσιν
247 2949 361 2986 ἰᾶσθαι
377 2951 481 2993 κακά,
502 2951 520 2987 ὁ
537 2964 562 2999 χ
584 2952 664 2991 υσὸς
680 2951 796 2999 ἥσσων
814 2956 933 3000 κτῆμα
955 2957 1017 2988 τοῦ

40 3027 54 3039 ,,
75 2997 124 3039 „tv
139 2994 180 3031 ἂν
197 2997 259 3044 ἦν·
305 3000 364 3032 νῦν
392 2998 429 3032 δὲ
446 2998 540 3033 ταῦτ’
578 2998 733 3046 νηνότως
756 2999 829 3048 ἔχει
854 3002 944 3041 Scyr.
973 3003 1013 3034 fr.

42 3065 59 3096 -ρ-
79 3040 142 3087 ,4)4.
169 3045 214 3077 Et
230 3047 278 3077 sic
295 3047 396 3078 etiam
414 3048 525 3078 mutili
543 3057 660 3079 versus
676 3049 712 3079 in
731 3048 860 3089 Niptris
878 3049 919 3080 fr.
933 3045 1014 3088 401,

42 3097 69 3137 ἐς
84 3090 255 3132 >sjlligendi
273 3093 449 3125 videntur:
477 3095 536 3126 νῦν
563 3091 591 3126 δ’
616 3091 694 3128 οὔτε
712 3088 747 3139 μ’
776 3093 824 3132 εἰς
849 3090 1018 3133 Δωδῶνος

43 3145 105 3179 ξ,
134 3135 264 3172 υθικῶν
350 3151 402 3177 τις
427 3137 468 3173 ἂν
491 3138 658 3181 πείσειεν,
691 3151 777 3182 quae
806 3142 1017 3174 fatidicorum

129 3185 176 3216 sis
199 3186 360 3227 deceptus
385 3187 513 3218 dixisse
531 3188 675 3220 videtur.
694 3205 802 3220 --.—
837 3189 888 3220 Ad
912 3189 1018 3220 diale-

40 3228 47 3275 ἴ4
96 3232 123 3279 4“
148 3231 234 3264 banc
257 3233 406 3266 adverbii
438 3234 571 3266 dicendi
604 3236 765 3266 rationem
798 3236 883 3267 illud
915 3236 1017 3267 etiam

94 3280 150 3319 vt,
167 3279 299 3319 quando
321 3281 396 3313 νῦν
422 3278 634 3320 formulis
658 3281 844 3313 iurandi
870 3285 908 3314 et
940 3283 1018 3314 ob-

100 3324 197 3371 411111·
218 3326 384 3358 insertum
407 3328 688 3369 praepositionem
720 3326 826 3374 πρός
850 3339 937 3370 pone
963 3339 1016 3360 se-

996 153 1093 204 Νύν

24 285 57 308 a
83 271 152 308 615
167 275 220 307 cb.
244 292 350 307 —.-—
373 275 459 308 νῦν.
546 270 740 320 πρόσθεν
773 273 832 306 νῦν
849 271 914 319 γὰρ
940 269 1015 306 θεοί
1050 269 1131 305 468.
1183 270 1268 318 πρὸς
1284 273 1343 305 νῦν
1361 270 1452 306 θεῶν
1471 282 1507 305 σε
1524 269 1683 317 λίσσομαι
1700 272 1752 305 El.
1772 269 1852 304 428.
1897 271 1981 318 πρὸς
2005 276 2064 307 νῦν

12 317 25 363 ’ᾖ
53 318 214 379 ὀρθοῦσι,
249 318 378 380 πρόσθε
402 318 431 354 δ’
455 318 614 354 ὤλλυσαν
639 319 695 353 OC
720 317 800 352 394.
845 317 922 353 οὒτε
954 321 1014 352 νῦν
1051 315 1141 353 θεῶν
1157 317 1306 354 ἄκουσον
1320 316 1401 352 889.
1431 320 1470 351 ln
1490 320 1540 351 his
1559 320 1724 360 exemplis
1738 321 1836 359 vulgo
1853 320 2058 362 inflectitur;

1964 157 2063 206 477

1052 367 1178 399 rectius
1202 366 1361 398 videntur
1384 367 1495 398 omnia
1524 367 1679 398 inclinari
1716 364 1908 410 [inclinavit
1940 368 2044 400 Dind.

1053 424 1084 446 v.
1105 424 1192 447 νυν.
1694 411 1743 457 (ΙΙ
1762 423 1794 455 p.
1820 411 1897 454 182,
1923 412 1965 446 13
1983 425 2002 446 a
2020 366 2064 460 ¹23

1123 461 1162 492 B.
1192 457 1223 494 N
1236 458 1281 494 ύν
1299 461 1461 503 particula
1477 464 1616 492 accentu
1632 460 1792 492 inclinato
1810 470 1875 492 non
1897 467 1962 493 tam
1979 465 2061 493 tem-

1052 509 1221 549 porinam·
1229 509 1336 548 ipsum
1342 509 1508 548 praesenti
1517 507 1745 548 significando,
1762 517 1860 549 quam
1869 508 2065 549 copulandis

1051 565 1125 587 cum
1135 556 1279 586 transitu
1289 554 1332 585 ud
1345 564 1433 586 nova
1441 556 1609 586 sententiis
1617 555 1768 586 adbiberi
1777 555 1873 587 solita
1884 566 1892 595 ;
1906 565 1971 597 qua
1981 557 2016 587 in
2028 566 2062 588 re

1051 612 1126 634 cum
1153 602 1270 642 tertia,
1300 611 1399 643 qnam
1425 602 1613 643 posuimus,
1638 602 1786 634 adverbii
1820 603 1984 635 inflexum
2008 613 2062 635 ac-

1052 654 1187 681 centum
1204 649 1360 680 habentis
1378 650 1410 680 vi
1429 649 1592 689 congruit.
1622 649 1719 680 Eust.
1748 658 1780 689 p.
1803 645 1891 690 792,
1920 647 1961 681 17
1995 660 2064 683 πα-

1054 693 1366 742 ραπληρωματικὸν
1400 694 1588 740 σύνδεσμον
1622 700 1734 736 vocat,
1778 705 1844 727 non
1887 694 2063 743 ἐπίρρημα

1050 741 1234 790 χρονικόν,
1268 743 1358 784 quod
1376 747 1428 774 est
1451 744 1530 782 νῦν,
1559 746 1594 774 et
1610 744 1736 783 pergit:
1765 744 1827 776 τοῦ
1852 740 1889 776 δὲ
1906 742 2064 778 τοιούτου

1051 802 1110 824 νυν
1134 793 1259 837 χρῆσις
1283 788 1342 823 καὶ
1368 784 1446 834 παρ’
1470 785 1636 835 Εὐριπίδζ
1667 787 1702 822 ἐν
1734 788 1788 835 τῷ
1822 789 1960 824 σῶσόν
1989 802 2064 825 νυν

1053 836 1187 872 αὐτὸν
1207 849 1264 883 μη
1277 831 1313 870 δ’
1331 835 1392 882 ἔρα
1408 838 1484 870 τοῦ
1502 835 1616 882 πλησ
1650 847 1697 870 ον
1721 835 1867 880 (Hecub.
1897 834 1983 881 990)
2006 836 2064 872 καὶ

1052 883 1145 931 παρὰ
1180 881 1358 929 Σοφοκλεῖ
1399 881 1434 916 ἐν
1466 883 1516 929 τῷ
1536 876 1693 930 ΙἜρωτι
1726 882 1803 928 μέν
1837 895 1911 917 νυν
1945 883 2065 923 ὅστις

1053 929 1369 965 ἀντανίσταται
1385 930 1459 974 (Tr.
1481 928 1579 974 441).
1632 931 1762 963 Similia
1780 932 1879 963 habet
1903 941 1935 973 p.
1960 929 2062 973 1312,

1056 976 1110 1011 18.
1155 979 1332 1011 Poetarum
1349 978 1550 1019 quibusdam
1569 979 1734 1019 exemplis
1753 979 1881 1019 firmat,
1903 980 2064 1020 quemad-

1054 1027 1186 1058 modum
1206 1028 1306 1058 etiam
1323 1037 1382 1058 νυν
1402 1026 1569 1066 poeticum
1588 1030 1681 1057 vocat
1691 1026 1801 1067 Apoll.
1822 1027 1863 1058 de
1881 1027 1967 1058 coni.
1981 1023 2062 1067 525,

1056 1069 1110 1114 16,
1132 1074 1218 1115 quod
1237 1083 1290 1115 ap.
1312 1073 1447 1104 Homer.
1470 1073 1668 1113 praefertur,
1691 1073 1749 1104 ubi
1768 1073 1892 1113 syllaba
1915 1078 2067 1114 correpta

1053 1130 1136 1162 opus
1161 1125 1196 1152 et
1213 1122 1366 1161 sequitur
1383 1129 1543 1152 consona:
1573 1129 1648 1151 cum
1674 1121 1790 1151 eadem
1818 1130 1974 1152 mensura
2006 1130 2066 1152 ne-

1053 1169 1212 1207 cessaria,
1251 1168 1310 1199 sed
1329 1168 1433 1198 instat
1450 1168 1582 1206 vocalis,
1609 1168 1696 1208 quod
1715 1177 1886 1208 perrarum
1901 1172 1971 1208 est,
2006 1179 2066 1201 νυν

1053 1215 1266 1247 scribendum
1285 1215 1489 1256 praecipitur
1506 1214 1607 1245 schol.
1630 1215 1669 1245 Il.
1691 1225 1718 1247 ε.
1741 1211 1820 1246 146.
1841 1225 1865 1260 φ
1888 1211 1976 1246 428;
2013 1216 2066 1247 sin

1054 1263 1190 1303 produci
1209 1262 1335 1304 patitur
1353 1270 1488 1301 versus,
1508 1262 1568 1294 νῦν
1586 1262 1756 1302 probatur,
1786 1263 1917 1293 etiamsi
1947 1262 2067 1294 adver-

1053 1310 1144 1341 bium
1164 1310 1325 1350 temporis
1343 1318 1408 1340 non
1427 1310 1481 1348 sit,
1503 1319 1535 1340 v.
1557 1309 1658 1341 schol.
1686 1320 1706 1354 γ
1723 1306 1780 1340 97.
1830 1305 1882 1343 Ex
1910 1309 1960 1341 his
1986 1318 2065 1341 con-

1053 1360 1251 1388 sentaneum
1269 1361 1334 1395 est,
1355 1356 1565 1396 ineptissime
1593 1357 1713 1387 secisse
1732 1356 1906 1388 Monkium
1925 1357 1963 1388 ad
1982 1357 2062 1388 Eur.

1054 1405 1126 1435 Alc.
1150 1400 1239 1436 1096
1258 1409 1292 1435 et
1312 1403 1542 1435 Blomtleldum
1573 1404 1612 1435 ad
1630 1403 1751 1435 Aesch.
1774 1404 1866 1445 Sept.
1889 1400 1979 1443 2Q‚
2005 1415 2065 1437 νυν

1052 1461 1105 1492 ap.
1128 1451 1268 1490 tragicos
1287 1450 1424 1491 produci
1442 1459 1538 1491 posse
1556 1451 1774 1482 affirmantes
1830 1451 1960 1483 Deinde
1986 1460 2066 1482 eon-

1053 1499 1238 1529 cedendum
1266 1498 1447 1529 Matthiaeo
1465 1498 1502 1528 ad
1531 1497 1611 1529 Eur.
1640 1498 1714 1529 Tro.
1745 1494 1790 1529 59
1821 1498 1968 1530 nondum
1999 1499 2063 1530 sibi

1052 1545 1246 1586 persuaderi
1273 1546 1422 1585 professo
1446 1545 1504 1576 νῦν
1536 1548 1570 1576 et
1586 1555 1645 1577 νυν
1676 1554 1740 1577 non
1765 1545 1899 1577 differre
1925 1546 1990 1577 nisi
2009 1556 2066 1576 ac-

1052 1597 1167 1624 centu.
1213 1592 1295 1623 Nam
1314 1603 1372 1624 νυν
1391 1601 1448 1633 pro
1464 1593 1537 1624 νῦν
1557 1592 1729 1632 temporali
1761 1592 1962 1624 inusitatum
1991 1602 2065 1624 esse

1051 1640 1188 1679 tragicis
1205 1643 1295 1670 recte
1315 1639 1402 1670 idem
1421 1639 1582 1670 iudicavit
1599 1639 1638 1670 ad
1662 1638 1751 1671 Med.
1783 1635 1874 1670 1286
1887 1663 1895 1678 ‚
1919 1641 1984 1671 elsi
2008 1649 2061 1681 ap.

1053 1686 1186 1718 Pindar.
1208 1695 1305 1717 secus
1322 1695 1396 1717 esse
1411 1687 1528 1725 scitur,
1551 1696 1581 1717 v.
1604 1686 1747 1718 Boeckh.
1768 1686 1807 1717 ad
1839 1686 1936 1718 Pind.
1966 1687 2061 1725 Pyth.

1052 1730 1085 1773 3,
1106 1729 1173 1774 983
1203 1734 1326 1774 quibus
1344 1734 1402 1774 qni
1426 1733 1621 1764 adversatur
1648 1734 1762 1765 Herm.
1791 1734 1827 1764 in
1853 1743 1944 1764 cens.
1974 1734 2062 1766 Med.

1052 1781 1204 1812 Elmsleii
1222 1790 1255 1821 p.
1276 1777 1358 1811 249.
1386 1780 1510 1821 Opusc.
1532 1784 1556 1812 t.
1577 1777 1612 1820 3,
1632 1781 1835 1812 sententiam
1854 1781 1978 1821 losuit,
2000 1790 2065 1812 non

1051 1828 1214 1869 probavit.
1260 1827 1325 1859 Sed
1343 1828 1378 1858 in
1396 1827 1616 1867 significanda
1631 1828 1805 1859 dialectica
1821 1829 2066 1859 sententiarum

1052 1875 1338 1914 coagmentatione
1362 1878 1397 1906 et
1423 1876 1566 1906 transitu
1587 1875 1747 1906 sermonis
1779 1875 1882 1906 etiam
1907 1876 1965 1908 νῦν
1999 1875 2066 1906 dici

1052 1922 1209 1953 vidimus.
1256 1921 1322 1953 Sed
1340 1931 1414 1953 cum
1426 1922 1605 1962 peculiaris
1622 1931 1662 1953 ea
1679 1922 1859 1953 inclinatae
1884 1923 2066 1962 particulae

1051 1969 1134 2000 ditio
1151 1969 1207 2009 sit,
1228 1970 1363 2010 saepius
1379 1969 1601 2000 inclinaretur
1614 1994 1621 2005 ,
1651 1968 1717 2000 nisi
1742 1969 1927 2000 servandus
1955 1974 2066 2002 rectus

1050 2020 1151 2047 tonus
1168 2017 1292 2048 fuisset
1316 2016 1414 2047 initio
1440 2025 1577 2055 versus,
1607 2017 1704 2047 cuius
1729 2017 1776 2047 rei
1802 2017 1867 2047 iam
1892 2018 2066 2058 posuimus

1051 2064 1207 2104 exempla
1223 2063 1282 2095 ΟΒ
1298 2059 1378 2094 222.
1423 2062 1479 2094 OC
1496 2059 1576 2095 273.
1621 2059 1702 2094 907.
1747 2059 1846 2094 1367.
1893 2064 1943 2094 El.
1981 2060 2060 2095 335.

1053 2106 1154 2142 1136.
1187 2106 1288 2142 1334.
1318 2111 1372 2141 Ai.
1392 2106 1473 2141 445.
1503 2107 1583 2143 450.
1606 2111 1646 2141 fr.
1676 2110 1767 2149 Scyr.
1789 2107 1869 2149 501,
1889 2107 1923 2141 4.
1955 2111 2061 2151 Niptr.

1050 2154 1131 2196 401,
1147 2155 1163 2188 1
1182 2168 1189 2188 :
1219 2157 1341 2189 deinde
1355 2158 1381 2188 si
1399 2157 1623 2196 distinguitur
1639 2161 1729 2197 ante,
1751 2161 1791 2188 ut
1808 2158 1971 2198 particula
1984 2167 2065 2189 sen-

1050 2205 1192 2236 tentiam
1215 2204 1368 2241 inchoet,
1406 2205 1492 2244 quod
1516 2213 1623 2243 genus
1656 2208 1768 2235 exstat
1794 2205 1845 2236 El.
1883 2200 1962 2236 365.
2007 2206 2061 2236 ΑΙ.

1053 2247 1154 2283 1060.
1183 2251 1241 2283 OR
1259 2248 1348 2283 985:
1377 2250 1524 2291 denique
1549 2261 1623 2282 cum
1652 2252 1807 2291 sequitur
1833 2252 1973 2283 vocalis:
2009 2253 2066 2284 ΟΒ

1051 2295 1131 2329 644.
1161 2294 1242 2330 658.
1270 2299 1352 2329 Ant.
1373 2295 1452 2330 705.
1482 2299 1538 2329 Ai.
1562 2294 1662 2329 1129.
1694 2298 1753 2330 Ph.
1777 2294 1878 2330 1240.
1908 2298 1962 2330 El.
1983 2295 2061 2331 616.

1052 2345 1133 2377 Nam
1167 2356 1226 2378 νυν
1260 2349 1424 2385 sequente
1455 2345 1559 2376 vocali
1594 2354 1727 2386 semper
1762 2345 1916 2377 inclinari
1934 2370 1941 2385 ,
1977 2347 2066 2387 quod

1052 2394 1164 2424 nescio
1181 2393 1279 2423 cuius
1297 2393 1456 2432 placitum
1475 2397 1526 2423 est
1544 2401 1596 2432 ap.
1619 2392 1719 2424 schol.
1740 2393 1799 2423 Ar.
1823 2392 1911 2423 Plut.
1929 2389 2009 2433 414,
2030 2394 2064 2425 in

1051 2449 1151 2480 qnam
1169 2449 1238 2470 rem
1258 2440 1366 2470 utitur
1383 2439 1564 2480 Sophocleo
1581 2439 1737 2480 exemplo
1754 2440 1808 2471 Ai.
1822 2436 1879 2479 87,
1900 2440 1982 2472 adeo
2000 2441 2063 2472 mi-

1052 2496 1124 2518 rum
1143 2490 1213 2524 est,
1243 2490 1282 2517 ut
1298 2487 1507 2518 defensorem
1526 2486 1656 2517 nullum
1683 2486 1806 2518 babere
1828 2496 1924 2527 posse
1950 2487 2066 2519 videa-

1052 2538 1119 2564 tur.
1173 2529 1246 2566 Νῦν
1272 2534 1375 2572 igitur
1399 2537 1488 2565 certa
1514 2534 1640 2564 ratione
1656 2542 1716 2574 pro
1745 2544 1804 2566 νυν
1828 2534 1968 2569 dicitur.
1999 2543 2064 2565 non

1050 2591 1109 2612 νυν
1127 2589 1187 2620 pro
1203 2581 1273 2612 νῦν.
1311 2579 1419 2618 Quare
1437 2581 1465 2611 si
1484 2581 1559 2611 libri
1577 2580 1786 2619 addicerent,
1816 2581 1973 2612 omnibus
1998 2582 2066 2612 illis

1052 2627 1132 2658 locis
1148 2638 1207 2660 νυν
1225 2628 1454 2666 corrigendum
1483 2627 1678 2666 suaderem,
1715 2628 1840 2668 quibus
1865 2629 1924 2660 νῦν
1955 2637 2065 2669 neque

1052 2675 1093 2705 ob
1110 2674 1301 2706 sententiae
1319 2675 1449 2715 pondus
1468 2683 1579 2714 neque
1597 2678 1731 2715 propter
1747 2683 1937 2705 mensuram
1949 2684 2066 2707 neces-

1053 2721 1178 2752 sariam
1195 2724 1272 2752 est.”
1289 2739 1330 2744 —
1351 2721 1440 2760 Quin
1459 2730 1520 2752 nec
1538 2721 1687 2752 codicum
1707 2731 1769 2753 nec
1786 2722 1944 2752 editionis
1969 2723 2065 2754 Aldi-

1053 2777 1115 2800 nae
1133 2769 1168 2798 in
1186 2767 1247 2798 hoc
1264 2777 1386 2807 genere
1413 2769 1557 2799 maxima
1582 2769 1664 2799 fides
1690 2772 1758 2808 est,
1798 2768 1882 2800 hanc
1907 2772 1997 2800 certe
2030 2770 2063 2800 in

1053 2814 1110 2847 OC·
1128 2824 1260 2855 semper
1277 2815 1448 2846 inflectere
1472 2816 1550 2854 νῦν,
1580 2817 1651 2846 sive
1676 2816 1772 2854 longa
1791 2816 1861 2845 sive
1879 2816 1971 2847 brevi
1997 2816 2065 2855 syl-

1053 2862 1128 2893 laba
1146 2871 1242 2902 opus,
1265 2862 1380 2892 Elmsl.
1403 2861 1574 2893 adnotavit
1591 2862 1630 2893 ad
1649 2873 1679 2893 v.
1702 2859 1769 2893 575
1787 2859 1837 2905 [et
1853 2863 1888 2893 in
1910 2863 1964 2893 LA
1984 2863 2065 2894 item

1053 2912 1244 2940 constanter
1267 2910 1327 2941 νῦν
1352 2918 1426 2940 esse
1451 2909 1612 2949 scriptum
1637 2910 1766 2940 monuit
1796 2909 1898 2940 Dind.
1935 2910 1973 2940 ad
2008 2911 2061 2941 Δι’.

1053 2951 1140 2995 530,
1169 2956 1226 2996 qui
1251 2956 1374 2996 quibus
1397 2956 1476 2987 locis
1504 2956 1703 2987 inclinatum
1727 2966 1787 2988 νυν
1811 2956 1998 2988 restituerit
2030 2957 2065 2987 in

1054 3001 1134 3034 PSG
1152 3002 1204 3033 ed.
1227 3002 1267 3042 V,
1289 3002 1450 3033 indicavit
1466 3002 1506 3033 ad
1523 3002 1578 3033 OC
1599 2999 1656 3033 21.
1686 3003 1738 3033 El.
1759 2999 1816 3034 73.
1846 3002 1902 3034 Tr.
1923 2999 1980 3034 92.
2002 3003 2062 3035 Pli.

1055 3045 1142 3080 123:
1171 3050 1206 3080 in
1224 3049 1334 3080 tribus
1357 3049 1524 3089 prioribus
1547 3049 1670 3080 sabulis
1687 3049 1884 3089 singillatim
1904 3047 2060 3093 monuit}

1056 3113 1159 3127 —.—
1179 3095 1193 3136 ΙΙ
1211 3095 1312 3127 Recte
1338 3096 1441 3135 igitur
1466 3100 1500 3127 et
1523 3095 1639 3126 ordine
1671 3107 1744 3128 νυν
1769 3097 1914 3136 primum
1943 3097 2066 3136 legitur

1055 3145 1258 3182 correpta
1274 3143 1419 3173 vocali
1443 3143 1494 3174 vel
1520 3143 1714 3174 nolentibus
1741 3152 1958 3183 expressumz
1985 3140 2065 3187 βᾶθί

1053 3199 1123 3230 νυν,
1153 3187 1181 3222 ὦ
1197 3186 1315 3227 τάλαν,
1338 3187 1385 3225 ὥς
1404 3199 1439 3222 σε
1465 3185 1652 3233 κελεύομεν
1675 3189 1736 3220 ΡΙι.
1771 3186 1856 3220 1196
1874 3189 1925 3221 ch.
1970 3187 2065 3222 κάτω

1053 3246 1112 3268 νυν
1130 3229 1277 3275 ἐλθοῦσ’,
1298 3234 1326 3268 εί
1345 3233 1520 3281 φιλητέον,
1541 3233 1629 3279 φίλει
1645 3234 1778 3268 κείνους
1797 3236 1876 3266 Ant.
1898 3233 1977 3267 524.
2006 3235 2065 3269 καί

1053 3293 1113 3315 νυν
1130 3281 1177 3319 ὡς
1196 3280 1308 3326 βιαίας
1327 3280 1443 3328 ἔχεται
1460 3279 1755 3327 πανδήμιος1140
1764 3282 1815 3313 ch.
1831 3294 1839 3321 ς
1857 3286 1935 3314 ante
1947 3283 2060 3314 Herm.

1053 3330 1112 3361 νῦν
1130 3329 1313 3369 legebatur,
1334 3330 1422 3369 quod
1442 3333 1547 3360 metro
1563 3330 1740 3360 adversum
1761 3326 1918 3372 [retinnit
1927 3327 2059 3373 l‘)ind.].

44 3373 46 3375 '
99 3403 110 3410 ,,
127 3371 197 3410 ‚de
212 3381 278 3413 qua
294 3383 329 3405 re
345 3375 460 3414 paucis
477 3374 565 3407 dixit
575 3375 689 3407 Valck.
709 3375 752 3407 ad
770 3375 895 3407 Phoen.
912 3372 1012 3407 1659.
1053 3374 1160 3421 χώρει
1184 3385 1260 3414 νυν,
1294 3375 1324 3408 ὦ
1341 3378 1404 3409 παῖ
1427 3376 1483 3407 Tr.
1512 3372 1568 3407 92.
1622 3374 1696 3421 σίγα
1721 3386 1779 3407 νυν
1799 3373 1904 3407 ἑστώς
1927 3377 1981 3407 Αἰ.
2003 3374 2059 3407 37.

43 3321 46 3342 l

44 3353 47 3370 l

45 3390 48 3417 l

46 3472 54 3528 l
98 3471 132 3534 ζῖ,

48 3535 52 3573 ι

108 3415 168 3458 ,ὒν
195 3428 230 3451 σε
254 3418 400 3465 πατρός,
430 3418 514 3466 πρός
530 3431 567 3453 τε
592 3420 742 3467 μητρός,
771 3419 931 3466 ἱκνοῦμαι
953 3422 1012 3453 Ph.
1057 3439 1159 3454 —.-
1179 3421 1193 3463 ΙΙ
1212 3421 1276 3453 Sed
1295 3426 1329 3453 et
1348 3423 1381 3453 in
1405 3423 1624 3464 productione
1642 3422 1786 3461 syllabae
1810 3427 1945 3462 propter
1971 3424 2063 3454 inse-
