2288 3600
277 143 375 192 566

274 259 586 300 authypotactorum
620 258 856 299 multitudine,
900 258 1059 290 aoristum
1098 258 1286 290 secundum

275 317 354 348 prae
371 316 407 338 se
423 308 511 338 ferre
529 307 649 337 mirum
667 315 734 337 non
753 308 823 347 est;
844 314 965 345 negare
983 306 1023 337 de
1041 306 1147 346 primo
1166 306 1286 336 aoristo

276 364 338 386 nec
361 354 444 385 ratio
468 356 539 393 est,
567 363 644 384 cum
661 356 750 384 certa
767 354 943 384 verborum
969 362 1090 392 genera
1114 353 1183 383 sint
1201 353 1286 383 alte-

274 411 350 433 rum
377 402 478 442 plane
504 400 720 431 excludentia
745 402 780 431 et
803 401 926 431 mirum
950 400 1104 431 videatur
1126 400 1162 430 in
1179 400 1287 431 activo

222 478 226 482 .
273 452 398 488 vetare,
420 447 507 488 quod
523 448 559 478 in
576 447 708 487 passivo
726 447 935 487 admittatur,
957 456 1019 479 nec
1035 447 1125 486 licet,
1151 456 1192 477 ne
1210 447 1286 478 bar-

275 497 353 527 bare
370 495 546 535 loquentes
563 494 716 526 homines
734 494 864 525 Atticos
883 494 1057 534 faciamus,
1073 494 1169 525 velut
1183 493 1281 534 Soph.

270 543 334 574 Ph.
357 539 435 574 381.
465 543 509 573 cf.
538 542 643 573 Arist.
671 542 775 581 Vesp.
798 537 878 572 394.
923 542 1018 572 Alter
1041 545 1093 573 est
1116 540 1283 580 Elmsleii,

274 590 332 631 qui
350 590 414 621 sibi
432 589 601 630 persuasit
633 586 680 622 οὐ
707 585 765 632 μή
799 597 875 619 cum
908 587 1024 628 futuro
1058 589 1288 628 interroyative

269 636 413 677 proferri
438 639 472 667 et
495 635 630 667 vetandi
654 636 899 676 significatione
915 635 1107 676 praeditum
1133 644 1218 675 esse,
1247 631 1287 667 οὐ

276 683 324 728 μὴ
342 681 481 729 γράψεις
506 687 545 714 ut
560 684 603 714 sit
622 681 670 726 μὴ
690 680 819 728 γράφε,
848 692 924 714 cum
940 684 1062 714 aoristo
1080 683 1149 713 vim
1166 682 1287 714 habere

273 730 417 771 neqandi
428 741 437 760 :
465 728 505 763 οὐ
520 728 568 774 μὴ
587 727 722 776 γράψῃς
739 730 843 769 igitur
860 739 934 761 esse
953 727 992 762 οὐ
1010 726 1170 776 γράψειςι
1194 740 1225 761 v.
1247 729 1287 761 ad

273 779 354 810 Eur.
382 777 470 809 Med.
495 774 595 809 1120.
619 778 719 819 Soph.
741 776 795 809 OG
816 774 893 809 177.
940 777 1079 808 Fatetur
1095 781 1208 808 tamen
1225 777 1288 808 tria

274 834 347 857 esse
374 825 463 865 apud
487 825 619 856 Atticos
650 827 765 865 poetas
792 824 948 865 exempla
978 834 1055 856 cum
1080 824 1195 864 regula
1227 833 1288 855 sua

273 873 476 914 pugnantia3
513 871 568 904 OC
589 869 666 904 177.
694 872 745 903 El.
771 868 871 903 1052.
900 871 959 902 Ar.
987 871 1070 903 Ran.
1093 868 1171 903 508.
1201 880 1286 911 quo-

273 929 347 951 rum
364 919 545 960 Sophoclea
562 919 714 959 corrigit,
743 919 779 949 in
809 919 913 950 altero
945 915 1012 964 ἄρῃ
1040 928 1099 959 pro
1132 914 1214 958 ἄξει,
1250 918 1287 948 in

272 968 375 999 altero
408 963 446 999 οὔ
481 975 524 997 ex
542 966 611 997 cod.
634 966 694 997 LA
711 976 740 997 a.
760 974 819 1006 pro
854 962 894 998 οὐ
927 965 1120 1006 scribendo,
1147 965 1182 996 id
1200 966 1288 1006 quod

273 1015 358 1046 mire
374 1014 525 1053 languet.
564 1014 616 1044 De
635 1013 880 1053 Aristophaneo
899 1013 984 1043 nihil
1003 1013 1101 1044 dixit.
1138 1012 1286 1044 Interro-

272 1061 373 1101 gandi
406 1061 573 1101 quandam
605 1061 752 1101 speciem
783 1060 895 1091 inesse
928 1060 1045 1091 Herm.
1078 1061 1114 1091 in
1147 1069 1289 1091 censura

274 1109 395 1150 Opusc.
417 1105 450 1140 3.
470 1118 504 1149 p.
526 1104 605 1139 235.
628 1108 747 1147 fassus,
778 1110 888 1139 cetera
904 1107 1054 1147 infregit,
1074 1116 1172 1148 posse
1187 1108 1288 1138 etiam

273 1157 309 1187 in
336 1155 542 1187 coniunctivi
567 1155 733 1196 exemplis
757 1155 996 1194 interrogative
1020 1155 1148 1186 dictum
1173 1154 1287 1195 quaeri

273 1203 485 1235 existimans.
515 1202 584 1234 Nec
600 1203 748 1243 profecto
765 1202 871 1233 male:
894 1211 956 1233 nec
973 1202 1179 1241 adversatur,
1200 1201 1288 1241 quod

273 1251 363 1282 idem
380 1250 422 1281 ad
438 1250 492 1280 El.
508 1246 608 1281 1041.
631 1258 707 1280 cum
724 1249 905 1280 Matthiaeo
922 1247 996 1292 (Gr.
1010 1247 1087 1280 Mai.
1100 1245 1134 1280 2.
1156 1258 1189 1288 p.
1203 1245 1283 1280 988.

273 1301 308 1329 et
325 1298 366 1329 ad
382 1297 464 1328 Eur.
487 1297 622 1337 Hippol.
644 1293 745 1339 212.)
771 1297 811 1327 ad
829 1297 964 1337 ellipsin
983 1296 1133 1336 confugit
1161 1293 1200 1328 οὐ
1219 1293 1288 1327 δει-

272 1342 342 1384 νόν,
373 1341 412 1377 οὐ
431 1341 526 1380 ὃέοςε
556 1344 639 1384 quin
658 1353 701 1375 ne
718 1346 871 1384 pugnant
888 1343 1024 1383 quidem
1051 1344 1140 1374 inter
1157 1352 1192 1374 se
1210 1343 1288 1374 illae

273 1392 496 1432 explicandae
514 1391 675 1422 formulae
693 1391 852 1431 rationes,
873 1391 961 1431 quod
977 1391 1088 1421 visum
1107 1390 1288 1421 Matthiaeo

274 1440 310 1470 in
328 1438 384 1471 Gr.
405 1439 428 1470 l.
450 1448 478 1469 c.
515 1438 715 1478 Quanquam
739 1438 859 1469 Elmsl.
881 1441 990 1478 certe,
1023 1438 1184 1478 quomodo
1202 1437 1288 1468 illud

272 1487 314 1518 de
330 1486 568 1525 interrogative
581 1485 668 1517 dicto
687 1483 736 1530 μή
749 1485 1012 1525 intelligendum
1026 1488 1125 1525 esset,
1148 1485 1287 1515 minime

273 1534 360 1565 clare
377 1536 610 1574 perspexerat.
639 1533 723 1564 Nam
740 1530 797 1577 μή
824 1533 925 1564 verba
940 1531 1074 1563 verendi
1090 1535 1124 1563 et
1140 1535 1288 1563 metuen—

273 1580 309 1612 di
327 1581 509 1612 consectari
526 1580 663 1611 solitum
680 1589 812 1620 semper
830 1580 1067 1619 interrogative
1085 1579 1218 1619 dicitur,
1248 1582 1289 1610 ut

274 1638 350 1660 eum
367 1625 506 1660 δέδοικα
524 1626 572 1672 μὴ
592 1624 695 1660 πάθω
712 1627 815 1667 dicas,
843 1627 905 1658 hoc
918 1627 1017 1666 dicas,
1040 1628 1155 1657 timore
1169 1627 1288 1666 plenus

273 1685 359 1715 sum,
380 1684 466 1706 anne
482 1674 568 1714 forte
582 1684 743 1715 passuras
759 1676 831 1715 sim,
854 1674 1038 1715 eademque
1056 1674 1140 1705 ratio
1157 1675 1192 1704 in
1211 1683 1287 1704 ver-

273 1723 325 1754 bis
342 1721 476 1754 videndi
494 1725 528 1753 et
545 1721 684 1753 cavendi
701 1725 830 1761 regnat,
848 1722 942 1753 modo
956 1722 1043 1762 quod
1060 1721 1095 1752 in
1114 1721 1166 1752 his
1185 1721 1285 1751 etiam

271 1770 477 1801 indicativus
495 1769 702 1800 admittitur:
733 1766 797 1814 ὅρα
823 1766 871 1812 μὴ
894 1765 996 1814 τιθῇς
1022 1772 1061 1799 ut
1078 1769 1124 1799 sit
1147 1768 1222 1799 vide
1246 1776 1287 1798 ne

273 1816 360 1857 forte
373 1825 494 1857 ponus,
524 1813 588 1860 ὅρα.
613 1815 661 1861 μὴ
690 1813 809 1862 θήσεις
834 1815 909 1847 vide
934 1825 1020 1847 anne
1035 1816 1202 1855 positurus
1228 1816 1283 1854 sis,

272 1862 337 1909 ὅρα
363 1862 412 1909 μὴ
439 1859 537 1910 τίθῃς
562 1863 635 1894 vide
660 1873 748 1894 anne
770 1873 889 1903 ponas,
918 1873 950 1894 V.
973 1861 1043 1908 μή.
1073 1863 1125 1894 De
1143 1863 1286 1894 coniun-

272 1912 370 1943 ctivis
396 1913 509 1942 autem
535 1911 722 1951 praesentis
748 1913 782 1942 et
807 1910 920 1941 aoristi
947 1911 1004 1941 illo
1030 1913 1224 1941 manentem
1254 1912 1289 1940 et

271 1959 477 2000 productam,
506 1967 582 1990 cum
600 1958 787 1998 loquamur,
804 1958 864 1989 hoc
881 1967 947 1988 uno
966 1957 1032 1988 nisi
1050 1958 1236 1988 absolutam
1254 1958 1288 1986 et

272 2006 337 2037 cito
360 2008 634 2046 praetereuntem
665 2006 827 2036 actionem
853 2005 919 2035 dici
945 2005 1069 2044 Reisig.
1098 2004 1289 2035 observavit

273 2062 391 2085 comm.
421 2053 495 2084 crit.
517 2053 552 2084 in
574 2052 629 2084 OG
648 2049 727 2084 398.
756 2062 788 2092 p.
810 2048 892 2083 250.
929 2052 1060 2090 Quibus
1077 2051 1170 2090 adde,
1202 2060 1287 2091 quae

273 2101 389 2132 Herm.
417 2100 457 2131 ad
481 2099 537 2131 OC
554 2096 624 2131 849
649 2103 685 2130 et
712 2096 802 2130 1024
835 2099 1022 2139 adscripsit.
1083 2099 1288 2129 Praeteritae

274 2150 385 2179 tamen
402 2148 469 2187 rei,
500 2147 587 2187 quod
605 2147 714 2178 eidem
735 2147 843 2177 visum
870 2147 909 2177 ad
929 2146 988 2176 Ph.
1009 2142 1089 2184 418,
1120 2147 1155 2176 in
1173 2145 1287 2177 aoristi

273 2194 487 2226 coniunctivo
511 2194 711 2232 significatio
736 2202 803 2224 non
821 2194 920 2224 inest.
957 2193 1058 2224 Recte
1083 2193 1188 2232 igitur
1210 2193 1287 2223 elli-

273 2242 353 2282 psin
376 2242 469 2272 illam
495 2251 571 2272 cum
587 2241 824 2279 interrogative
843 2240 1034 2280 explicandi
1062 2240 1189 2270 ratione
1207 2248 1287 2270 con-

274 2289 386 2320 ciliare
403 2288 528 2328 licebit,
559 2287 830 2328 quandoquidem
856 2297 930 2318 cum
949 2296 1010 2318 nos
1035 2288 1138 2318 vereri
1158 2290 1216 2318 aut
1233 2296 1288 2318 ca-

274 2344 346 2367 vere
362 2335 455 2367 nobis
473 2336 608 2366 alterive
625 2335 786 2375 dicimus,
816 2335 878 2365 hoc
903 2334 997 2365 modo
1019 2335 1145 2365 amicae
1171 2333 1287 2364 admo-

273 2384 411 2414 nitionis
436 2385 472 2414 et
496 2383 629 2413 solliciti
643 2383 766 2420 animi,
795 2381 890 2413 modo
907 2380 1021 2412 iudicii
1046 2382 1160 2412 incerti
1176 2383 1207 2412 et
1224 2379 1288 2411 du-

275 2430 428 2469 bitantis,
463 2429 640 2470 aliquando
666 2430 800 2460 acrioris
826 2427 1063 2460 adhortationis
1088 2437 1165 2459 cum
1190 2428 1289 2458 mira-

275 2478 368 2509 tione
392 2477 531 2518 quadam
559 2485 625 2507 non
650 2476 763 2507 statim
787 2476 937 2516 parentis
963 2485 1036 2506 esse
1055 2476 1169 2516 possit,
1200 2475 1289 2515 quod

275 2526 482 2566 postremum
500 2532 607 2563 genus
631 2523 783 2564 proxime
801 2523 896 2554 abest
912 2523 952 2553 ab
969 2522 1162 2563 imperando
1179 2526 1214 2553 et
1230 2531 1289 2552 ve-

275 2570 387 2603 tando.
415 2571 466 2602 Ita
483 2570 641 2611 perfacile
658 2570 760 2601 etiam
777 2570 862 2601 illud
879 2570 1096 2609 intelligitur,
1127 2569 1289 2610 quomodo

275 2619 316 2650 ab
339 2619 468 2650 incerto
494 2620 529 2648 et
555 2617 696 2648 sollicito
720 2617 845 2648 iudicio
874 2613 914 2649 οὐ
940 2614 989 2661 μή
1016 2619 1051 2648 et
1076 2616 1289 2648 coniunctivo

276 2665 343 2697 dici
366 2664 464 2696 solito
489 2665 556 2695 orsi
579 2664 790 2705 aliquantum
814 2665 1006 2695 confirmato
1035 2664 1145 2694 animo
1163 2671 1289 2694 sermo-

276 2721 354 2744 nem
379 2712 503 2744 certius
529 2714 690 2752 negantes
715 2711 893 2743 finiamus:
927 2711 1015 2751 quod
1040 2711 1078 2741 fit
1104 2710 1204 2751 Soph.
1233 2709 1285 2740 El.

277 2756 334 2791 42.
368 2758 509 2790 Vetandi
525 2762 638 2790 autem
656 2758 936 2798 significationem
961 2766 1029 2788 non
1046 2757 1083 2788 in
1100 2758 1214 2788 futuro
1232 2757 1291 2788 sed

277 2807 314 2837 in
340 2805 488 2837 secunda
511 2814 652 2846 persona
675 2805 769 2836 verbi
795 2805 1021 2846 quaerendam
1053 2813 1127 2835 esse
1152 2804 1291 2844 pulchre

276 2853 453 2895 perspexit
477 2853 592 2885 Herm.
613 2852 653 2884 ad
671 2851 761 2884 Med.
785 2848 886 2884 1120.
924 2850 1009 2883 Cum
1027 2851 1132 2891 igitur
1158 2848 1204 2883 οὐ
1233 2848 1289 2895 μή

278 2909 354 2932 eum
371 2899 487 2940 futuro
503 2900 636 2940 dicitur,
665 2898 808 2931 secunda
824 2907 966 2940 persona
981 2897 1133 2937 vetandi,
1161 2900 1291 2929 ceterae

277 2947 442 2979 iudicium
459 2947 652 2987 ambiguum
671 2946 818 2987 quidem,
833 2949 879 2977 'ut
895 2946 937 2977 de
954 2955 990 2977 re
1008 2946 1134 2984 sutura,
1164 2947 1198 2976 at
1216 2954 1292 2976 cum

277 2995 390 3035 aliqua
414 2994 575 3025 firmitate
608 2993 826 3025 existimandi
851 2993 1018 3034 prolatum
1043 2993 1207 3024 referunt.
1252 2988 1291 3023 οὔ

277 3050 330 3074 σοι
355 3039 404 3086 μὴ
435 3037 632 3086 μεθέψομαί
657 3050 739 3073 ποτε
765 3039 819 3071 ΕΙ.
844 3036 944 3071 1052.
966 3040 989 3070 i.
1012 3049 1042 3071 e.
1072 3036 1111 3071 οὐ
1138 3036 1214 3075 δέος
1231 3039 1293 3071 τοῦ

278 3084 492 3133 μεθέπεσθαι
517 3085 571 3120 σοὶ
589 3085 669 3131 ἐμὲι
698 3096 774 3118 cave
791 3085 915 3126 credas,
931 3095 982 3117 me
995 3089 1193 3126 secuturam,
1213 3095 1294 3117 nam

280 3143 350 3166 non
373 3142 490 3175 sequar
511 3133 674 3175 profecto.
712 3130 751 3167 οὔ
775 3143 830 3166 τοι
856 3131 905 3178 μή
931 3130 1015 3166 ποτε
1041 3142 1076 3165 σε
1146 3143 1197 3170 τις
1222 3130 1293 3172 ἄξει

278 3181 333 3214 OG
350 3178 427 3214 177.
457 3177 581 3214 οὔκουν
596 3178 636 3214 ἐκ
652 3178 788 3214 τούτοιν
805 3191 843 3226 γε
861 3179 910 3225 μὴ
929 3177 1117 3224 σκήπτροιν
1136 3178 1184 3213 ἔτι
1201 3177 1293 3212 ὁδοι-

278 3227 447 3274 πορήσεις
464 3225 544 3261 849.
573 3237 652 3259 cave
669 3227 794 3266 credas,
814 3236 859 3258 cm
874 3236 996 3258 usum
1019 3228 1064 3258 sia
1082 3228 1215 3258 illorum
1231 3226 1294 3258 ad-

279 3276 468 3307 miniculo:
511 3284 580 3306 non
611 3277 699 3308 enim
729 3283 877 3315 unquam
899 3275 1020 3306 uteris:
1051 3277 1161 3306 rectus
1188 3275 1296 3306 futuri

278 3331 361 3354 usus
386 3325 438 3354 est
466 3322 504 3353 in
530 3330 566 3354 re
583 3330 643 3363 per
661 3323 816 3354 futurum
841 3330 938 3354 omne
960 3324 1096 3361 tempus
1120 3321 1290 3363 producta.

280 3369 424 3404 'vetatur
441 3369 586 3413 aliquid:
608 3366 648 3403 οὐ
663 3368 724 3415 Γμὴ
755 3361 913 3415 Ἐεγερεῖς
940 3366 998 3401 τὸν
1024 3364 1120 3414 ὕπνῳ
1144 3365 1293 3414 κάτοχον

1267 138 1333 189 Οὐ

1307 2004 1491 2044 fendatur.
1537 2005 1610 2035 Etsi
1634 2005 1726 2035 enim
1750 2014 1818 2036 non
1843 2007 1951 2037 amari
1975 2015 2029 2036 res
2063 2009 2115 2037 est
2139 2015 2275 2043 manen,

1997 153 2047 202 [11
2061 165 2096 200 p.
2116 153 2288 191 ιιι-μω

1324 258 1380 291 Tr.
1401 255 1480 291 978.
1510 258 1595 292 Cum
1612 261 1726 292 futuro
1742 260 1918 294 indicativi
1934 264 2025 294 recta
2041 264 2190 296 oratione
2207 272 2288 296 serm

1323 307 1474 338 cinantes
1506 307 1651 347 utimur,
1688 308 1797 339 aliena
1829 310 2042 342 narrantibus
2074 311 2242 351 optativus
2274 320 2288 344 a

1324 354 1510 386 ministerio
1525 354 1638 386 adest:
1669 352 1856 397 ἐθέσπισεν,
1886 354 1945 389 καὶ
1967 354 2049 390 τάπὶ
2065 354 2174 403 Τροίᾳ
2188 355 2288 405 πέργι

1323 399 1370 437 ὡς
1401 397 1440 433 οὐ
1472 399 1521 444 μή
1551 411 1634 434 ποτε
1664 399 1819 446 πέρσοιεν
1849 403 1909 434 Ph.
1931 400 2010 435 611.
2055 405 2102 436 At
2126 406 2288 437 coniuncti

1320 449 1503 487 praesentis
1519 458 1573 480 res
1590 448 1713 480 durans
1729 450 1787 481 illo
1801 459 1866 491 quo
1880 450 2047 491 loquimur
2063 454 2212 492 tempore
2230 453 2288 493 sigi

1324 495 1454 525 fleatur.
1502 495 1695 526 Dubitanti-3
1718 499 1765 528 est
1789 506 1865 528 cum
1886 497 2047 530 modestia
2072 498 2186 530 iudicii
2218 496 2258 532 οὐ
2284 510 2288 544 1

1324 551 1406 573 ποτε
1434 541 1553 588 χώρας
1584 540 1748 588 φυγόντες
1775 537 1872 590 τῆσδ’
1902 541 2118 592 ἐπεύγωνται
2149 543 2245 583 θεοῖς
2278 546 2288 579 <

1327 585 1428 620 1027.
1458 588 1578 630 Captos
1603 593 1751 630 raptores
1778 600 1851 622 esse
1869 591 1935 623 iam
1952 586 2031 623 dum
2048 592 2216 634 loquatur,
2245 592 2288 625 Ti

1325 644 1403 667 seus
1420 637 1629 676 suspicatur:
1658 637 1839 669 verendum
1851 647 1920 669 ηοπ
1936 641 1994 679 est,
2022 640 2146 681 inquit,
2175 650 2221 671 απ
2237 639 2288 680 sor

1325 682 1411 722 quod
1429 683 1502 714 illos
1519 683 1696 725 effuyerint
1707 709 1715 724 ,
1746 686 1812 716 iam
1828 685 1892 716 diis
1909 687 2036 724 qratias
2053 689 2168 726 ayant.
2196 686 2288 726 Quod

1325 726 1522 770 ἐπεύξονται
1537 735 1596 762 aut
1615 728 1821 771 ἐπεύξωνται
1838 732 1992 773 dixisset,
2015 737 2148 774 captum
2165 735 2205 765 ἱτὶ
2230 735 2288 775 sigi

1324 778 1483 809 ficaturus
1502 781 1590 818 erat,
1619 779 1742 810 certius
1758 779 1837 820 illo,
1867 779 1928 812 hoc
1943 780 2140 813 modestius.
2168 781 2288 813 Rectei

1324 823 1440 856 Herm.
1479 824 1565 857 Cum
1590 827 1798 857 conium-tivo
1822 828 1937 858 aoristi
1953 827 2082 859 dictum
2108 825 2156 862 οὐ
2183 826 2241 874 μή
2266 838 2288 861 r«

1325 871 1438 903 futuro
1456 875 1605 913 tempore
1622 873 1687 903 cito
1704 874 1937 905 absolvendam
1953 875 2092 906 indicat.
2121 875 2167 907 Et
2181 884 2288 908 ver-ece

1325 917 1405 949 dum
1422 919 1558 960 quidem
1576 919 1734 951 iudicium
1751 920 1831 952 haec
1849 923 2024 953 continent
2039 931 2045 951 :
2072 918 2112 955 οὐ
2137 920 2200 968 γάρ
2225 932 2261 955 σε
2279 935 2288 968 τι

1353 963 1415 1011 'pop
1436 977 1474 998 τε
1500 964 1560 999 καὶ
1584 965 1699 1022 χρόνῳ
1726 966 1850 1014 μακρῷ
1865 972 1970 1014 γνῶσι
1992 969 2046 1000 El.
2067 966 2124 1001 42.
2154 968 2192 1004 οὐ
2212 967 2288 1014 μὴτ

1374 1023 1429 1045 ται
1455 1014 1516 1046 Ph.
1540 1011 1617 1046 103.
1647 1012 1686 1047 οὐ
1706 1012 1754 1058 μὴ
1773 1012 1903 1048 θάνωσι
1920 1012 1989 1047 418
2003 1041 2010 1055 ,
2039 1017 2126 1057 quod
2144 1027 2210 1050 non
2229 1017 2288 1057 sigi

1325 1062 1402 1092 fleat
1426 1070 1495 1092 ηοη
1517 1061 1715 1101 verendum,
1744 1071 1785 1093 ne
1809 1064 1931 1093 mortui
1948 1065 2035 1094 sint:
2062 1064 2121 1095 sed
2136 1073 2206 1096 non
2222 1072 2288 1096 ven

1325 1107 1415 1148 dum,
1444 1117 1484 1139 ne
1509 1108 1594 1148 forte
1610 1110 1798 1140 moriantur
1824 1119 1901 1141 cum
1917 1110 2205 1150 adsignificatione
2222 1119 2288 1144 mol

1325 1159 1534 1196 praematura
1559 1156 1627 1194 (die
1651 1155 1782 1187 werden
1806 1156 1894 1188 nicht
1917 1166 1953 1188 so
1978 1157 2072 1189 leicht
2089 1158 2241 1197 sterben).
2269 1155 2288 1192 ἐ

1326 1195 1354 1234 δ’
1380 1199 1418 1234 οὐ
1447 1200 1495 1246 μή
1523 1213 1623 1244 ποτε,
1651 1198 1729 1246 τᾶμ’
1759 1202 1805 1240 ὡς
1834 1199 1875 1236 ἂν
1893 1201 1980 1237 εἴπω
2008 1203 2056 1250 μὴ
2073 1202 2117 1238 τά
2133 1199 2172 1246 o',
2194 1202 2288 1287 ezei!

1323 1246 1417 1281 κακά
1434 1249 1492 1281 ΟΚ
1509 1246 1588 1281 329.
1619 1247 1699 1283 οὐδὲ
1717 1247 1765 1294 μή
1783 1261 1865 1283 ποτε
1882 1248 1976 1285 λάθα
1991 1251 2233 1300 κατακοιμάσῃ
2251 1249 2275 1284 8

1325 1299 1360 1327 et
1376 1297 1549 1336 passivum
1566 1295 1630 1330 κού
1656 1295 1705 1340 μὴ
1732 1295 1902 1343 στερηθῇς
1920 1295 2001 1330 771.
2029 1295 2068 1331 οὔ
2095 1309 2130 1331 σε
2149 1298 2191 1344 p)
2216 1297 2288 1344 ‘apd

1324 1343 1380 1375 OC
1399 1340 1478 1374 649.
1508 1342 1587 1376 οὐδὲ
1605 1343 1668 1389 γὰρ
1687 1342 1734 1376 ὢν
1752 1342 1919 1390 ἀφίλητος
1939 1343 1987 1390 μὴ
2007 1311 2288 1392 κυρήσῃςη703ἶ

1325 1386 1398 1422 ἀλλ’
1427 1387 1506 1423 οὐδὲ
1529 1393 1588 1423 νῦν
1616 1401 1651 1423 σε
1677 1390 1726 1436 μὴ
1745 1389 1882 1437 παρόντ’
1899 1390 1958 1439 ἰ’ὃῃ
1976 1390 2084 1430 πέλας
2100 1391 2227 1426 Ai.83.
2255 1385 2288 1429 οὒ

1325 1431 1370 1470 ἐτ’
1392 1435 1500 1483 ἄνδρα
1527 1437 1575 1483 μὴ
1608 1435 1697 1471 τόνδ’
1720 1436 1754 1471 ’ίὸ
1782 1450 1818 1471 τε
1843 1436 1907 1471 421
1928 1441 1979 1471 ch.
2011 1436 2105 1473 οὔτοι
2124 1435 2151 1472 σ’
2170 1432 2288 1487 ἈχαιΙ

1324 1482 1414 1524 οἶδα,
1446 1483 1495 1529 μή
1520 1496 1571 1522 τις
1597 1482 1718 1532 ὑβρίσῃ
1743 1449 1822 1518 571θο.
1853 1483 1891 1519 οὔ
1916 1497 1948 1519 τι
1969 1485 2017 1531 μὴ
2037 1485 2158 1533 σφαλῶ
2176 1488 2233 1520 Tr.
2253 1483 2288 1526 61

1325 1530 1364 1564 οὐ
1391 1530 1440 1576 μὴ
1466 1529 1564 1576 λάβω
1584 1530 1686 1564 1190.
1722 1533 1983 1573 Adsignificatur
2006 1535 2161 1566 voluntas
2177 1539 2212 1567 et
2228 1534 2288 1569 cod

1324 1579 1406 1610 lium
1431 1581 1570 1611 firmiter
1593 1581 1803 1621 propositum
1827 1582 1938 1612 animo
1962 1582 2154 1621 loquentis:
2191 1580 2255 1616 οὐκ
2283 1595 2285 1598 ’

1324 1623 1410 1670 ἐμοῦ
1429 1637 1467 1672 γε
1485 1626 1533 1672 μὴ
1552 1625 1768 1672 κρατήσωσίν
1787 1638 1870 1660 ποτε
1888 1627 1942 1660 OC
1960 1625 2040 1660 408.
2070 1638 2140 1660 non
2163 1633 2209 1661 eat
2223 1628 2285 1660 υ’“

1324 1673 1415 1713 dum,
1443 1683 1483 1704 ne
1507 1685 1527 1705 α
1549 1684 1599 1705 me
1624 1676 1812 1715 impetrem,
1841 1678 1879 1706 ut
1895 1685 1946 1706 me
1959 1677 2134 1716 potiantur
2158 1678 2220 1714 (eie
2236 1686 2265 1708 ε

1322 1720 1440 1758 nicht).
1470 1716 1510 1753 οὔ
1536 1731 1567 1753 τι
1594 1719 1642 1765 μὴ
1668 1719 1802 1768 λάχωσι
1827 1720 1927 1755 τοῦδε
1957 1720 2143 1769 συμμάχου
2161 1720 2242 1755 450.
2278 1743 2279 1748 =

1324 1767 1417 1799 tandi
1442 1769 1640 1807 significatio
1664 1769 1773 1800 inest:
1812 1767 1851 1802 οὐ
1880 1768 1928 1814 μή
1954 1764 2029 1802 ποτ’
2055 1768 2090 1807 ἐς
2114 1769 2178 1816 τὴν
2206 1765 2283 1804 22³⁴

1325 1812 1516 1862 ἐκπλεύσῃς
1534 1813 1626 1862 ἔχων
1644 1815 1705 1847 Ph.
1718 1813 1799 1848 38¹1.
1830 1817 1984 1848 Aoristus
2000 1818 2036 1848 in
2054 1818 2108 1849 his
2125 1820 2285 1859 suae,q1‘

1324 1865 1402 1893 ante
1420 1865 1652 1903 exposuimus,
1674 1864 1930 1902 significationis
1949 1867 2052 1896 tenax
2066 1868 2128 1905 est,
2151 1865 2219 1896 nisi
2240 1878 2245 1893 ι
2264 1878 2268 1891 τ

1324 1909 1407 1941 illud
1424 1908 1578 1955 κυρήσῃς
1590 1910 1645 1942 OC
1665 1907 1766 1942 1703.
1795 1912 1952 1951 excipere
1968 1912 2146 1951 placuerit,
2172 1914 2212 1943 ut
2281 1947 2284 1956 ἶ

1325 1966 1392 1993 σεις
1416 1958 1632 1988 scribendum
1658 1958 1798 1989 iudices.
1839 1958 1901 1990 Sed
1920 1958 2020 1990 habet
2036 1959 2179 1990 aoristus
2197 1968 2264 2000 quo

1324 2051 1496 2091 producta,
1533 2055 1644 2082 tamen
1678 2061 1753 2083 cum
1787 2053 1822 2083 in
1854 2054 1983 2097 κυρεῖν,
2019 2053 2106 2093 quod
2135 2056 2241 2084 contr
2276 2057 2279 2061 ’

1324 2095 1530 2142 ἁμαρτάνειν
1549 2099 1660 2138 habet,
1682 2099 1867 2138 attinyendi
1883 2102 1918 2131 et
1934 2099 2154 2140 consequendi
2170 2101 2222 2131 vis
2239 2101 2275 2137 ij

1324 2142 1491 2190 ἀφίλητον
1516 2147 1634 2190 κυρεῖν
1659 2146 1829 2186 intelligas
1853 2147 1894 2178 de
1913 2156 1951 2178 eo
1965 2171 1973 2187 ,
2003 2156 2103 2187 quem
2120 2147 2197 2188 quis
2219 2161 2226 2175 ι

1324 2201 1446 2223 amare.
2064 2191 2112 2237 (ΙΙ
2130 2204 2164 2235 p.
2185 2187 2282 2226 413<⁴

1393 2239 1425 2269 b.
1455 2239 1623 2277 Quomodo
1641 2243 1716 2279 post
1742 2237 1782 2272 οὐ
1809 2241 1974 2272 inseratur
1999 2239 2056 2285 μή
2084 2244 2120 2272 et
2146 2239 2272 2285 μηδὲ

1325 2286 1392 2317 illis
1409 2286 1576 2318 vocabulis
1594 2288 1784 2328 expositum
1803 2291 1866 2318 est.
1890 2305 1992 2319 -.—
2019 2287 2035 2329 ΙΙ
2060 2285 2108 2320 οὐ
2135 2291 2211 2328 post
2239 2297 2258 2320 ο

1325 2334 1470 2365 infertur
1494 2334 1615 2365 fortius
1642 2334 1810 2374 negando,
1839 2344 1940 2375 quam
1962 2335 2002 2366 fit
2026 2335 2155 2366 duobus
2180 2343 2259 2367 me·

1325 2380 1501 2421 dispertito
1527 2377 1616 2413 οὔτε.
1653 2381 1694 2412 V.
1717 2381 1848 2413 Schaes.
1869 2382 1909 2412 ad
1927 2382 1965 2412 L.
1987 2381 2063 2413 Bos.
2092 2391 2126 2422 p.
2147 2378 2227 2414 228.
2253 2381 2271 2409 2?

1325 2426 1380 2458 OC
1399 2423 1478 2459 972.
1508 2428 1627 2459 Elmsl.
1650 2428 1691 2458 ad
1710 2429 1791 2459 Eur.
1814 2429 1901 2460 Med.
1926 2425 2027 2460 1316.
2057 2428 2200 2461 Brunck.
2228 2442 2265 2457 .·-·

1325 2471 1405 2505 295.
1436 2472 1472 2511 ὃς
1491 2471 1568 2507 οὔτε
1586 2472 1734 2518 βλάστας
1751 2486 1806 2507 πω
1819 2472 2015 2520 γενεθλίους
2032 2474 2158 2521 πατρός
2173 2501 2180 2515 ,
2209 2472 2254 2509 ο”

1325 2519 1404 2564 τρὸς
1422 2518 1517 2567 εἶχον
1535 2521 1590 2553 OC
1609 2518 1689 2553 973.
1719 2519 1795 2554 οὔτε
1820 2533 1879 2555 του
1898 2520 2042 2568 γενῇδος
2065 2520 2109 2567 ἠν
2126 2514 2275 2568 πλῆγμ’

1327 2565 1487 2612 δικέλλης
1501 2566 1630 2612 ἐκβολή
1650 2570 1731 2599 Ant.
1744 2566 1824 2601 250.
1848 2570 1892 2600 Et
1909 2571 1999 2600 binis
2017 2566 2094 2602 οὔτε
2107 2570 2186 2601 bina
2202 2566 2249 2602 ob*

1326 2616 1468 2646 sectaria
1485 2620 1583 2647 sunt:
1615 2612 1682 2648 οὔτ’
1707 2613 1748 2648 ἄν
1761 2626 1811 2648 νιν
1830 2613 1944 2661 ὄλβος,
1967 2608 2170 2661 οὔτ”Αρης,
2192 2614 2232 2649 οὐ
2259 2642 2270 2654 .,

1325 2672 1396 2706 γος,
1417 2660 1482 2708 οὐχ
1500 2659 1682 2695 ἁλίκτυποι
1699 2661 1855 2696 κελαιναὶ
1870 2665 1948 2700 νᾶες
1967 2660 2146 2709 ἐκφύγοιεν
2162 2664 2242 2695 Ant.
2261 2664 2265 2675 ¹

1326 2706 1422 2741 *οὔτ’
1440 2707 1474 2741 ἐν
1494 2707 1662 2754 βροτοῖσιν
1681 2703 1750 2742 οὔτ’
1770 2707 1805 2742 ἐν
1821 2712 1989 2754 νεκροῖσιν
2005 2709 2162 2754 μέτοικος
2180 2708 2220 2743 οὐ
2240 2706 2269 2735 θ’

1328 2754 1367 2790 οὐ
1386 2753 1546 2790 θανοῦσιν
1565 2754 1629 2787 851
1650 2766 1694 2787 m.
1726 2758 1822 2788 cuius
1847 2758 1908 2788 loci
1933 2759 2023 2798 prior
2040 2766 2158 2788 versus
2175 2757 2260 2788 vala>

1327 2807 1516 2843 suspectus.
1545 2804 1647 2834 Aliud
1665 2813 1770 2842 genus
1788 2809 1840 2835 est
1857 2804 1938 2836 Ant.
1958 2801 2047 2836 257:
2069 2805 2198 2848 σημεῖα
2214 2798 2242 2836 δ’
2255 2836 2257 2838 ,

1328 2848 1451 2929 θηρός,
1468 2847 1545 2883 οὔτε
1562 2852 1623 2883 τοῦ
1648 2854 1762 2883 κυνῶν
1782 2848 1952 2891 ἐλθόντος,
1983 2849 2024 2884 οὐ
2049 2848 2263 2888 σποίιτιιινίτοςν

1328 2909 1376 2943 φα
1389 2907 1483 2930 νετοε
1515 2907 1625 2937 neque
1644 2898 1736 2928 enim
1754 2894 1830 2930 οὔτε
1913 2896 1951 2930 οὐ
1977 2899 2048 2939 pari
2066 2898 2229 2938 dignitate

1327 2948 1512 2984 ponuntur,
1550 2945 1608 2975 sed
1632 2945 1697 2975 duo
1721 2946 1778 2975 illa
1813 2941 1890 2977 οὔτε
1918 2946 1982 2976 sibi
2011 2946 2155 2977 invicem
2188 2952 2242 2986 01)

1330 2995 1428 3031 sunt,
1458 2992 1673 3022 stibium-tum
1698 2990 1737 3023 οὐ
1764 2989 1967 3029 σπάσαντος,
1995 2993 2120 3033 quippe
2138 2990 2251 3022 relatr‘

1329 3039 1473 3069 alterum
1488 3039 1705 3078 participium
1724 3035 1898 3078 ἐλθόντος,
1920 3040 1973 3070 cui
1992 3049 2034 3070 ne
2052 3035 2258 3078 negationes

1329 3086 1499 3124 tollerent,
1528 3085 1603 3116 addi
1620 3083 1660 3118 οὐ
1684 3095 1750 3116 non
1768 3086 1890 3125 potuit.
1914 3103 2015 3117 —.—-
2035 3085 2049 3127 ΙΙ
2073 3084 2119 3118 οὐ
2139 3103 2179 3109 -—
2197 3081 2264 3127 οὐ>

1330 3133 1462 3172 quando
1490 3133 1621 3163 duobus
1652 3133 1808 3163 membris
1837 3135 1949 3164 contra
1976 3133 2096 3173 positis
2128 3134 2258 3174 Ρηοέυ,

1331 3189 1405 3210 cum
1424 3175 1500 3212 οὔτε
1521 3198 1561 3203 -
1582 3176 1658 3211 οὔτε
1684 3189 1744 3210 suo
1768 3180 1840 3210 iure
1858 3179 1984 3210 dictum
2009 3180 2050 3210 iri
2076 3173 2260 3222 exspecta

1331 3227 1456 3267 quippe
1482 3230 1540 3257 aut
1570 3235 1636 3257 una
1662 3236 1696 3257 re
1719 3226 1860 3265 duobus,
1889 3229 1948 3257 aut
1972 3226 2101 3258 duabus
2123 3226 2184 3258 uni
2213 3239 2238 3250 ε-
2267 3220 2270 3223 ’

1331 3274 1424 3305 catis.
1468 3273 1582 3305 Etiam
1607 3272 1668 3304 hoc
1694 3273 1815 3304 fortius
1844 3277 1895 3304 est
1919 3283 2018 3314 quam
2052 3273 2156 3304 altera
2179 3269 2257 3303 1·.-··'

1331 3321 1433 3351 ratio:
1463 3330 1495 3352 V.
1516 3320 1639 3351 Locell.
1662 3320 1702 3351 ad
1719 3320 1807 3351 Xen.
1835 3320 1958 3360 Ephes.
1980 3330 2014 3361 p.
2038 3316 2114 3351 129.
2162 3322 2172 3333 “
2198 3342 2201 3345 ,
2220 3324 2254 3360 ὼ,

1330 3370 1414 3408 part.
1435 3376 1511 3406 neg.
1532 3367 1576 3398 II.
1597 3377 1630 3407 p.
1648 3362 1705 3398 29.
1726 3366 1917 3407 Sophoclea,
1939 3371 2071 3407 praeter
2087 3367 2145 3398 illa
2160 3367 2220 3398 in·
2240 3408 2243 3410 ‚
