2288 3600
253 89 316 139 50
1206 79 1294 137 ’Ἂν

248 208 426 239 admodum
460 208 573 239 Latini
604 208 946 248 plusquamperi'ectis
978 207 1153 238 indicativi
1179 206 1267 237 modi

248 264 308 295 pro
321 255 544 286 coniunctivis
559 258 715 295 utuntur,
732 263 791 295 pro
807 254 959 285 lubidine
977 255 1154 285 admissam
1168 254 1266 284 dixe-

248 302 331 333 rim:
368 302 452 343 quin
475 302 516 333 ad
542 302 745 333 senteniiam
770 310 869 342 saepe
905 301 990 333 nihil
1016 302 1176 340 interest.
1214 310 1266 331 res

249 358 330 380 num
346 353 507 390 tanquam
525 350 609 380 facta
626 358 685 390 per
703 359 738 380 se
755 358 796 380 an
823 349 935 389 aliqua
953 349 1141 380 conditione
1159 349 1267 388 posita

247 397 466 437 enuntietur3
500 397 559 427 sed
577 396 780 436 cavendum,
810 405 853 427 ne
871 397 907 427 in
924 396 1118 427 discrimine
1137 396 1264 426 utrius—

247 453 314 484 que
331 445 477 483 generis,
498 444 587 484 quod
603 448 769 484 pertenue
788 447 849 483 est,
880 443 1113 474 constituendo
1131 447 1265 482 argute-
1283 457 1285 466 ν

248 500 334 522 mur.
363 492 404 523 V.
426 491 527 522 etiam
544 491 663 522 Matth.
685 491 725 522 ad
740 491 865 521 Alcest.
887 487 955 521 923
981 491 1015 521 in
1040 491 1264 522 locutionibus
1282 518 1283 521 ,

247 540 350 584 χρῆν,
371 536 462 574 εἰκὸς
479 535 523 581 ἦν
541 538 616 569 sim.
639 538 728 569 haud
746 538 930 568 infeliciter
948 542 1135 569 versantem
1155 537 1265 577 expli-
1282 539 1284 559 s

247 586 372 618 randis,
402 585 493 623 Quod
513 585 553 617 de
570 587 587 617 ἔ
606 586 716 616 finalis
735 595 807 616 rara
825 586 965 616 elisione
983 583 1038 625 (ut
1057 594 1121 616 non
1136 585 1265 615 ‹jlicatur

249 643 279 663 v.
301 642 329 663 c.
351 625 509 665 ἐλάνθαν’
534 629 592 676 ἄν)
618 632 735 663 Elmsl.
765 633 900 672 scripsit
925 633 963 663 ad
988 626 1075 663 Med.
1097 629 1166 662 41ss
1193 636 1260 662 not.

247 689 278 719 p.
302 689 380 711 casu
406 689 473 711 non
499 680 627 710 ratione
653 689 770 710 verum
797 689 871 710 esse
889 680 1040 711 arbitror.
1071 679 1122 710 Cf.
1146 678 1260 710 Herm.

248 728 271 758 l.
293 737 320 758 c.
341 737 376 768 p.
397 724 454 758 71.
493 727 618 758 Locum
642 727 816 766 geminum
835 727 959 758 Alcest.
982 723 1061 757 923.
1080 727 1125 757 Μ,
1147 728 1265 767 proba—

246 774 360 806 biliter
373 774 578 805 emendavit.
595 774 712 805 Herm.
730 767 803 806 οὐκ]
821 768 883 807 οἷδ’
901 772 995 806 ὅπως
1012 783 1047 806 σε
1066 777 1120 819 φῶ
1142 772 1265 818 βεβου-

246 818 389 855 λεῦσθαι
413 818 545 858 καλῶς.
580 819 637 864 (In
662 822 715 852 his
739 823 880 861 protasis
906 822 1005 861 inest.
1035 819 1064 853 εἰ
1081 819 1145 865 γὰρ
1164 819 1266 866 ἐβου-

246 865 391 912 λεύσω.)
409 886 449 892 -
470 866 636 913 κρείσσων
662 867 727 914 γὰρ
751 865 845 911 ἦσθα
863 862 985 913 μηκέτ’
1012 867 1058 901 ὧν
1076 866 1098 913 ἢ
1119 867 1186 907 ζῶν
1204 878 1265 900 τυ-

248 913 334 961 φλός
353 914 412 948 OR
431 912 534 948 1368.
554 908 579 963 ᾗ
619 919 693 962 ,ρῆν
712 909 739 947 σ’
757 913 909 961 ἀρήγειν,
931 914 960 948 εί
979 911 1137 962 φρονοῦσ’
1165 913 1266 960 ἐτύγ-

247 973 351 1009 χανες
377 963 430 995 El.
460 959 539 995 529.
569 961 598 995 εἲ
624 962 630 974 ’
660 959 791 1009 ὤφελες
816 961 931 995 τοιάδε
956 962 1020 1008 τὴν
1053 963 1195 1009 γνώμην

247 1009 354 1044 εἶναι·
389 1008 502 1043 πάντα
533 1008 577 1055 γὰ
629 1008 843 1055 κατειργάσω
881 1008 980 1042 1022.
1026 1011 1172 1042 Brunck.
1195 1020 1260 1041 sec.

246 1058 439 1090 Dawesium
455 1056 504 1101 (p.
526 1020 611 1097 268)
645 1059 711 1090 πᾶν
737 1057 800 1102 γὰρ
818 1055 871 1090 ἄν.
903 1060 994 1104 χρῆν
1013 1051 1040 1089 δ’
1060 1054 1161 1094 εὐθὺς
1180 1055 1265 1090 εἶναι

245 1102 349 1150 τήνδε
365 1107 437 1142 τοῖς
455 1107 555 1138 πᾶσιν
575 1103 674 1150 δίκην
693 1103 804 1137 *1505
827 1105 916 1145 [secl.
929 1105 1063 1146 Dind.}.
1087 1099 1156 1138 οὐδ’
1176 1103 1265 1137 ἀκά-
1282 1100 1284 1122 “’

246 1149 372 1198 θαρτον
399 1149 490 1196 ὑμᾶς
512 1150 605 1186 εἰκὸς
627 1150 671 1198 ἦν
697 1150 807 1186 οὕτως
837 1151 894 1185 ἐᾶν
922 1152 979 1183 OR
995 1149 1075 1183 256.
1115 1153 1179 1184 Sed
1198 1161 1263 1183 non
1282 1178 1284 1193 ι

246 1200 396 1240 pertinet
421 1199 487 1231 huc
511 1200 565 1231 Ai.
598 1197 674 1232 183.
705 1211 734 1231 v.
765 1201 880 1232 Herm.
910 1201 931 1231 1.
955 1210 981 1231 c.
1012 1209 1045 1240 p.
1075 1197 1132 1231 74.
1161 1199 1174 1240 Η
1201 1196 1284 1230 Sed·

247 1248 347 1278 etiam
372 1246 415 1278 ad
436 1248 649 1287 potentiaLem
674 1249 858 1287 optativum
883 1245 922 1280 ἄν
951 1248 1060 1279 omitti
1079 1248 1194 1278 multis
1214 1242 1284 1287 ιιι-ξ

248 1303 323 1326 sum
348 1298 400 1325 est
416 1304 448 1325 v.
470 1294 627 1327 Schaefer
652 1295 731 1326 Mel.
755 1294 808 1326 Cr.
830 1304 862 1335 p.
885 1291 926 1326 51
947 1304 1018 1335 sqq.
1048 1305 1081 1335 p.
1106 1290 1170 1325 129
1190 1303 1260 1334 sqq.

249 1341 286 1373 G.
306 1341 344 1373 F.
365 1341 550 1373 Hermann.
573 1342 613 1373 ad
639 1342 721 1373 Luc.
749 1343 790 1374 de
807 1343 896 1375 Hist.
927 1342 1062 1374 Gonscr.
1083 1351 1116 1382 p.
1139 1339 1183 1373 35
1203 1339 1260 1385 [cf.

248 1390 289 1419 A.
313 1388 440 1421 Nauck.
460 1389 579 1430 Eurip.
603 1389 699 1421 Stud.
720 1390 751 1420 11
773 1386 847 1421 118.
880 1389 919 1420 G.
941 1390 1074 1429 Wolff.⁷
1105 1390 1163 1420 das
1190 1389 1264 1420 feh-

247 1435 347 1467 lende
363 1432 404 1468 ἄν
421 1436 453 1467 b.
475 1440 543 1477 opt.
565 1441 693 1477 potent.
722 1437 769 1467 im
787 1437 899 1468 drama
917 1437 980 1468 Rh.
1003 1437 1047 1468 M.
1072 1434 1126 1477 18⁷
1148 1433 1262 1467 602-

248 1476 342 1525 607].
363 1482 409 1514 Et
420 1483 461 1515 de
474 1483 690 1524 scriptoribus
705 1493 770 1515 non
784 1484 906 1515 Atticis
925 1485 1081 1525 inprimis
1099 1485 1264 1524 sequioris

248 1531 366 1562 aetatis
389 1531 498 1571 poetis
523 1531 600 1571 quis
626 1533 821 1570 negaverit?
862 1533 906 1562 At
931 1532 1059 1563 Atticos
1084 1532 1173 1562 idem
1202 1532 1264 1563 sibi

248 1577 431 1609 indulsisse
455 1578 605 1610 nondum
631 1579 710 1610 satis
735 1579 1021 1619 demonstratum3
1051 1579 1264 1620 paucissimis

249 1626 352 1665 enim,
380 1634 465 1666 quae
484 1626 581 1665 vulgo
598 1626 824 1665 contulerunt,
854 1627 1020 1667 exemplis
1039 1636 1113 1657 cuin
1132 1627 1265 1665 ingenti

250 1672 468 1704 multitudine
493 1682 608 1704 eorum
631 1682 716 1714 quae
749 1670 790 1706 ἄν
823 1673 949 1705 habent
974 1674 1165 1714 compositis
1192 1683 1262 1705 cor-

250 1719 401 1762 ruptelae
414 1720 527 1761 potius
545 1721 691 1762 suspicio
708 1722 824 1752 oritur.
846 1721 897 1752 De
915 1722 1026 1752 atticis
1043 1722 1151 1762 poetis
1164 1721 1263 1762 plane
1281 1717 1283 1730 ¹

248 1766 439 1807 negandum
463 1772 515 1799 est
540 1769 650 1799 omitti
676 1765 716 1801 ἄν
741 1768 781 1800 ad
798 1765 983 1808 optativum
1002 1778 1078 1800 vere
1096 1770 1263 1809 potentia-

247 1814 328 1854 lem,
357 1813 391 1845 id
415 1817 462 1845 est
485 1824 560 1846 eum
576 1816 630 1856 qui
646 1825 715 1846 ¹rem
738 1823 807 1847 *non
823 1815 949 1855 factam
975 1815 1062 1847 dieat
1080 1815 1134 1846 sed
1160 1817 1266 1856 qualis

247 1860 427 1893 seeundum
451 1862 610 1902 loquentis
643 1864 943 1902 aryumentaemtisve
977 1865 1172 1895 sententiam
1196 1863 1265 1904 fieri

244 1917 337 1948 pom
360 1908 533 1941 videatur:
567 1919 670 1950 quare
699 1919 798 1951 quam
823 1911 864 1941 de
890 1911 1011 1942 omisso
1036 1911 1189 1942 additooe
1223 1908 1263 1942 ἄν

248 1955 432 1987 secundum
458 1965 596 1988 sensum
620 1957 858 1997 distinguendo
883 1957 1091 1989 Fritzsohius
1125 1962 1264 1989 senten-

248 2003 330 2035 tiam
344 2004 486 2044 protulit
502 2003 565 2045 Ep.
581 2003 634 2036 Cr.
648 2005 689 2036 ad
707 2005 872 2036 Friedem.
893 2015 927 2045 p.
940 2005 1069 2036 XXXI.
1090 2006 1190 2046 plane
1209 2015 1262 2036 se-
1282 2013 1283 2041 ξ

248 2059 347 2091 quor:
375 2050 461 2082 illud
487 2052 579 2082 enim
605 2051 789 2092 Graecum,
818 2052 879 2083 hoc
903 2053 1079 2084 barbarum
1106 2062 1180 2084 esse
1197 2054 1258 2084 aio.

250 2097 332 2130 Nam
348 2098 527 2130 eximenda
545 2103 626 2130 sunt
642 2100 763 2139 omnia,
793 2109 935 2140 quorum
952 2109 996 2131 ex
1013 2101 1161 2132 oratione
1180 2101 1264 2131 obli·
1281 2124 1283 2130 .

248 2154 314 2185 qua
346 2145 508 2178 rationem
541 2146 693 2178 sollerter
725 2147 867 2178 deduxit
893 2147 1060 2187 Reisigius
1095 2148 1135 2179 de
1162 2157 1195 2188 p.
1223 2144 1264 2180 ἄν

248 2201 282 2233 p.
304 2188 382 2224 132.
419 2191 597 2234 Optativus
613 2195 704 2224 enim
721 2194 811 2225 solus
836 2198 926 2225 recte
943 2195 1081 2236 ponitur
1105 2205 1180 2226 cum
1199 2204 1263 2226 non
1282 2193 1283 2214 l

249 2248 293 2271 ex
318 2242 431 2271 nostra
453 2240 512 2271 sed
537 2249 581 2271 ex
606 2241 746 2272 alterius
772 2246 885 2273 mente
911 2242 1038 2283 aliquid
1056 2243 1264 2283 proferentes

250 2287 496 2319 ratiocinamur.
516 2285 576 2320 καὶ
592 2285 643 2325 τίς
660 2281 734 2322 ποτ’
753 2286 854 2329 ἐστίν,
872 2285 909 2321 ὅν
926 2282 955 2334 γ’
974 2287 1042 2334 ἐγὼ
1059 2287 1200 2335 ψέξαιμί
1211 2300 1262 2330 τι;

250 2332 306 2365 Oc
325 2330 415 2366 1172
439 2343 504 2366 non
539 2344 632 2376 quem
655 2335 887 2376 reprehendam
920 2346 946 2368 s.
976 2338 1031 2377 qui
1055 2337 1134 2367 mihi
1159 2346 1266 2377 repre-

251 2380 402 2412 hensione
426 2381 547 2421 digmus
570 2381 723 2414 videatur
747 2383 804 2414 sed
823 2392 917 2423 quem
942 2385 1013 2424 quis
1038 2394 1058 2415 a
1081 2394 1133 2415 me
1157 2393 1265 2424 repre-

250 2427 348 2460 hendi
366 2437 461 2468 posce
478 2428 593 2461 dicat?
617 2433 692 2467 πῶς
709 2427 774 2476 γὰρ
792 2427 891 2467 αὖθις
909 2428 952 2464 αὖ
969 2428 1071 2464 πάλιν
1087 2425 1265 2477 στράτευμ’

248 2473 366 2520 ἄγοιμι
388 2473 511 2509 ταύτὸν
536 2474 677 2515 εἰσάπαξ
700 2475 843 2523 τρέσας;
877 2474 978 2509 1418.
1003 2474 1056 2509 19.
1085 2472 1199 2524 ἄγοιμ’
1224 2476 1264 2512 ἄν

249 2521 371 2564 Toup.‚
400 2522 530 2556 Schaef.
551 2523 630 2556 Mel.
653 2523 707 2556 Or.
727 2535 761 2566 p.
783 2521 839 2556 99.
862 2521 961 2562 αὖθις
987 2521 1027 2557 ἂν
1051 2523 1153 2558 πάλιν
1172 2527 1265 2558 Vau-

248 2569 319 2602 vill.
349 2572 385 2602 et
407 2570 511 2602 Dind.
557 2571 610 2603 Aa
634 2570 755 2613 Oedipi
788 2572 897 2604 locum
931 2577 1159 2604 commentans
1192 2574 1264 2615 ipse

248 2616 380 2649 Schaef.
401 2616 461 2648 has
480 2618 686 2650 coniecturas
703 2619 912 2660 improbavit.
942 2620 1056 2651 Recte.
1095 2621 1156 2652 Est
1174 2622 1264 2652 enim

250 2663 409 2704 quomodo
430 2668 531 2704 putas
556 2665 626 2706 ficri
646 2675 741 2706 posse
765 2669 802 2698 ut
819 2667 960 2698 alterum
984 2676 1082 2708 aeque
1100 2669 1266 2708 copiosum

250 2711 404 2751 eolliyam
427 2713 628 2744 ezei-citum?
659 2711 750 2754 τεὰν,
780 2710 869 2754 Ζεῦ,
904 2711 1039 2747 δύνασιν
1063 2713 1113 2752 τίς
1130 2712 1264 2761 ἀνδρῶν

251 2755 438 2804 ὓπερβασία
468 2757 638 2806 κατάσχοι
681 2762 762 2792 Ant.
794 2757 862 2792 605
898 2760 957 2802 [ita
983 2762 1060 2802 LA;
1104 2760 1263 2810 κατάσγῃ

250 2813 361 2846 apogr.
392 2802 576 2852 ὑπὲρβασις
602 2803 641 2840 ἂν
664 2818 699 2840 κ.
727 2807 914 2850 Meinek.],
941 2817 1005 2841 non
1031 2801 1264 2841 deliberationi

249 2851 360 2893 locus,
389 2853 469 2894 quid
495 2855 570 2895 quis
594 2855 714 2886 debeat
730 2856 859 2896 facere,
889 2855 947 2887 sed
964 2856 1046 2896 quid
1061 2857 1179 2897 possit.
1197 2867 1265 2890 κα-

249 2897 371 2946 τάσχοι
394 2897 435 2933 ἄν
461 2905 513 2932 est
538 2902 608 2942 quis
630 2903 732 2942 possit
756 2903 895 2934 vincere.
941 2903 1039 2934 Nunc
1064 2904 1146 2935 dicit
1171 2913 1266 2945 quem

251 2947 322 2987 quis
342 2950 436 2987 putet
447 2957 542 2988 posse
558 2949 697 2980 vincere.
727 2949 791 2981 Sed
808 2953 947 2990 quartus
965 2950 1056 2982 locus
1073 2950 1126 2982 his
1144 2952 1265 2983 similis

250 3002 316 3025 non
343 2998 464 3026 exstat.
509 2995 594 3026 Nam
619 2995 706 3036 quod
736 2998 886 3028 incertus
913 2998 1044 3029 consilii
1076 3001 1110 3029 et
1138 2998 1265 3039 pudore

250 3041 404 3073 facinoris
428 3042 552 3082 plenus
570 3042 805 3084 Neoptolemus
830 3053 944 3076 secum
971 3045 1161 3086 colloquens
1182 3045 1265 3077 dicit

249 3087 310 3120 Ph.
330 3083 411 3121 895.
439 3090 572 3123 παπαῖ·
597 3087 630 3122 τί
647 3087 735 3134 δῆτα
761 3084 870 3136 &popl
903 3088 972 3137 ἐγὼ
995 3089 1179 3125 τούνθένδε
1203 3103 1260 3138 γε;

250 3144 294 3166 ex
318 3140 433 3167 mente
458 3137 597 3168 alterius
622 3138 791 3169 commode
817 3139 925 3178 repeti
948 3147 1015 3170 non
1039 3143 1161 3179 potest.
1206 3141 1265 3171 In-

249 3186 366 3223 eptum
382 3184 475 3215 enim
498 3184 535 3215 in
552 3184 611 3216 tali
628 3185 733 3215 animi
758 3188 847 3216 statu
872 3185 1036 3217 iudicium
1054 3187 1194 3218 aliorum
1211 3196 1265 3218 re-

243 3234 399 3270 ‚spectare
417 3235 456 3262 ut
472 3230 560 3262 dicat
583 3231 652 3271 hei,
680 3231 759 3272 quid
792 3235 919 3264 censeat
945 3233 1016 3273 quis
1039 3243 1090 3264 me
1115 3235 1183 3265 iam
1207 3233 1264 3265 de-

250 3278 359 3317 inceps
382 3276 501 3317 facore.
554 3277 663 3310 Unice
689 3280 846 3318 convenit
871 3278 948 3320 quid
974 3279 1120 3319 faciam:
1155 3281 1202 3312 ita
1225 3284 1265 3312 ut

248 3331 329 3356 vere
343 3324 528 3357 correxisse
539 3329 657 3367 putem
672 3324 888 3358 Schaeferum
905 3323 937 3358 τί
955 3320 1028 3359 ὃ”τ’
1053 3324 1094 3360 ἄν
1113 3324 1260 3371 [recepp.

247 3366 382 3404 Elmsl.'
395 3371 436 3404 ad
461 3371 506 3404 ῙΤ
522 3368 568 3405 89
593 3376 628 3404 et
646 3372 733 3404 Med.
755 3369 824 3404 773
849 3376 884 3405 et
900 3373 992 3404 Dind
1012 3398 1018 3405 .
1055 3375 1094 3405 In
1121 3374 1179 3407 OB.
1194 3371 1263 3407 829

2014 98 2041 142 [ι
2053 104 2088 142 10-
2108 64 2234 147 1252*ss

1303 198 1355 250 ἀρ’
1381 202 1445 238 οὐκ
1471 202 1527 237 ἀπ’
1544 205 1642 250 ὠμοῦ
1665 207 1772 238 ταῦτα
1799 202 1960 248 δαίμονός
1981 214 2033 242 τις
2050 200 2090 237 ἂν
2115 202 2192 251 πρίν
2211 199 2247 236 ,Γ

1304 249 1405 298 ἀνδρὶ·
1426 246 1509 298 τῷδ’
1533 249 1698 298 ἀνορθοίη
1728 250 1831 297 λόγον
1848 251 1975 284 dudum
1992 260 2107 285 omnes
2132 253 2242 293 sequu'

1304 300 1522 332 Schaeferum
1547 301 1606 341 qui
1632 299 1711 331 Mel.
1742 300 1796 331 Cr.
1826 308 1859 340 p.
1880 294 1925 330 89
1951 299 2094 331 correxit
2128 295 2170 332 ἂν
2198 295 2241 332 ὀι·

1308 344 1499 393 [ἀνορθοίηι
1517 347 1588 388 LA]
1604 359 1610 378 :
1641 347 1700 378 sed
1717 347 1848 378 futuros
1866 355 1986 378 censeo
2002 347 2061 387 qui
2078 346 2180 378 etiam
2204 343 2247 379 ιιιἱ

1303 399 1556 434 argutarentur,
1594 395 1661 425 nisi
1693 394 1733 426 ad
1759 403 1897 425 sensum
1921 393 2022 434 plane
2045 394 2201 434 ineptum
2223 393 2256 429 ιζ’

1303 438 1483 487 ἀνορθοῦν.
1529 443 1653 473 Locum
1686 442 1833 472 multum
1863 445 2023 472 vexatum
2062 441 2119 472 Ai.
2151 436 2218 472 921
2237 447 2252 473 4

1302 486 1470 534 Τεῦκρος;
1493 488 1540 525 ὡς
1555 487 1716 533 ἀκμαῖος,
1733 487 1762 521 εἰ
1776 485 1869 533 βαίη,
1892 485 1994 532 μόλοι
2006 481 2156 521 πεπτῶτ’
2172 484 2235 520 ἀδ
2248 486 2263 490 ’

1301 534 1399 569 τόνδε
1414 533 1708 581 συγκαθαρμόσαι,
1746 534 1811 576 quo
1829 536 2019 566 Brunckius
2037 532 2060 567 ἀ
2089 533 2196 581 ἑτρως
2220 548 2235 563 n
2258 532 2260 534 ’

1302 581 1465 627 ἀκμαῖος,
1484 584 1612 614 Wakef.
1627 588 1662 614 et
1672 583 1763 614 Pors.
1777 583 1867 614 olim.
1885 581 1932 619 ὡς
1947 580 2057 627 ἀκμαι
2086 580 2128 615 ἄν
2142 583 2241 614 scri

1303 632 1518 663 Hermannus
1544 632 1603 671 qui
1627 631 1707 662 olim
1723 628 1781 673 [ad
1799 630 1854 660 Αἰ.
1878 625 1984 673 1109)
2009 630 2093 661 mira
2111 638 2252 662 comm

1302 679 1487 719 optativum
1513 687 1588 709 cum
1605 675 1645 710 ἄν
1664 678 1791 708 (lictum
1816 677 1858 709 de
1877 686 1911 708 re
1930 678 2055 718 futura,
2084 677 2205 709 omisso
2226 686 2248 705 ι*

1301 727 1483 766 praeterita
1500 726 1566 756 dici
1583 725 1898 765 interpretationem
1914 733 1974 764 pro
1991 724 2225 756 emendatione
2249 734 2257 749 ι’

1303 776 1408 812 taret,
1445 773 1628 804 nunciam
1653 772 1828 814 repudiato
1860 772 1918 803 illo
1942 777 2120 812 praecepto
2143 769 2202 815 (de
2236 785 2251 797 ι·

1302 830 1335 861 p.
1362 817 1457 862 163),
1487 820 1573 861 quod
1599 821 1738 861 quaevis
1755 821 1877 860 pagina
1903 821 2102 860 scriptorum
2121 817 2261 852 Graeco

1282 875 1284 889 ³
1303 869 1441 904 refutet,
1471 868 1571 899 unice
1590 876 1700 898 veram
1717 867 1806 898 viam
1823 868 1995 907 ingressus
2013 870 2083 907 est,
2118 870 2155 898 ut
2179 869 2234 908 opt
2251 871 2262 907 ‘ss

1301 915 1469 955 intelligat
1492 915 1619 946 dictum
1646 914 1693 951 ὡς
1712 911 1814 958 μόλοι
1838 915 1969 945 utinam
1993 915 2115 946 veniat.
2152 910 2217 946 Sed
2252 908 2266 938 Γ

1283 985 1284 990 ¹
1302 963 1421 994 tandae
1440 962 1677 994 distinctiones
1694 962 1870 993 videntur:
1900 960 1965 1001 ὡς,
1995 958 2147 1006 ἀκμαῖος
2169 959 2200 994 εἰ
2228 963 2279 996 2,-

1304 1007 1404 1054 μόλοι
1503 1005 1805 1055 συχκαθαρμόσαι;
1850 1010 1982 1040 utinam
2003 1005 2125 1040 *veniat
2155 1005 2253 1040 mort*

1303 1059 1556 1097 compositurus,
1585 1058 1613 1088 εἰ
1629 1056 1715 1096 forte
1741 1056 1848 1087 adhuc
1873 1057 2080 1096 tempestivus
2103 1056 2227 1087 veniat.
2250 1075 2252 1079 ι

1302 1105 1404 1145 priori
1423 1105 1546 1146 placito
1566 1104 1629 1134 viri
1648 1103 1836 1135 acutissimi
1854 1104 1929 1135 iure
1947 1103 2027 1135 olim
2041 1103 2208 1135 adversati
2232 1102 2257 1130 ει

1303 1152 1420 1183 Matth.
1451 1152 1491 1182 ad
1515 1151 1651 1192 Hippol.
1682 1147 1751 1182 468
1776 1155 1809 1182 et
1834 1151 1992 1183 Bornem.
2019 1150 2061 1182 ad
2084 1150 2173 1182 Xen.
2201 1149 2255 1183 S*

1301 1209 1334 1240 p.
1352 1195 1428 1230 130.
1451 1199 1611 1240 Denique
1629 1196 1717 1230 Ε1.’“
1771 1223 1777 1229 .
1808 1196 1945 1243 ἐπείπερ
1959 1194 2029 1231 οὔτ’
2047 1196 2134 1243 ἐμοῦ
2150 1204 2248 1231 κατα

1302 1245 1462 1291 πράξειας
1481 1243 1558 1279 οὔτε
1575 1247 1636 1279 τοῦ
1654 1256 1719 1292 πορ
1763 1255 1882 1283 σαντος
1900 1243 2008 1286 ξένου,
2029 1246 2065 1277 in
2084 1254 2149 1287 quo
2167 1240 2254 1278 cert

1301 1291 1430 1332 κατάξι’
1463 1291 1503 1327 ἄν
1530 1294 1705 1325 scribendo
1731 1293 1894 1324 mendum
1917 1293 2036 1325 tollere
2061 1293 2126 1324 sibi
2150 1291 2218 1324 visi
2244 1315 2249 1319 -

1302 1341 1399 1372 Both.
1429 1341 1543 1372 Monk.
1574 1341 1700 1380 Reisig.
1732 1341 1850 1372 lilmsl.
1881 1340 1921 1372 ad
1943 1340 2075 1372 Heracl.
2106 1336 2192 1381 5443
2231 1380 2234 1387 .

1301 1389 1467 1429 explicuit
1491 1389 1606 1420 Herm.
1640 1397 1683 1419 ex
1712 1388 1895 1429 paedagogi
1924 1388 2036 1420 verbis
2067 1384 2192 1420 οὐκοῦν

1301 1433 1467 1483 στείγοιμ]
1493 1433 1552 1474 ἄν,
1582 1436 1621 1466 ad
1647 1445 1733 1476 quae
1761 1435 2028 1474 Clytaemnestra
2053 1434 2256 1482 respondet'g.

1301 1478 1571 1515 subaudiendum
1591 1482 1749 1514 docendo.
1772 1493 1803 1513 v.
1821 1483 1862 1514 ad
1879 1483 1956 1523 Vig.
1978 1491 2012 1524 p.
2027 1476 2108 1514 944.
2139 1481 2205 1515 Sed
2226 1479 2253 1519 ιι·

1300 1541 1405 1572 prona
1422 1531 1568 1562 librariis
1587 1532 1622 1561 in
1641 1530 1699 1561 illa
1716 1530 1882 1571 particula
1899 1529 2070 1569 grassandi
2095 1529 2199 1562 libido
2225 1537 2254 1567 “¹5

1300 1579 1380 1610 libri
1398 1578 1538 1618 docent,
1568 1587 1667 1619 saepe
1694 1587 1769 1608 cum
1788 1578 2000 1618 apertissimo
2024 1577 2145 1609 mendo
2162 1577 2215 1609 vel
2245 1574 2254 1610 Ῐ

1301 1627 1429 1658 tentiae
1454 1626 1507 1657 vel
1532 1626 1630 1656 metri
1660 1625 1868 1656 omittentes.
1914 1625 1969 1657 Sic
1993 1622 2032 1658 οὐ
2049 1622 2114 1671 γὰρ
2138 1620 2197 1658 ὧδ’
2216 1641 2224 1652 1
2246 1619 2251 1639 ³

1300 1671 1405 1719 τρίοις
1440 1670 1590 1717 ὄμμασιν
1624 1669 1740 1718 εἷρπον
1775 1671 1829 1704 OC
1851 1668 1917 1704 146
1951 1673 2010 1704 LA
2042 1673 2116 1704 Par.
2139 1671 2165 1703 B
2198 1674 2255 1709 ιιι

1301 1731 1401 1752 versu
1427 1720 1651 1761 anapaestico.
1675 1737 1715 1743 —
1751 1717 1826 1752 τίνα
1850 1729 1910 1753 σου
1939 1716 2071 1765 πατρίδ’
2105 1715 2258 1753 &venustos

1301 1768 1355 1800 OC
1374 1765 1443 1799 205
1460 1778 1520 1808 pro
1543 1765 1603 1800 τίν’
1636 1764 1676 1800 ἄν
1710 1767 1788 1798 libri
1816 1776 1952 1808 omnes,
1982 1777 2086 1799 sensu
2103 1767 2198 1799 nullo
2237 1761 2247 1773 “

1282 1816 1449 1847 {adverso
1472 1833 1514 1839 —
1542 1817 1636 1860 σιγᾶν
1670 1812 1747 1860 γὰρ
1774 1812 1919 1860 ἁρμόζοι
1943 1825 1979 1847 σε
2007 1813 2065 1848 τὸν
2087 1812 2197 1847 πλείω
2240 1810 2241 1814 ’

1301 1863 1369 1894 ΡΑ.
1385 1863 1439 1894 Tr.
1455 1860 1519 1893 731
1540 1872 1599 1903 pro
1617 1864 1713 1908 σιγᾶν
1739 1859 1806 1901 ἄν,
1839 1863 1903 1894 etsi
1921 1860 1985 1908 γάρ
2010 1863 2112 1903 plane
2129 1862 2205 1894 ine·
2221 1873 2251 1890 »ε

1302 1911 1399 1942 citur.
1430 1911 1469 1940 'ln
1489 1908 1546 1941 ΟΒ
1563 1907 1629 1941 281
1656 1907 1846 1954 ἀναγκάσαι
1869 1906 1989 1950 θεούς,
2017 1906 2057 1942 ἃν
2082 1907 2131 1954 μὴ
2157 1905 2237 1947 wls

1301 1955 1372 1991 οὐδ’
1391 1954 1430 1990 ἂν
1458 1954 1506 1994 εἷς
1533 1954 1657 1990 δύναιτ’
1683 1956 1770 2003 ἀνήρ
1800 1956 1860 1998 [ita
1876 1966 1988 1998 apogr.
2018 1961 2052 1988 et
2069 1957 2178 1988 Koen.
2225 1968 2251 2000 a:

1302 2005 1375 2037 Cor.
1397 2015 1430 2046 p.
1453 2002 1517 2036 56:
1540 2002 1620 2037 οὐδὲ
1643 2004 1693 2038 εὶσ
1711 2004 1908 2038 LA.,vitioso
1924 2002 2047 2049 hiatu}
2070 2021 2111 2027 -
2131 2003 2146 2046 {1
2162 2000 2234 2035 Aa.

1299 2054 1421 2083 nitiva-⁹
1437 2052 1584 2092 obliquae
1600 2054 1758 2083 orationis
1772 2060 1838 2083 non
1852 2052 1959 2092 magis
1976 2052 2147 2083 omittitur
2161 2048 2202 2085 ἅν
2223 2053 2226 2056 “
2247 2056 2253 2085 ζ’

1301 2100 1339 2131 ad
1358 2100 1579 2141 potentialem
1604 2103 1714 2131 rectae
1732 2099 1933 2140 optativum.
1971 2098 2132 2138 Quocirca
2148 2098 2212 2131 Soli
2247 2103 2249 2105 '

1302 2152 1335 2178 et
1353 2147 1492 2179 Porsoni
1510 2147 1701 2179 emendatio
1719 2143 1759 2180 ἂν
1785 2148 1903 2192 τυχεῖν
1926 2147 1988 2178 Ph.
2011 2142 2101 2178 1329
2124 2146 2227 2178 unice
2240 2136 2254 2154 ,x

1301 2198 1364 2226 est.
1393 2195 1507 2226 Aiacis
1525 2199 1638 2226 autem
1656 2195 1766 2226 locum
1786 2190 1895 2226 1081:
1924 2191 2010 2227 ὅπου
2029 2190 2056 2226 δ’
2074 2190 2222 2239 ὑβρίζειν

1302 2239 1332 2275 θἸ
1360 2239 1382 2274 ἃ
1409 2239 1567 2286 βούλεται
1592 2240 1685 2287 πάρα
1706 2239 1834 2286 ταύτην
1858 2239 1977 2286 νόμιζε
2004 2239 2068 2286 τὴν
2093 2237 2191 2274 πόλιν
2216 2243 2257 2286 ..Ἀ

1302 2286 1426 2335 οὐρίων
1453 2286 1648 2334 ὃραμοῦσαν
1673 2288 1720 2325 είς
1746 2286 1849 2334 βυθὸν
1877 2290 1993 2321 πεσεῖν
2011 2289 2138 2330 optime
2153 2297 2246 2330 expe·

1302 2337 1418 2367 Herm.
1446 2337 1612 2368 Errarunt
1635 2340 1669 2368 et
1686 2337 1745 2368 alii
1762 2341 1796 2367 et
1812 2336 1932 2367 Elmsl.
1960 2336 1997 2367 in
2021 2345 2079 2376 eo⁷
2108 2335 2202 2376 quod
2223 2352 2249 2377 ¹„

1303 2385 1417 2415 futura
1447 2388 1505 2415 aut
1528 2385 1730 2415 imminente
1762 2385 1969 2423 cogitarunt:
2008 2387 2060 2415 est
2084 2391 2162 2415 vero
2185 2391 2218 2415 o
2235 2383 2250 2423 ’ζ’

1302 2432 1428 2463 dictum
1447 2441 1506 2471 pro
1531 2428 1617 2476 αὕτη
1642 2429 1665 2475 ἡ
1691 2429 1789 2467 πόλις
1806 2429 1922 2478 χρόνῳ
1947 2428 2031 2463 ποτὲ
2048 2428 2096 2467 είς
2115 2426 2230 2475 βυθὸνΙ
2246 2422 2251 2453 ',

1302 2489 1367 2511 σεν.
1399 2479 1516 2519 Neque
1545 2479 1647 2510 etiam
1664 2489 1741 2510 cum
1757 2479 1918 2510 Elmsleio
1935 2473 2089 2516 δέξεσθαι
2105 2474 2246 2518 εει-1.»,

1302 2522 1436 2557 E1.443
1454 2535 1512 2566 pro
1532 2523 1712 2566 δέξασθαι,
1742 2535 1818 2557 cum
1836 2535 1901 2557 non
1919 2529 1993 2557 tum
2015 2525 2165 2566 primum
2184 2525 2191 2531 '
2203 2538 2208 2551 ι
2220 2522 2246 2567 J}

1302 2574 1547 2613 Agamemnoni
1574 2573 1839 2612 Clytaemnestra
1864 2574 2000 2613 faceret,
2032 2571 2091 2604 sed
2118 2580 2216 2613 pne»
2239 2575 2253 2612 j

1302 2621 1412 2652 cisset.
2224 2619 2246 2654 ἶ

1371 2665 1404 2699 2.
1439 2667 1616 2699 Omissioni
1632 2668 1749 2707 simile,
1778 2668 1949 2708 quodiam
1967 2667 2156 2707 tetigimus,
2211 2677 2216 2691 ¹

1300 2716 1439 2756 ponitur
1455 2718 1581 2751 κοινῶς
1599 2718 1637 2746 ut
1653 2725 1691 2746 ea:
1719 2724 1786 2746 uno
1802 2715 1944 2746 membro
1970 2714 2024 2746 sed
2049 2713 2214 2746 disiuncta
2231 2720 2240 2758 ss

1301 2764 1486 2802 coniuncto,
1509 2762 1726 2794 subaudiatur
1744 2763 1779 2793 in
1792 2763 1904 2793 attero.
1930 2761 1992 2803 [De
2001 2761 2064 2792 hoc
2079 2770 2143 2793 usu
2160 2769 2226 2802 εμπ
2243 2791 2250 2802 ,γ

1301 2814 1351 2841 tas
1376 2820 1407 2840 v.
1429 2810 1580 2841 Baeuml.
1611 2809 1698 2840 Mod.
1721 2806 1788 2840 375
1798 2819 1871 2850 sqq.
1891 2809 2008 2840 Herm.
2035 2809 2076 2840 ad
2100 2809 2177 2848 Vig.
2196 2801 2247 2833 :³

1300 2866 1334 2897 p.
1348 2852 1429 2888 942.
1450 2857 1554 2888 Kock.
1576 2856 1616 2888 ad
1634 2857 1737 2888 Arist.
1760 2853 1962 2888 Nubb.426.
1984 2857 2149 2895 Hartung.
2169 2853 2205 2887 P
2226 2872 2248 2888 ι.

1300 2901 1382 2935 244.
1404 2904 1446 2935 de
1463 2905 1662 2945 scriptorum
1680 2914 1744 2935 usu
1763 2903 1805 2934 H.
1823 2904 2039 2944 Frohberger.
2060 2903 2095 2934 in
2113 2899 2246 2940 Ριιιῐοὶῖ

1301 2947 1516 2993 599-613.]
1544 2952 1586 2982 V.
1608 2951 1665 2982 OR
1682 2947 1762 2982 937.
1800 2951 1892 2989 Quae
1915 2951 2031 2982 Herm.
2060 2950 2141 2982 huic
2163 2949 2235 2981 lev·

1302 2998 1447 3039 scripsit,
1479 2999 1528 3030 eis
1546 2998 1671 3029 iniuria
1688 2999 1880 3039 obloquitur
1897 2998 2027 3030 Schaef.
2047 2998 2137 3038 App.
2157 2996 2198 3029 mi
2225 3000 2235 3039 ἵ

1301 3042 1334 3077 ὃ.
1360 3055 1394 3086 p.
1415 3041 1494 3077 686.
1514 3063 1556 3068 -—
1588 3042 1721 3083 ἔξοιδα·
1749 3050 1822 3082 πῶς
1844 3043 1907 3091 γὰρ
1933 3043 2028 3091 οὐχίς
2059 3053 2207 3090 συμφοω
2225 3051 2245 3090 «g.

1303 3088 1343 3125 ἂν
1362 3089 1487 3130 ἔξωθεν
1505 3090 1590 3138 ε’ίην.
1619 3092 1673 3123 El.
1698 3089 1798 3125 1449.
1843 3093 1898 3123 Ex
1917 3092 1976 3124 hoc
1994 3092 2140 3124 membro
2156 3091 2193 3123 in
2268 3109 2271 3112 -

1301 3140 1469 3179 rogatione
1493 3139 1762 3171 subaudiendum
1787 3137 1827 3172 ἄν
1846 3150 1890 3171 sc.
1913 3137 2087 3184 ἐξειὸείην.
2115 3135 2174 3172 καὶ

1303 3183 1344 3220 ἂν
1367 3185 1426 3220 τὸν
1451 3183 1557 3233 ἄνδρα
1582 3183 1748 3232 θαρσοίην
1767 3185 1835 3232 ἐγὼ
1853 3184 1970 3223 καλῶς
1995 3184 2058 3231 μὲν
2074 3182 2232 3242 ἄρχειν,·έ

1302 3230 1342 3266 ἂν
1369 3231 1538 3280 ἄρχεσθαι
1559 3231 1672 3268 θέλειν
1699 3235 1779 3265 Ant.
1802 3231 1881 3266 669.
1919 3234 1971 3265 Ex
1990 3231 2026 3266 εὖ
2045 3230 2072 3265 δ’
2090 3244 2132 3266 αν
2147 3228 2191 3266 ἦέ
2243 3266 2245 3269 ,

1299 3281 1468 3322 prioribus
1486 3281 1631 3313 subaudi
1655 3278 1695 3314 ἅν
1721 3281 1761 3313 ad
1787 3279 1926 3326 ἅργειν·
1953 3285 2135 3321 utrumque
2160 3291 2187 3308 -ιι

1300 3324 1419 3375 ἄρχειν
1441 3331 1476 3360 et
1500 3325 1668 3376 ἄρχεσθαι
1700 3339 1717 3359 a
1742 3317 1856 3361 θέλειν
1878 3325 2246 3368 penderesententicg.

1299 3377 1438 3416 patitur.
2241 3393 2246 3406 .-
