2288 3600
17 207 30 222 ,
88 163 302 208 σεο-383]

17 558 19 560 ,
36 531 49 563 χ
64 514 232 563 Δαῆναι
250 528 452 559 coynoscere.
482 518 499 552 ὁ
514 517 552 551 δὲ
569 514 712 552 λάθεται
730 518 777 552 ὧν
793 512 822 550 τ’
840 511 941 552 ἔπαθ’
959 517 1006 551 ὧν

24 563 123 612 ’,ἐδάη
141 565 195 599 El.
216 562 281 598 169
296 576 341 598 m.
363 565 471 598 Schol.
489 579 495 597 :
525 565 572 598 ὧν
591 563 727 599 ἔπαθε
739 593 747 606 ,
775 562 934 611 δηλονότι
951 557 1008 597 ὑπ’

23 633 27 641 ·
46 614 81 647 U
97 610 215 646 καλῶν
241 610 524 656 (beneficiorum),
551 611 611 646 καὶ
634 612 681 646 ὧν
707 609 828 656 ἔμαθε.
846 612 1008 658 'Possunt

19 683 33 696 ,-
62 674 68 688 ·
94 661 195 692 etiam
213 661 299 692 mala
311 685 319 700 ,
341 669 426 700 quae
443 660 589 700 degener
605 664 711 692 mater
729 660 759 691 ei
778 660 905 690 minata
923 662 1005 698 erat,

18 707 89 740 *ab
105 707 210 740 altera
233 712 328 749 parte
355 708 469 738 nuntii
493 708 534 739 ab
558 707 692 746 Electra
718 706 829 745 missi,
868 710 906 737 ut
930 715 1006 746 pro-

18 748 63 783 2...
90 758 125 786 et
134 754 315 794 hortantes,
333 755 490 793 intelligi.
510 751 616 798 δαῆν
627 765 668 787 αι
684 753 722 787 τὸ
737 749 904 798 ἑτέρωθεν
918 750 1008 786 εἰδέ-

20 809 48 835 t
69 810 146 834 cum
166 801 354 840 significare
380 801 461 832 dicit
487 800 586 832 Eust.
610 811 644 842 p.
668 796 838 841 1506,12,
867 800 901 832 id
919 804 1008 831 certe

25 866 41 898 ιι
72 848 226 889 exemplo
245 857 311 880 non
336 849 575 889 comprobatur.
699 845 731 890 (Ι
748 857 781 888 p.
804 844 867 879 381
888 847 937 878 lin
954 843 1009 890 2.)

23 897 184 953 {J‘Aah
211 904 245 939 τί
270 904 326 940 δαὶ
360 903 535 952 ῥυθμίζεις
557 905 621 951 τὴν
648 904 737 950 ἐμὴν
761 903 873 951 λύπην
900 903 1004 942 ὅπως

100 950 168 986 318
192 954 228 984 in
247 954 307 985 LA
333 954 511 994 scribitur,
532 957 566 985 et
584 954 759 993 adscripsit
777 953 878 985 Tricl.
901 950 955 986 διὰ
970 951 1010 984 τὸ

60 1011 129 1046 ρον,
154 1001 244 1033 unde
263 1004 479 1033 correctorem
497 1010 666 1040 agnoscas.
703 1000 784 1031 Nam
804 997 859 1033 δαί
878 1000 1010 1039 tragicis

62 1062 69 1090 j
92 1048 191 1080 metri
210 1057 307 1080 causa
324 1047 450 1079 dictum
468 1057 542 1079 esse
560 1052 598 1079 ut
616 1050 768 1089 putaret,
790 1048 848 1078 ille
866 1048 1008 1078 multum

61 1096 64 1099 ⁴
101 1095 226 1128 aberat.
254 1092 286 1128 τί
313 1091 351 1127 δέ
380 1104 470 1126 nunc
497 1095 655 1126 scribitur
673 1103 715 1126 ex
734 1103 843 1135 apogr.
866 1098 900 1126 et
918 1094 1006 1125 Plut.

63 1142 185 1174 arrul.
206 1151 240 1183 p.
263 1137 330 1173 509
348 1141 380 1173 d.
427 1139 481 1175 δαί
507 1146 620 1174 autem
646 1152 663 1172 a
690 1142 825 1181 tragicis
844 1141 934 1172 abire
959 1141 1012 1171 iu-

70 1196 124 1229 us,
139 1189 254 1230 pronis
272 1189 308 1220 in
327 1197 471 1220 errorem
490 1189 633 1221 librariis
652 1199 686 1221 αι
705 1192 740 1220 et
757 1199 773 1220 ε
791 1189 1011 1219 miscentibus

69 1249 76 1271 ;
92 1239 215 1275 antes,
236 1236 343 1267 secuti
361 1236 544 1268 Porsonum
561 1236 602 1267 ad
620 1235 707 1267 Med.
726 1231 816 1267 1008
833 1236 875 1267 ef.
889 1235 1006 1266 Matth.

59 1282 138 1327 ped.
163 1278 265 1315 1001.
286 1282 339 1314 El.
360 1279 440 1315 242.
464 1293 528 1324 quo
546 1283 615 1315 loco
634 1286 801 1320 retractat,
829 1291 914 1323 quae
933 1283 1010 1313 olim

53 1328 188 1365 Hecub.
221 1326 311 1362 1232
334 1330 571 1370 adscripserat;
600 1331 684 1361 item
710 1329 826 1361 Stallb.
856 1330 896 1361 ad
921 1329 1006 1360 Plat.

78 1377 122 1410 -b.
142 1385 176 1417 p.
190 1372 224 1408 6.
244 1377 296 1408 De
314 1386 377 1408 usu
397 1378 580 1418 particulae
599 1387 652 1418 ap.
673 1376 802 1408 Platon.
825 1387 856 1406 v.
869 1376 1009 1408 Schnei-

62 1424 125 1459 *fad
143 1423 265 1465 Rpubl.
297 1433 330 1464 p.
352 1420 422 1456 468
440 1435 468 1456 a.
521 1424 663 1456 Wexius
688 1424 879 1463 Antigonae
905 1424 1011 1455 editor

55 1467 222 1510 'tinuit,
242 1471 362 1502 fortius
387 1480 462 1503 esse
480 1471 596 1502 dicens
614 1480 714 1511 quam
733 1467 782 1503 δέ.

45 1569 68 1582 .,
91 1552 101 1566 ⁴
119 1538 316 1578 αίδαλος.
338 1551 371 1573 n.
392 1550 443 1582 pr.
466 1541 580 1572 fabula
597 1540 699 1581 Soph.
733 1542 873 1579 satyrica
890 1541 1011 1572 inscri-

51 1587 83 1631 fx*
104 1597 136 1620 οι·
151 1588 247 1620 cuius
265 1591 347 1620 sunt
363 1598 415 1630 ap.
436 1587 541 1619 Dind.
563 1589 602 1619 fr.
627 1583 693 1619 170
706 1584 843 1632 --175.]

32 1656 407 1703 αιμονίζομαι;
437 1655 738 1703 δεδαιμονισμένον
769 1655 842 1690 ἀντὶ
866 1659 928 1690 τοῦ
952 1658 1031 1726 rb!

41 1711 83 1753 ..¹32
100 1703 287 1784 ¹⁵¹:offigit-ke.
309 1697 572 1784 άτᾷᾟθεὲιῗέντα)
600 1701 688 1750 Σοφ.
711 1700 828 1752 Δανάῃ
847 1702 904 1747 [fr.
930 1701 1011 1748 180]
1029 1727 1031 1747 ἰ

72 1762 83 1788 ,³¹
133 1777 140 1784 .
190 1761 209 1784 e
260 1777 267 1784 .
287 1762 322 1794 p.
393 1777 400 1791 ,
472 1777 478 1783 .

31 1802 85 1849 t}
104 1809 305 1855 αιμόνιος
323 1810 467 1842 divinus.
498 1808 672 1855 δαιμόνιον
698 1809 781 1844 αὐτὸ
797 1807 878 1854 τίθη
908 1803 916 1816 ’
943 1808 1011 1855 ἐγώ

60 1852 161 1898 3269
170 1867 214 1890 m.
236 1866 281 1889 sc.
302 1855 341 1891 τὸ
359 1855 496 1902 πορίσαι
514 1868 550 1890 σε
567 1856 650 1903 πρὸς
667 1856 819 1903 ἡμέτερα
839 1857 882 1897 μέ
906 1854 1006 1902 αθρα.

70 1934 77 1943 .
104 1918 125 1932 2-
148 1906 330 1945 pennirum
347 1909 382 1936 et
398 1904 597 1944 stupendum
622 1905 802 1944 significat.
833 1903 868 1942 ἐς
887 1902 1013 1948 δαιμό-

40 1941 113 1993 ·’·“Ῐ’Ῑ·-
129 1962 182 1988 ας
199 1949 358 1997 ἀμφινοῶ
375 1949 453 1985 τόδε
469 1952 552 1983 Ant.
573 1948 641 1983 376
659 1961 722 1983 an:
753 1953 845 1992 quasi
871 1951 911 1982 de
933 1961 1012 1991 por-

86 1996 260 2030 ‘divinit-ua
283 2000 381 2030 misso
399 1999 540 2038 ανηόἰροί

104 2065 244 2113 (κίμων
278 2065 459 2112 [Hartung.
497 2070 553 2100 iib.
593 2069 790 2101 Daemonen
825 2079 859 2109 p.
894 2066 907 2100 1
937 2079 1008 2110 sqq.

65 2134 71 2147 ι
85 2114 164 2154 JEt.
186 2125 220 2147 n.
239 2112 336 2160 256].
356 2118 372 2154 11
389 2115 467 2146 deus
483 2125 571 2146 umas
588 2117 641 2147 vel
658 2119 775 2147 certus.
803 2116 857 2162 7d»
882 2114 1014 2149 πανδα-
1030 2131 1033 2162 γ

150 2159 297 2207 δαίμων,
336 2160 373 2199 ὃς
406 2157 499 2195 ταῦτ’
533 2161 718 2207 ἐπέκρανεν
753 2157 827 2194 Ph?
847 2160 936 2195 1468
954 2173 1007 2195 an.

70 2208 131 2252 ’ς’-ζ·
157 2208 245 2246 τινὲς
268 2208 325 2243 τὸν
342 2204 529 2254 Ἡρακλέα,
560 2207 643 2242 ἔνιοι
660 2209 723 2254 τὴν
741 2207 863 2256 τύχην.
891 2211 1009 2242 Elmsl.
1030 2204 1033 2248 ἶ

55 2256 199 2291 rael.
227 2251 296 2288 900
329 2258 483 2298 quamvis
509 2257 667 2288 dubitans
691 2257 803 2288 Iovem
831 2254 1033 2299 significaris

64 2303 114 2349 ᾖ
130 2310 272 2345 cumque
296 2304 358 2335 hoc
381 2308 414 2335 et
438 2303 644 2335 Buttmanno
670 2313 729 2344 ego
754 2313 887 2345 quoque
915 2305 1008 2336 facio.

75 2350 78 2352 ’
126 2354 129 2356 “
147 2348 286 2390 fatalem
309 2352 533 2382 necessitatem
559 2350 611 2382 dei
635 2352 820 2390 cui-uspiam
847 2352 1014 2382 voluntate

125 2418 127 2421 s
159 2406 208 2428 m
230 2397 295 2429 dici
320 2398 494 2429 existimat
507 2422 514 2436 ‚
543 2407 643 2439 quam
661 2408 679 2429 a
695 2407 792 2429 caeca
811 2399 1012 2430 necessitate

123 2467 151 2484 ,
179 2444 234 2475 cui
250 2439 368 2490 Μοῖρα
390 2445 534 2485 praesit:
565 2445 664 2476 simul
691 2445 803 2476 Iovem
829 2443 1013 2490 πανδαμά-

140 2490 171 2523 oi
191 2490 319 2531 inepte.
355 2491 442 2523 Mihi
463 2500 531 2523 non
555 2493 706 2532 ineptius
733 2492 880 2532 videtur,
912 2501 1011 2533 quam

54 2568 69 2576 a
131 2536 223 2570 lenm
239 2538 390 2570 eiusdem
409 2543 666 2578 cognomentum
685 2537 873 2579 παναίτιος,
894 2548 1013 2579 parum

125 2587 217 2616 utem
235 2584 401 2625 distingui
428 2589 510 2626 puto
529 2586 635 2617 fatum
653 2596 671 2616 a
689 2586 761 2618 Deo
779 2586 1011 2626 dispensatum

146 2638 181 2670 m
203 2631 263 2663 rati
290 2633 537 2664 necessitatem.
569 2626 699 2678 ῥήμαθ’
724 2630 746 2664 ἃ
772 2630 903 2677 δαίμων
927 2631 1013 2666 κού-

188 2687 218 2711 ν
235 2675 384 2718 ἐδίδαξεν
401 2679 457 2710 Ai.
478 2675 548 2710 243
566 2688 620 2710 an.
644 2677 755 2712 οὐδείς
771 2680 811 2711 ad
830 2684 1012 2720 utrumque

123 2724 356 2767 >rjoferendum
381 2729 517 2762 κοινῶς.
554 2725 581 2759 ὦ
607 2724 739 2771 δαίμων
763 2726 819 2758 OG
849 2723 938 2757 1480
957 2727 1007 2757 ch.

147 2768 354 2811 Fulgurator.
378 2790 418 2795 —
446 2770 556 2817 δῶρον
584 2775 644 2806 τοῦ
672 2771 823 2817 μεγάλου
851 2771 1012 2817 δαίμονος

204 2843 211 2850 .
239 2818 400 2859 Neptuni.
422 2818 472 2863 τῷ
488 2830 526 2852 τε
544 2817 680 2864 δαίμονι
695 2819 747 2864 τῷ
763 2817 790 2852 τ’
809 2817 905 2864 ἀνδρὶ
923 2818 1012 2864 σύμ-

198 2876 226 2896 ω
243 2864 299 2898 OR
314 2862 383 2898 244
408 2866 587 2907 Apollinis.
617 2871 655 2898 ut
680 2861 807 2905 ἐπαξιῶ
827 2877 863 2899 σε
881 2864 1013 2911 δαίμον’

207 2920 242 2944 αι
265 2912 318 2943 El.
339 2908 418 2944 658.
439 2911 496 2946 τὸν
519 2911 555 2946 ἐν
574 2908 715 2946 Δωδῶνι
734 2911 880 2956 δαίμονα
899 2914 1008 2954 Niptr.

131 2991 133 2995 Α
152 2991 154 3002 ζ
190 2980 199 2988 .
220 2974 260 2982 ·-
285 2958 300 3000 ΙΙ
322 2959 491 2991 ΡΙῑῖῐαϊίνθ
516 2960 556 2991 de
575 2959 642 2991 deis
663 2961 814 2999 pluribus
831 2961 884 2992 vel
902 2961 1010 3000 quali-

127 3013 159 3035 3„
189 3027 197 3035 .
230 3002 399 3049 δαιμόνων
434 3003 494 3052 ἕδη
515 3004 623 3051 σέβων
658 3006 715 3038 OR
732 3003 802 3038 886
820 3007 871 3038 ch.
909 3006 1012 3044 ναοὺς

126 3045 214 3083 πδαι
241 3049 327 3085 όνων
351 3048 431 3084 912.
468 3051 639 3097 δαιμόνων
665 3051 813 3086 δείκνυσί
829 3065 880 3090 τις
908 3051 1007 3085 1258.

46 3109 69 3139 „g
188 3136 192 3139 .
226 3092 375 3143 γάλμαθ’
407 3097 479 3142 ἱερά
506 3097 607 3132 1378.
644 3097 707 3134 θοῦ
741 3102 800 3132 νῦν
832 3097 1012 3145 καθαρμὸν

43 3141 60 3188 ,’
156 3160 161 3167 ,
186 3141 295 3187 μόνων
312 3145 367 3182 OG
384 3142 464 3179 466.
487 3146 674 3178 Furiarum.
706 3145 822 3192 ἱκέτης
840 3145 1011 3192 δαιμόνων

9 3196 10 3199 ’
35 3189 68 3239 ξ.
127 3191 174 3237 ἵζ’...
213 3185 291 3223 634.
324 3191 372 3238 μὴ
397 3191 460 3239 γὰρ
478 3190 553 3226 αἵδε
571 3191 729 3237 δαίμονες
748 3189 840 3226 θεῖεν
860 3188 893 3238 μ’
911 3192 1012 3240 ἄφω-

177 3233 274 3270 καλῶ
291 3234 329 3271 δὲ
343 3237 446 3272 τάσδε
464 3237 629 3284 δαίμονας
643 3236 743 3272 1391.
762 3238 860 3273 οὐδὲν
879 3238 1014 3285 ἀξίωμα

36 3289 65 3328 -ιχ,
104 3320 106 3326 X
123 3302 164 3330 Σ),
179 3279 278 3333 ’.1451
298 3285 349 3317 oh.
371 3282 464 3332 ὕβριν
482 3285 526 3333 γά
564 3284 603 3320 ού
621 3285 814 3332 στέργουσιν
841 3285 921 3320 οὐδὲ
940 3285 1013 3321 δαί-

43 3319 49 3382 ξ
116 3333 179 3364 ’ΞΜ
222 3325 306 3371 280.
335 3329 372 3366 εὖ
398 3334 529 3379 περιστ’
554 3331 671 3367 λουσιν
705 3332 792 3366 αὐτὰ
824 3332 882 3377 (τὰ
906 3333 1015 3377 κακά)

188 3379 205 3401 2·
222 3390 253 3408 .-
266 3373 345 3411 447.
372 3377 432 3413 καί
456 3390 492 3412 σε
517 3378 676 3425 δαίμονες
709 3379 810 3414 νόσου
839 3379 1012 3426 μεταστή-

254 3420 358 3468 ότμος
379 3420 550 3471 δαιμόνων
576 3422 676 3459 1118.
707 3425 871 3472 δαίμονας
902 3425 1014 3473 λέγων

785 149 959 220 Δαῆναι
985 179 1053 186 -—
1079 148 1302 214 Δαίνυμαι

1030 2166 1033 2198 l
1051 2163 1146 2196 αἰαῖ·
1166 2161 1311 2207 δαίμων,
1333 2161 1464 2206 δαίμων
1484 2163 1541 2193 Ph.
1562 2160 1576 2193 1

1960 143 2055 194 153

974 391 1058 462 Δ.

1044 515 1203 562 πρόνοιαν
1219 514 1233 549 ’ί
1279 526 1327 549 ειν
1344 514 1445 549 τοῦδε
1462 517 1522 549 τοῦ
1539 516 1661 558 νεκροῦ
1680 512 1756 560 πέρι
1775 515 1854 545 Ant.
1875 509 1956 545 282.
1977 510 2057 546 ποί-

1044 574 1083 597 αν
1115 560 1260 608 παρεξελ
1288 565 1372 596 οὖσα
1402 560 1574 606 δαιμόνων
1601 559 1719 606 δίκην;
1748 557 1828 592 921.
1851 559 1919 606 ἐγὼ
1935 557 2000 605 γὰρ
2017 557 2058 592 ἂν
2110 587 2113 589 .

1043 608 1183 656 ψέξαιμι
1207 608 1376 655 δαιμόνων
1407 608 1552 653 νόμους;
1587 610 1640 640 Αἰ.
1673 605 1771 640 1130.
1810 606 1849 641 οὐ
1873 610 1963 654 χρῆν
1986 600 2060 640 τάδ’

1045 655 1134 691 οὕτω
1153 655 1318 702 δαίμονας
1337 653 1473 702 θνητῶν
1491 654 1568 701 πέρι
1594 654 1755 701 πράσσειν
1781 655 1870 687 Alet.
1889 657 1929 686 fr.
1947 650 2004 695 94,
2022 651 2054 686 5.

1046 705 1234 736 Articulum
1261 706 1297 735 in
1324 704 1552 743 significandis
1578 713 1653 734 cum
1673 703 1792 741 certis,
1814 706 1887 733 tum
1904 702 2059 733 omnibus

1045 753 1128 790 deis,
1150 756 1189 783 ut
1207 752 1244 783 nt
1261 753 1296 783 in
1315 747 1406 791 θεός,
1429 752 1498 782 fere
1515 756 1679 791 perpetuo
1697 750 1808 781 omitti
1827 749 1990 780 videmus.
2014 766 2054 772 -

1044 797 1054 811 ²'
1071 808 1195 830 numen
1220 800 1429 838 significatur
1452 797 1495 829 ad
1521 798 1660 828 hominis
1683 800 1801 827 sortem
1825 799 1854 826 et
1872 805 1920 827 res
1938 797 2060 826 eonsti-

1045 845 1185 877 tuendan
1211 845 1350 887 efficax;
1378 855 1452 876 cum
1477 846 1562 877 bono
1587 850 1659 875 tum
1687 844 1772 875 malo
1797 853 1899 875 sensu
1917 843 2055 874 dictum.

1045 892 1103 925 καὶ
1128 891 1165 926 σὲ
1189 891 1321 937 δαίμων
1355 890 1495 936 ἄμεινον
1517 889 1540 936 ἢ
1574 885 1628 936 ’μὲ
1662 890 1859 936 φρουρήσας
1879 887 1979 935 τύχοι
2003 888 2061 921 OR

1049 936 1152 972 1479.
1180 941 1253 976 τοῖς
1279 937 1412 973 αὐτοῖσί
1436 949 1489 971 τοι
1513 937 1578 984 οὐχ
1601 936 1703 974 αὑτὸς
1721 937 1786 970 αἰεὶ
1804 935 1975 980 δαιμόνων
1992 946 2061 969 πα-

1047 988 1207 1031 ραστατεῖ
1231 987 1281 1018 El.
1304 982 1383 1017 917.
1409 983 1493 1018 ’ὅταν
1519 983 1650 1029 δαίμων
1677 983 1797 1030 ἀνδρὸς
1826 983 1991 1031 εὐτυχοῦς
2023 982 2060 1016 τὸ

1047 1045 1070 1066 π
1094 1032 1124 1067 ὶν
1147 1027 1324 1078 πλάστιγγ’
1351 1031 1462 1079 ἐρείσῃ
1488 1034 1549 1065 τοῦ
1576 1030 1650 1077 βίου
1680 1030 1909 1076 παλίντροπον
1928 1032 1958 1062 fr
1990 1031 2057 1062 inc.

1043 1044 1128 1117 964,
1144 1074 1346 1125 4Α[μοίστιγ’
1417 1077 1629 1124 παλίρροπον
1659 1078 1836 1119 Meinek.].
1874 1078 1901 1111 ὼ
1935 1076 2061 1122 δαῖμον

1047 1130 1111 1160 inc.
1135 1129 1277 1159 XXVII.
1300 1125 1332 1160 3.
1358 1125 1372 1158 1
1396 1127 1491 1158 Brck.
1522 1127 1614 1165 Quae
1639 1127 1774 1167 quidem
1801 1126 1839 1158 de
1866 1126 2010 1166 maligno
2027 1128 2062 1156 et

1047 1176 1160 1207 invido
1178 1176 1239 1206 deo
1258 1175 1345 1206 dicta
1363 1184 1427 1206 non
1448 1179 1546 1214 sunt,
1578 1174 1635 1206 sed
1653 1180 1731 1205 sunt
1749 1173 1849 1205 haee:
1884 1165 1905 1219 ᾇ
1925 1183 1967 1217 με
1985 1169 2063 1204 δαί-

1047 1235 1121 1266 μων
1141 1221 1346 1264 ὁμοιοτάταν
1365 1220 1564 1260 κατευνάζει
1581 1223 1661 1253 Ant.
1683 1218 1752 1252 833
1764 1231 1808 1251 m.
1830 1217 1979 1253 ἐλπίδων
1998 1219 2062 1265 γὰρ

1047 1269 1082 1307 ἐς
1107 1266 1167 1303 τίν’
1196 1267 1245 1302 ἔτι
1271 1280 1313 1312 με
1339 1267 1471 1313 δαίμων
1506 1271 1609 1301 τανῦν
1636 1265 1793 1307 ἐλαύνεις
1823 1267 1878 1299 OC
1908 1263 1996 1298 1750
2014 1276 2058 1297 m.

1048 1319 1112 1349 nisi
1138 1317 1176 1348 ad
1203 1318 1298 1348 sortis
1323 1316 1603 1355 significationem
1632 1316 1691 1346 hoc
1717 1315 1848 1346 trahere
1867 1315 1974 1346 malis.
2004 1307 2062 1345 ἀπ’

1046 1365 1145 1407 ὠμοῦ
1169 1361 1330 1408 δαίμονος
1356 1359 1512 1394 012828.
1539 1361 1590 1400 τίς
1609 1362 1626 1396 ὁ
1647 1360 1805 1407 πηδήσας
1830 1359 1970 1405 μείζονα
1987 1358 2063 1393 δαί-

1048 1423 1121 1456 μων
1138 1414 1208 1444 τῶν
1228 1409 1401 1453 μακίστων
1426 1406 1508 1441 1301
1529 1419 1582 1441 an.
1614 1409 1654 1442 ἰὼ
1673 1407 1810 1453 δαῖμον,
1830 1405 1868 1443 ἵν’
1891 1405 2058 1451 ἐξήλλου;

1050 1455 1134 1490 1311
1157 1469 1200 1490 m.
1227 1455 1278 1494 τίς
1303 1455 1330 1490 o*
1348 1455 1455 1501 ἐπῆρε
1483 1454 1671 1500 δαιμόνων,
1713 1452 1812 1488 1328.
1847 1454 1865 1490 ὁ
1891 1453 2063 1501 δυστυχὴς

1047 1503 1178 1550 δαίμων
1205 1503 1223 1539 ὁ
1252 1503 1309 1541 σός
1333 1515 1369 1536 τε
1394 1502 1506 1547 κάμός
1532 1503 1584 1535 El.
1610 1501 1710 1535 1156.
1731 1501 1823 1547 κάμὲ
1850 1501 1913 1547 μὲν
1931 1499 2063 1547 δαίμων

1047 1550 1113 1596 ἐλᾷ
1137 1553 1192 1584 Ai.
1215 1549 1294 1584 504.
1323 1553 1382 1583 νῦν
1407 1544 1435 1582 δ’
1459 1548 1558 1587 οὗτος
1585 1549 1715 1584 ἀνεῖται
1748 1549 1901 1596 στυγερῷ
1926 1547 2063 1593 δαίμονι

1050 1596 1138 1631 1215
1157 1599 1207 1631 eh.
1239 1599 1311 1630 Non
1329 1603 1380 1630 est
1398 1599 1504 1635 Pluto,
1528 1607 1638 1638 neque
1657 1599 1742 1630 Mars
1755 1623 1762 1635 ,
1791 1607 1876 1638 qnae
1896 1597 2063 1636 Musgravi

1048 1647 1218 1678 sententia
1235 1650 1324 1677 erat:
1353 1645 1410 1676 sed
1429 1655 1470 1677 ne
1488 1645 1598 1684 fatum
1616 1646 1751 1686 quidem
1779 1654 1853 1676 cnm
1872 1645 2064 1676 Hermanno

1048 1694 1212 1733 intelligo.
1251 1694 1335 1724 Item
1362 1693 1446 1723 male
1473 1693 1507 1723 in
1534 1692 1624 1723 hunc
1649 1693 1779 1723 modum
1808 1692 1933 1731 Musgr.
1959 1692 2066 1722 inter-

1048 1746 1200 1781 pretatur
1224 1740 1308 1771 illnd
1338 1741 1448 1771 Aiacis
1473 1735 1553 1770 243.
1586 1757 1626 1762 -
1654 1737 1816 1783 δαίμονος
1839 1740 1949 1771 κακοῦ
1974 1735 2065 1775 δόσις

1050 1788 1155 1826 Tynd.
1185 1788 1225 1818 fr.
1248 1784 1328 1826 572,
1349 1785 1381 1818 5.
1413 1805 1453 1809 -
1480 1789 1495 1824 ΙΙ
1522 1786 1610 1818 Hinc
1642 1787 1726 1818 illud
1750 1786 1942 1822 deflexum,
1979 1784 2065 1825 quod

1048 1838 1163 1865 sortem
1173 1822 1629 1872 Winforttmium
1643 1835 1820 1873 signifieat.
1844 1830 1975 1876 δαίμων
1992 1833 2066 1868 τοῖς

1050 1880 1111 1926 μὲν
1130 1879 1279 1927 εὐτυχής
1293 1908 1300 1919 ,
1326 1878 1412 1925 ἡμῖν
1437 1874 1464 1912 δ’
1491 1877 1579 1924 ἀπορ
1604 1882 1637 1913 εῖ
1660 1880 1714 1911 ΕΙ.
1736 1876 1814 1911 999.
1836 1881 1895 1913 τοῦ
1923 1877 2066 1915 πλέονος

1052 1926 1209 1970 [λώιονος
1227 1927 1296 1968 LA]
1319 1925 1479 1971 δαίμονος
1498 1926 1558 1958 Ph.
1600 1924 1677 1959 100.
1697 1926 1749 1971 τῷ
1766 1925 1907 1971 παρόντι
1931 1924 2067 1969 δαίμονι

1051 1976 1103 2006 El.
1130 1971 1219 2007 1306
1245 1977 1324 2006 sorti
1349 1984 1430 2015 quae
1455 1984 1543 2005 nnnc
1569 1974 1704 2014 obtiyit:
1738 1975 1820 2005 felix
1843 1978 1954 2005 autem
1982 1977 2064 2004 erat.

1048 2021 1106 2055 τὸν
1133 2019 1234 2056 αὐτὸν
1259 2016 1390 2067 δαίμον’
1420 2019 1632 2077 ἐξειληχότες
1665 2022 1719 2053 OC
1743 2018 1830 2052 1337
1857 2021 1946 2062 quod
1965 2021 2066 2051 etiam

1049 2071 1089 2101 de
1108 2071 1293 2101 infortunio
1310 2069 1492 2107 intelligas.
1514 2079 1566 2104 οις
1586 2065 1663 2101 οὔτε
1682 2066 1813 2112 δαίμων
1831 2065 1870 2110 (i
1892 2076 1923 2107 q,
1947 2066 2070 2111 μοῖραι

1595 2126 1603 2132 ·
1621 2115 1695 2159 άριν
1715 2115 1795 2153 Scyr
1814 2111 2064 2155 fnfflss—

1586 2126 1650 2195 1)(86
1669 2163 1720 2194 ch.
1743 2161 1872 2206 πρέπον
1890 2160 1929 2207 γέ
1945 2158 2006 2194 τᾶν
2024 2159 2067 2204 ἢν

1050 2209 1212 2254 δαίμονος
1245 2209 1374 2254 τούμοῦ
1408 2207 1488 2242 τάδε
1522 2211 1574 2241 Αἰ.
1605 2207 1684 2242 534.
1743 2208 1772 2242 εἶ
1805 2211 1960 2254 γενναῖος
1976 2206 2067 2252 πλὴν

1050 2259 1109 2290 τοῦ
1129 2255 1291 2301 δαίμονος
1309 2256 1364 2289 OC
1380 2253 1434 2287 76.
1466 2258 1574 2288 Ali'ert
1592 2257 1685 2290 Suid.
1707 2255 1851 2301 δαίμων.
1897 2256 2069 2287 caecitatis

1051 2306 1274 2336 calamitatem
1291 2305 1382 2336 dicit.
1403 2303 1440 2336 τὸ
1453 2302 1509 2336 σόν
1525 2314 1577 2336 τοι
1597 2297 1798 2349 παράδειγμ’
1817 2301 1919 2348 ἔχων,
1940 2301 1998 2335 τὸν
2012 2301 2067 2335 σὸν

1050 2349 1196 2395 δαίμονα
1212 2351 1270 2382 OR
1290 2347 1378 2382 1194
1397 2351 1448 2382 ch.
1470 2349 1556 2395 αὐτὴ
1575 2350 1633 2384 τὸν
1651 2349 1758 2394 αὑτῆς
1785 2347 1915 2394 δαίμον’
1937 2347 2069 2382 ἀνακα-

1049 2397 1203 2442 λουμένη
1231 2398 1286 2430 Tr.
1307 2394 1386 2430 910.
1417 2396 1456 2430 ἰὼ
1485 2395 1607 2442 δαῖμον
1639 2395 1727 2430 1026
1752 2408 1795 2429 rn.
1835 2398 1999 2429 Hercules
2026 2397 2067 2427 de

1050 2446 1211 2476 malorum
1239 2445 1471 2484 magnitudine
1498 2446 1662 2485 queritur.
1700 2443 1748 2489 μὴ
1778 2447 1895 2490 σπεῖρε
1924 2441 2069 2477 πολλοῖς

1049 2492 1106 2525 τὸν
1121 2491 1270 2537 παρόντα
1289 2489 1435 2536 δαίμονα
1454 2492 1530 2530 Tyr.
1554 2493 1594 2523 fr.
1616 2489 1694 2528 585,
1721 2489 1735 2522 1
1772 2493 1898 2536 malum
1913 2499 2066 2531 praesens

1049 2549 1089 2570 ne
1109 2541 1144 2570 in
1160 2540 1279 2578 vuL9us
1296 2549 1449 2570 emanare
1466 2541 1547 2570 sine.
1571 2539 1621 2570 Cf.
1643 2539 1759 2570 Valck.
1777 2539 1814 2570 ad
1834 2539 1970 2580 Hippoi.
1983 2533 2064 2569 809.

1051 2586 1189 2618 Kuster.
1220 2586 1260 2617 ad
1278 2587 1381 2617 Arist.
1405 2586 1494 2616 Plut.
1517 2583 1548 2617 6.
1580 2586 1692 2617 Monk.
1716 2586 1755 2616 ad
1774 2587 1899 2617 Alcest.
1921 2581 2001 2616 944.
2025 2603 2065 2607 -

1066 2633 1079 2674 ΙΙ
1097 2634 1292 2665 Generatim
1330 2636 1534 2671 numen-est,
1562 2631 1600 2665 τὸ
1627 2629 1734 2665 θεῖον.
1771 2631 1868 2678 τοίγα
1906 2632 1933 2664 σ’
1955 2630 1971 2665 ὁ
1992 2629 2068 2664 δαί-

1050 2691 1114 2724 μον
1139 2678 1340 2724 εἰσορᾷμὲν
1357 2676 1395 2712 οὔ
1421 2678 1451 2711 τί
1476 2690 1530 2712 πω
1556 2679 1602 2716 ὡς
1629 2677 1751 2712 αὐτίκα
1769 2678 1823 2711 OC
1845 2678 1860 2710 1
1889 2676 1945 2710 70,
1967 2676 2068 2711 πάλιν

1051 2737 1112 2771 σφε
1131 2725 1262 2770 δαίμων
1282 2724 1412 2763 δίκαιος
1430 2723 1525 2764 αύξοι
1545 2725 1645 2758 1567.
1666 2721 1759 2758 ταῦτ’
1777 2724 1835 2759 οὖν
1854 2724 1973 2759 ἔκλυεν
1993 2723 2068 2759 δαί-

1052 2785 1127 2828 μων
1145 2771 1248 2817 ἡμῶν
1265 2774 1319 2819 γὼ
1338 2767 1435 2806 πάντ’
1455 2771 1539 2806 ἀίων
1558 2769 1636 2807 Διὸς
1649 2767 1775 2818 Ὅρκος
1798 2770 1886 2805 1766
1904 2783 1958 2804 an.
1981 2769 2015 2806 ἔν
2033 2783 2068 2804 τε

1052 2819 1221 2864 οαιμόνων
1240 2813 1468 2866 ξυναλλαγαῖς
1486 2820 1543 2852 OR
1561 2817 1604 2851 34
1630 2822 1665 2851 in
1692 2820 1786 2851 rebus
1818 2820 1979 2852 divinitus
2005 2821 2067 2851 im-

1048 2869 1167 2898 missis.
1206 2867 1390 2907 Sphingem
1415 2867 1508 2898 dicit.
1538 2885 1578 2890 —
1599 2868 1832 2899 Adverbiascit
1848 2869 1956 2899 ταῦτα
1979 2861 2007 2898 δ’
2033 2865 2068 2899 ἐν

1048 2913 1101 2957 τῷ
1119 2912 1256 2957 δαίμονι
1273 2914 1327 2946 OC
1344 2911 1443 2945 1443.
1466 2914 1678 2946 Homericum
1698 2911 1787 2946 θεῶν
1807 2913 1841 2947 ἐν
1858 2912 2008 2959 γούνασι.
2025 2931 2065 2936 -

1050 2961 1283 2992 Diverbiorum
1303 2962 1406 3000 igitur
1422 2966 1456 2992 et
1474 2962 1677 2992 canticorum
1700 2962 1879 2992 discrimen
1897 2962 2067 3000 significa-

1048 3008 1150 3038 tionis
1177 3017 1243 3039 non
1275 3008 1389 3038 haberi
1418 3009 1620 3047 agnoscitur.
1668 3008 1783 3048 Neque
1812 3009 1912 3039 etiam
1940 3012 2066 3039 certum

1049 3054 1225 3086 discrimen
1243 3056 1335 3086 inter
1360 3050 1438 3087 θεός
1455 3059 1488 3086 et
1506 3052 1638 3098 δαίμων
1663 3056 1820 3096 reperias,
1841 3056 1881 3086 de
1899 3064 1964 3096 quo
1981 3054 2068 3086 dixit

1049 3102 1202 3141 Lennep.
1231 3102 1270 3132 ad
1288 3101 1382 3132 Phal.
1413 3101 1478 3142 Ep.
1510 3112 1543 3141 p.
1566 3098 1652 3133 370:
1685 3111 1762 3133 nam
1789 3100 1920 3145 δαίμων
1947 3102 2067 3142 utique

1049 3158 1107 3188 pro
1134 3143 1212 3180 θεός
1235 3149 1345 3180 dicere
1379 3149 1442 3179 sibi
1475 3153 1592 3189 poetae
1626 3152 1834 3187 sumserunt,
1877 3158 2067 3189 quanquam

1052 3204 1117 3225 non
1136 3195 1219 3226 item
1244 3192 1324 3228 θεός
1348 3204 1406 3235 pro
1433 3193 1579 3238 δαίμων,
1609 3196 1637 3226 si
1655 3195 1694 3226 de
1714 3196 1853 3227 numine
1872 3196 2015 3235 maligno
2033 3198 2068 3226 et

1050 3242 1226 3273 infortunii
1255 3246 1387 3274 auctore
1406 3251 1522 3273 serm0.
1739 3240 1771 3285 (Ι
1789 3252 1822 3283 p.
1844 3239 1913 3274 383
1930 3243 1990 3274 lin.
2013 3239 2066 3284 6.)

1050 2114 1126 2150 οὔτε
1143 2127 1194 2152 τις,
1212 2113 1302 2149 θεῶν
1320 2114 1464 2159 νείμειεν
1483 2113 1578 2154 ἀξίαν

1123 3330 1354 3379 Δαίνῦμαι.
1384 3333 1493 3380 [Curti
1519 3336 1572 3366 Et.
1595 3345 1628 3366 n.
1650 3331 1737 3420 2563
1768 3335 1782 3376 ΙΙ
1799 3335 1943 3367 comedo.
1971 3333 2068 3368 ἐδαί-

1052 3391 1134 3415 σατο
1151 3380 1207 3415 τὸν
1225 3376 1423 3416 Ἀστάκειον
1443 3379 1551 3414 παῖδα
1568 3379 1729 3425 (Tydeus
1756 3382 1856 3422 Synd.
1878 3384 1920 3414 fr.
1939 3379 2016 3422 153,
2031 3380 2063 3414 5.

1067 3428 1081 3470 ΙΙ
1097 3429 1214 3460 tralate
1240 3429 1370 3460 mordeo
1396 3429 1436 3461 de
1455 3430 1605 3460 cruciatu
1629 3430 1779 3461 vulneris
1798 3433 1831 3460 et
1849 3430 1965 3462 morbi.
1994 3427 2067 3463 δαί-
