2288 3600
160 107 260 156 236

161 235 219 269 ρος
245 223 301 257 OC
329 221 399 256 752
423 225 445 256 i.
467 235 499 266 q.
528 222 675 271 ἄγαμος.
727 225 802 258 τοῖς
835 221 1011 270 ἐμπείροις
1045 221 1177 270 βροτῶν

164 268 252 304 1135
270 269 344 316 [ubi
363 268 446 316 ἐμπ.
469 270 563 316 ἐμῶν
581 273 683 304 Dind.
705 272 758 305 ed.
780 272 844 305 Ox,
866 269 887 304 3
903 281 1014 303 rerum
1029 281 1179 303 mearum

158 317 302 364 ynaris}

232 371 503 423 Ἐμπελοίζω
530 377 658 410 accedo.
703 378 770 411 ποῦ
797 371 826 410 δ’
844 374 1045 422 ἐμπελάζεις
1062 375 1180 424 τάνδρί

160 425 216 457 Tr.
248 422 328 457 748.
361 443 402 449 -
422 423 528 471 *πρὶν
552 423 657 471 τῆσδε
686 423 804 471 κοίτης
831 422 1092 470 ἐμπελασθῆναι
1119 425 1175 456 Tr.

165 469 207 504 17
225 469 319 515 [secl.
342 473 426 513 ng.
470 473 522 505 De
547 483 611 504 usu
637 473 729 504 verbi
746 482 881 514 prorsus
900 473 1061 512 singulari
1079 483 1110 503 v.
1130 473 1174 504 H.

162 520 296 553 Weber.
315 519 351 551 in
369 520 490 552 Philol.
513 517 551 552 11
569 545 576 561 ,
597 516 811 564 439—441].
841 520 1070 552 Transitivum
1087 520 1180 552 enim

162 564 367 611 ἐμπελάζω,
396 571 435 599 ut
459 571 572 600 tamen
598 568 664 599 iam
690 568 829 609 scriptor
852 567 967 606 hymn.
989 567 1090 599 Mero.
1112 563 1179 599 523

161 614 203 646 ad
220 614 496 656 immediativam,
517 624 616 656 quam
635 618 764 655 vocant,
785 615 853 646 vim
872 614 1059 646 deflexerit.

235 679 478 765 [Ἐμπεγὲής
499 687 636 726 peritus.
675 683 780 730 ἐμπ.;
803 683 973 731 ἔμπειρος.
1006 681 1177 731 Σοφ.Ὀδ.

162 743 254 777 μαιν.
276 730 334 776 (fr.
354 729 397 764 41
424 731 621 777 ]Hesych.]

234 788 498 837 [**Ἐμπίνω
528 795 617 832 poto.
671 788 734 825 οὐκ
766 787 807 824 ἂν
834 788 938 824 πλέον
970 789 1127 837 τέρψειας
1156 788 1180 835 ἢ

159 836 290 881 ’μπιεῖν
326 837 441 876 διδούς
474 841 515 871 fr.
552 841 618 871 inc.
648 835 728 870 702.
774 839 877 870 Dind.
913 848 939 870 c.
969 838 1083 870 Pors.:
1105 839 1182 870 libri

161 885 289 918 Athen.
318 885 368 932 μὴ
395 889 496 920 πιεῖν.
541 887 594 918 De
617 886 778 927 loquendi
804 896 867 917 usu
894 887 935 917 cf.
958 886 1121 917 Fritzsch.
1143 886 1182 917 ad

161 933 301 965 Theocr.
326 931 381 974 10,
402 931 458 966 53.
482 952 523 957 —
546 945 579 965 v.
600 930 718 977 πίνω.]

234 998 524 1050 Ἐμπίπρημι
549 1004 711 1036 combure.
761 1001 813 1048 τῷ
837 999 985 1049 Λημνίῳ
1011 1001 1092 1048 πυρὶ
1117 1001 1183 1047 ἔμ-

162 1062 294 1097 πρησον
311 1052 372 1084 Ph.
394 1049 474 1084 801.

234 1105 470 1155 Ἔμπίπτω
497 1110 618 1143 incido.
663 1111 799 1151 Proprie
816 1110 964 1141 dictum:
994 1106 1183 1152 κάμπίπτει

164 1156 266 1206 στέγῃ
285 1158 343 1190 OR
363 1155 463 1190 1262.
508 1155 613 1195 ἄλλος
638 1155 744 1191 ἄλλον
771 1155 895 1202 ἔθραυε
919 1154 1106 1190 κάνέπιπτε
1124 1157 1178 1188 El.

162 1203 251 1245 729,
280 1206 340 1238 ubi
367 1206 488 1237 tertius
515 1215 611 1237 casus
637 1205 900 1237 subaudiendus.
924 1222 964 1228 —
987 1205 1178 1236 Tralatum:

160 1251 210 1290 εἰς
227 1250 312 1290 ἄτας
331 1250 509 1298 ἐμπίπτεις
536 1252 589 1284 El.
611 1249 680 1284 216
699 1262 752 1283 an.
798 1252 1010 1283 Contrarium
1036 1255 1087 1283 est
1104 1249 1182 1297 πρὶν

159 1297 325 1345 ἐμπεσεῖν
345 1297 543 1346 σπαραγμόν
563 1300 617 1331 Tr.
639 1296 739 1331 1253.
769 1296 802 1331 εἴ
819 1310 867 1336 τις
887 1297 1029 1344 ἐμπέσοι
1045 1296 1184 1343 (αίμάς)

158 1347 223 1379 Ph.
245 1343 314 1380 699
332 1349 398 1389 ch.,
429 1347 516 1389 quod
534 1350 624 1379 recte
641 1347 853 1379 intellectum
871 1347 967 1378 alteri
987 1346 1181 1378 scholiastae

158 1395 262 1427 {Brck.
292 1405 359 1427 non
383 1395 578 1436 perspexit,
611 1397 650 1426 ut
673 1395 851 1433 corrigeret
885 1391 916 1426 εἴ
937 1390 997 1426 τιν’
1023 1391 1178 1439 ἐμπέσοι,

162 1442 249 1483 quod
267 1443 319 1474 vel
336 1441 402 1476 τινὶ
420 1439 541 1488 φύλλῳ
567 1442 619 1473 vel
645 1439 760 1488 φυλλοί
777 1451 852 1474 τινα
869 1441 1100 1473 subaudiendo
1118 1451 1179 1472 ex-

160 1490 354 1530 plicandum
380 1493 488 1522 esset:
525 1487 571 1534 [τι
596 1487 734 1533 Dind.].
787 1489 839 1520 De
864 1486 1111 1534 *τάμπεσόντα
1136 1490 1178 1520 fr.

160 1537 227 1569 inc.
249 1533 330 1577 686,
354 1535 369 1568 1
391 1548 422 1568 v.
440 1538 463 1568 i.
486 1535 654 1570 ἐκπίπτω.
673 1555 714 1560 -
730 1537 862 1568 Deinde
881 1537 918 1567 ad
939 1537 1043 1567 (ιηίτηί
1058 1539 1177 1575 motus,

162 1585 285 1625 quibus
310 1585 511 1626 implemur,
541 1585 761 1615 transfertur:
790 1595 822 1615 ν.
845 1584 962 1615 Valck.
983 1584 1022 1614 ad
1041 1583 1177 1624 Ilippol.

161 1627 242 1664 443.
272 1631 369 1664 Wex.
391 1632 431 1663 ad
450 1632 532 1664 Ant.
555 1628 634 1663 777.
675 1629 753 1676 ἐμοὶ
771 1629 833 1675 μὲν
853 1628 969 1667 οἶκτος
989 1628 1096 1667 δεινὸς
1115 1629 1181 1675 ἐμ-

162 1677 323 1712 πέπτωκέ
346 1690 398 1716 τις
425 1679 485 1711 Ph.
514 1675 595 1711 965.
647 1676 698 1711 ὅτι
732 1676 843 1715 οὐδείς
867 1671 941 1711 ποτ’
968 1675 1087 1714 αὐτοῖς
1111 1682 1180 1710 τῶν

160 1723 256 1771 ἐμῶν
274 1723 314 1759 ἂν
332 1724 476 1772 ἐμπέσοι
492 1723 596 1772 ζῆλος
614 1723 785 1771 ξυναίμων
803 1725 858 1757 OG
876 1722 956 1757 942.
996 1726 1087 1756 Libri
1106 1726 1180 1766 ple-

159 1775 256 1815 rique
282 1771 405 1811 αὐτούς
429 1774 635 1814 insolenter,
666 1783 727 1806 nec
754 1773 948 1805 defenditur
973 1773 1006 1804 id
1024 1773 1180 1814 exemplo

164 1821 247 1852 Eur.
277 1822 323 1853 IA
341 1818 431 1861 808,
462 1821 548 1862 quod
577 1821 696 1852 Elmsl.
727 1823 906 1861 comparat.
953 1820 1054 1851 Recte
1074 1820 1129 1851 LB
1148 1826 1181 1851 et

159 1868 235 1899 Liv.
266 1879 297 1899 v.
327 1865 503 1909 αὐτοῖς,
534 1869 600 1899 iam
623 1872 702 1899 ante
728 1880 746 1899 a
764 1868 882 1907 Scalig.
912 1868 1102 1898 coniectura
1128 1868 1182 1898 in-

159 1918 315 1947 ventum.
368 1916 485 1948 Herm.
520 1913 571 1960 [et
602 1913 725 1959 Dind.]
758 1916 917 1946 librorum
944 1915 1180 1955 plerorumque

159 1963 360 2003 scripturam
388 1972 575 1996 servavere.
621 1963 778 2003 Denique
806 1963 846 1993 de
864 1971 897 1993 re
915 1961 1000 2001 forte
1019 1961 1181 1993 incidente

163 2010 296 2042 dicitur.
326 2007 427 2056 λόγος
446 2004 485 2051 δ’,
504 2008 540 2047 ὃς
555 2008 781 2055 ἐμπέπτωκεν
795 2007 920 2053 ἀρτίως
937 2006 1079 2054 ἐμοίΟΟ
1093 2006 1182 2040 1150

162 2057 206 2089 ad
223 2067 318 2088 aures
335 2057 466 2089 accidit.
498 2058 618 2099 Apogr.
637 2058 798 2099 quaedam
814 2054 1036 2091 ἐκπέπτωκεν
1050 2057 1178 2097 inepte.

163 2122 204 2128 -
241 2105 291 2136 De
325 2102 362 2141 ὃς
395 2103 430 2138 ἐν
462 2103 616 2150 κτήμασι
647 2103 780 2138 πίπτεις
804 2105 885 2137 Ant.
914 2101 982 2135 782
1008 2104 1060 2135 ch.
1088 2108 1121 2134 et
1148 2101 1182 2136 ἐν

163 2149 312 2185 ἑλίκεσσι
333 2150 430 2197 βουσὶ
454 2152 566 2185 πεσών
593 2152 648 2184 Ai.
670 2149 739 2184 374
756 2162 800 2185 111.
835 2163 866 2182 v.
888 2151 923 2182 iu
949 2149 982 2183 ἐν
1001 2154 1035 2182 et
1053 2149 1178 2184 πίπτω.

233 2219 424 2268 Ἐμπίτν
435 2236 474 2255 ω.
511 2220 654 2256 κάδόκει
678 2217 795 2256 ἄλλοτ’
820 2220 926 2256 α”λλον
950 2219 1092 2254 κτείνειν
1119 2219 1183 2266 έμ-

163 2268 310 2311 πίτνων,
333 2268 576 2317 στρατηλατῶν
595 2271 647 2302 Ai.
671 2267 727 2302 58.
766 2271 818 2302 De
836 2270 1000 2310 scriptura
1017 2274 1183 2309 peliacuta

164 2318 217 2364 vel
235 2318 362 2350 inflexa
378 2328 410 2349 v.
432 2315 548 2351 πίτνω.
595 2315 774 2362 ἐμπίπτων
801 2318 887 2349 Flor.
909 2313 936 2351 Γ
954 2316 1031 2354 LA,
1059 2320 1147 2349 τνῶν
1165 2327 1183 2347 a

164 2369 209 2397 ni.
229 2374 296 2397 rec.
318 2375 485 2406 superscr.
506 2366 591 2397 etin
610 2374 721 2405 apogr.
744 2366 880 2406 aliquot.

234 2417 281 2458 'E
291 2421 380 2469 μπλ
392 2422 439 2457 έκ
449 2437 478 2456 ω
496 2425 648 2465 illaqueo.
670 2421 836 2460 πλεκταῖς
851 2422 974 2469 ἐώραις
988 2420 1183 2467 ἐμπεπλεγ-

166 2469 273 2516 μένην
290 2470 348 2502 OR
368 2467 468 2503 1264.
894 2471 926 2515 (1
946 2481 978 2512 p.
1001 2468 1068 2502 587
1086 2470 1109 2501 l.
1131 2468 1185 2513 5.)

230 2534 475 2586 ”Εμπλεος.
510 2539 563 2574 σοί
578 2551 614 2574 τε
631 2539 695 2587 γὰρ
713 2539 808 2586 ὄμμα
827 2539 976 2586 ἔμπλεον
993 2537 1017 2584 ἢ
1037 2533 1078 2572 δι’
1096 2537 1182 2583 ἐμοῦ

165 2587 283 2627 σώζειν
317 2589 371 2620 Tr.
404 2585 493 2620 1020
517 2599 562 2620 m.
607 2598 652 2620 sc.
691 2589 885 2620 Herculem.
923 2588 1083 2619 Brunckii
1110 2587 1138 2618 B
1156 2587 1182 2618 T

165 2633 325 2680 ἔμπλεων
337 2661 344 2671 .
365 2636 530 2676 adscripto
549 2637 583 2667 in
603 2636 707 2667 altero
725 2637 765 2667 ab
783 2636 882 2667 Tricl.
906 2632 1095 2679 συνίζησιςι
1118 2634 1183 2665 sei-

163 2683 244 2715 licet
256 2683 359 2722 magis
374 2683 538 2715 Atticum.
560 2681 627 2727 [De
641 2684 744 2715 totius
757 2683 821 2714 loci
832 2682 1019 2724 corruptela
1033 2692 1065 2714 v.
1077 2681 1179 2713 Dind.

166 2730 218 2762 ed.
241 2729 304 2761 Ox.
327 2727 379 2774 3.]
406 2730 458 2761 Ad
486 2739 622 2762 sensum
649 2732 736 2762 bene
761 2730 862 2762 schol.
892 2728 932 2763 σὺ
965 2726 1030 2774 γὰρ
1054 2726 1133 2761 νέος
1155 2725 1184 2760 εἷ

163 2774 224 2809 καὶ
250 2774 404 2822 ὀξύτερόν
430 2787 483 2809 σοι
500 2776 538 2811 τὸ
564 2775 663 2821 ὄμμα
680 2776 764 2821 πρὸς
785 2776 824 2810 τὸ
843 2775 961 2815 σώζειν
978 2775 1035 2809 τὸν
1054 2774 1184 2821 πατέρα

168 2821 300 2868 μᾶλλον
317 2821 340 2867 ἢ
361 2817 402 2856 δι’
420 2822 506 2868 ἐμοῦ
523 2823 585 2867 (sc.
607 2821 776 2863 σώζεσθαι
793 2822 922 2868 αὐτόν).

235 2888 540 2940 Ἐμπλευρόω.
586 2892 801 2940 ἐμπλεύρου;
848 2892 994 2928 ἐνάλλου
1035 2892 1083 2930 είς
1123 2892 1184 2930 τὰς

166 2939 317 2986 πλευράς
336 2937 423 2987 Σοφ.
446 2938 557 2988 Αίχμ.
578 2940 636 2984 (fr.
659 2939 721 2985 50)
739 2942 883 2980 Hesych.

229 2991 283 3033 ”E
294 2997 503 3045 μπληκτο
514 3011 530 3036 ς
546 3000 725 3040 mutabilis,
738 3002 938 3033 inconstans.
959 2997 1086 3034 τοιοίδε
1100 2997 1185 3044 μέν-

165 3056 218 3079 τοι
236 3050 348 3091 φῶτες
375 3044 572 3091 ἔμπληκτοι
596 3045 728 3091 βροτῶν
747 3047 800 3078 Ai.
827 3044 925 3079 1358.
949 3048 1043 3080 Suid.
1066 3058 1096 3078 v.
1120 3045 1186 3092 ἔμ-

166 3091 325 3138 πληκτοι,
354 3094 475 3125 Zonar.
496 3103 529 3134 p.
553 3090 631 3130 698,
654 3095 751 3126 Eust.
779 3104 813 3135 p.
838 3091 940 3134 1886,
961 3091 1003 3126 41
1030 3095 1081 3126 illi
1099 3095 1186 3128 κοῦ.-

167 3150 236 3186 φοι,
257 3138 723 3185 εὐμετάβολοιχὶιιιετρτοιαιί,
754 3144 791 3172 ut
809 3141 944 3173 Ulixem
964 3144 1077 3181 tangat
1095 3141 1185 3181 Aga-

168 3197 299 3219 memno
331 3185 491 3231 [ἄστατος
532 3186 597 3230 (sic
629 3188 727 3220 Eust.
764 3186 913 3232 quoque)
955 3185 1186 3233 εὐμετάβολος

167 3232 351 3278 Hesych.];
374 3245 405 3266 v.
424 3235 506 3266 Lob.
527 3235 567 3266 ad
580 3235 613 3266 h.
635 3236 674 3274 1.,
696 3238 730 3266 et
747 3235 829 3267 adde
843 3236 1014 3274 Wyttenb.
1035 3236 1073 3267 ad
1093 3235 1182 3266 Plut.

169 3280 309 3313 Oonviv.
331 3284 416 3322 sept.
446 3291 516 3322 sap.
545 3292 577 3322 p.
605 3279 669 3313 149
689 3283 725 3313 Β.
772 3283 888 3314 Stallb.
917 3283 958 3314 ad
976 3283 1059 3314 Plat.
1082 3282 1182 3322 Gorg.

167 3337 202 3370 p.
228 3325 294 3360 130
312 3332 346 3360 et
362 3328 402 3359 ad
421 3329 498 3367 Lys.
528 3339 561 3370 p.
588 3326 664 3361 123.

238 3380 481 3430 *Ἐμπνέω
502 3398 533 3418 v.
563 3384 721 3422 ἀναπνέω
748 3397 790 3420 ex
810 3388 869 3420 Ph.
893 3385 972 3422 883.

161 3544 177 3558 2
208 3504 213 3510 ⁴
246 3495 317 3564 Γ)
368 3504 391 3535 ”
450 3530 516 3563 1⁹2

526 3562 570 3587 ,1,
640 3569 659 3578 ‚

409 3584 431 3595 ιι(

820 100 831 117 '
843 105 1106 170 Εμπελάζω
1135 134 1196 142 -
1217 101 1231 135 ·’
1242 104 1571 174 Εμπορεύομαι

1908 116 1941 164 [1
1958 129 1992 161 p.
2009 88 2232 166 asa-5331
2253 154 2257 156 ,

1284 217 1542 268 Ἐμποδίζω
1563 224 1728 265 prohibeo.
1757 235 1795 258 σο
1825 223 1862 258 ὸς
1877 222 2069 272 παλαιστὴς
2093 226 2226 264 κεῖνος·
2253 222 2258 237 ²*

1214 269 1305 304 ἀλλὰ
1362 269 1397 304 αἰ
1431 269 1535 316 σοφαὶ
1567 275 1722 318 γνῶμαι,
1759 236 1956 319 Φίλοκτῆτζ
1986 270 2228 318 ἐμποδίζονται
2256 276 2261 282 ”

1213 314 1312 363 θαμά
1364 319 1396 350 h.
1417 315 1487 350 432
1514 319 1615 351 schol.
1645 320 1791 360 explicat
1820 318 1926 366 σοφὸς
1943 318 2006 365 μέν
2023 317 2124 362 ἐστιν,
2153 313 2229 354 ἀλλ’
2259 361 2262 363 Α

1215 363 1254 399 οὐ
1280 363 1395 399 διόλου
1422 363 1534 406 ἔσται,
1564 364 1600 399 αἱ
1623 363 1687 412 γὰρ
1718 367 1872 400 τοιαῦται
1896 371 2030 414 γνῶμαι
2051 365 2229 413 καταβάλ-

1214 411 1331 446 λονται
1353 408 1493 450 εὐθέως.
1523 413 1644 445 Ulixes
1671 414 1880 454 significatur
1905 415 2104 456 manifesto,
2124 413 2228 460 σοφός
2252 429 2257 433 ¹>

1215 463 1328 492 autem
1361 457 1536 501 ποικίλον,
1578 458 1691 494 δόλιον
1725 461 1942 502 explicueris.
1986 461 2230 495 Efficacissima

1217 508 1387 539 sententia
1411 508 1452 539 ad
1469 508 1706 540 consolandum
1731 508 1952 540 Philoctetem
1978 512 2048 541 est:
2076 518 2118 541 m
2135 519 2227 550 cum,

1215 556 1275 586 erit
1292 556 1391 595 enim,
1418 554 1474 586 ubi
1491 554 1627 595 fraudes
1651 565 1725 587 eum
1740 565 1809 587 non
1826 557 1939 587 iuvent
1955 556 2108 597 amplius.
2255 562 2257 564 ’

1287 618 1332 659 'E
1344 635 1430 670 μπο
1442 623 1523 658 δών
1541 625 1728 666 impediens.
1756 624 1866 660 κακὸν
1889 623 1926 660 δὲ
1950 627 2051 660 ποῖον
2070 624 2230 672 ἐμποδὼν
2248 623 2258 672 γ’

1217 669 1307 718 εἶργε
1323 666 1414 706 τοῦτ’
1432 670 1611 714 ἐξειδέναι,
1640 673 1698 705 OR
1718 671 1795 706 128.
1824 673 1942 719 παρὼν
1967 671 2007 707 σύ
2024 670 2053 720 γ’
2070 671 2231 719 ἐμποδὼν

1219 717 1336 765 ὀχλεῖς
1353 717 1422 752 445
1449 717 1498 764 [in
1527 721 1586 752 LA
1603 732 1621 752 a
1638 731 1682 752 m.
1703 731 1755 762 pr.
1781 731 1799 753 ν
1822 722 1970 762 positum
1987 726 2039 753 est
2055 731 2158 763 super
2175 721 2226 766 μ],
2245 734 2251 739 ·

1217 767 1261 800 τά
1286 763 1314 813 γ’
1341 765 1502 811 ἐμποδὼν
1530 765 1647 814 ὀχλεῖς
1674 768 1760 800 male
1785 768 1882 800 Brck.
1911 777 1955 800 ex
1972 769 1999 800 B
2016 773 2052 800 et
2067 769 2096 800 E
2112 769 2149 800 in
2166 778 2231 810 quo
2250 796 2252 801 .

1219 818 1307 846 certe
1326 824 1427 855 supra
1444 815 1606 856 scriptum
1620 817 1747 857 fertur;
1777 815 1900 857 turbas,
1927 816 2051 857 inquit,
2073 819 2111 848 ut
2128 817 2232 856 impe·-
2248 825 2251 830 ·

1219 862 1362 893 άὶπιεηίο
1386 863 1440 894 sis.

1289 917 1296 930 '
1306 916 1335 954 E
1346 932 1370 965 μ
1379 931 1428 954 πο
1438 918 1458 953 λ
1467 918 1489 954 οί
1502 933 1542 954 ω.
1563 918 1730 964 [„Proprie
1742 919 1780 954 τὸ
1792 919 2045 967 ἐμπορεύεσθαι
2058 922 2129 954 sive
2142 932 2233 966 πρα-
2264 928 2269 931 “

1218 965 1467 1013 γματεύεσθαι“
1478 969 1557 1000 Lob.
1568 968 1609 999 ad
1618 969 1675 1001 Ai.
1688 965 1767 1000 977.
1780 970 1911 1000 lucrum
1921 969 2096 1001 vendendo
2110 970 2230 1010 facere,
2247 1008 2250 1011 .

1218 1016 1298 1047 inde
1315 1025 1430 1056 entare,
1449 1016 1508 1047 sed
1533 1016 1634 1047 etiam
1656 1025 1776 1047 venum
1801 1016 1879 1047 dare
1895 1027 1928 1047 V.
1948 1016 2064 1048 Herm.
2085 1016 2126 1048 ad
2139 1017 2173 1048 h.
2190 1014 2253 1062 1.]“

1220 1060 1394 1107 ἐμπολᾶτε
1418 1061 1506 1096 τάπὸ
1531 1059 1693 1108 Σάρδεων
1719 1060 1887 1108 ἤλεκτρον
1914 1063 1995 1095 Ant.
2020 1060 2120 1095 1037.
2158 1064 2241 1096 Me·-

1219 1114 1325 1142 morat
1342 1110 1440 1141 Eust.
1461 1120 1496 1151 p.
1520 1107 1622 1150 1788,
1642 1107 1699 1142 43.
1722 1109 1760 1143 σὺ
1788 1107 1815 1143 δ’
1838 1108 2040 1156 ἐμπολήσας
2064 1107 2088 1155 ἢ
2113 1110 2229 1157 τυχών
2247 1129 2252 1134 ->

1219 1152 1252 1201 μ’
1273 1155 1366 1203 αὐτῷ
1384 1154 1506 1198 δίδως,
1524 1157 1582 1189 OR
1602 1154 1702 1190 1025.
1733 1155 1797 1191 οὐκ
1814 1155 2004 1204 ἐλεύθερος,
2031 1154 2106 1191 ἀλλ’
2123 1155 2249 1203 ἐμπο-

1217 1201 1339 1249 ληθείς
1365 1205 1420 1236 Tr.
1441 1201 1522 1237 250.
1553 1205 1683 1237 Tralate
1701 1214 1864 1245 comparo.
1892 1203 1931 1238 τό
1953 1200 1980 1251 γ’
2001 1202 2038 1238 εὖ
2055 1203 2238 1251 προίσσειν,Γ

1219 1249 1294 1285 ἐπεὶ
1320 1249 1475 1291 πύθοιτο,
1503 1249 1626 1297 κέρδος
1645 1250 1785 1298 ἐμπολᾷ
1807 1253 1862 1284 Tr.
1884 1249 1928 1284 93
1946 1253 2074 1284 lue-mm
2086 1253 2249 1294 afferunt
2286 1248 2288 1251 ’

1218 1309 1267 1330 res
1288 1309 1479 1340 prosperae,
1508 1300 1563 1330 ubi
1588 1300 1627 1330 de
1652 1301 1698 1331 eis
1723 1299 1897 1331 audiverit.
1942 1300 2046 1331 Plane
2070 1301 2245 1332 contraria
2286 1302 2288 1336 ἓ

1219 1347 1270 1377 vis
1287 1347 1367 1378 huic
1385 1350 1436 1378 est
1452 1357 1471 1378 a
1487 1347 1656 1378 vendendo
1675 1348 1793 1378 tralata
1816 1350 1856 1378 ut
1872 1348 1918 1379 sit
1941 1344 2156 1392 προδιδόναιε
2186 1347 2247 1380 (tf-³
2286 1368 2288 1378 2

1219 1394 1324 1426 Piers.
1346 1395 1383 1426 ad
1401 1394 1502 1426 Moer.
1519 1391 1596 1426 156.
1619 1393 1666 1426 ὡς
1683 1394 1732 1439 μὴ
1751 1387 1952 1439 ’μπολήσων
1971 1391 2044 1427 ἴσθι
2059 1393 2124 1440 τὴν
2141 1392 2246 1440 ἐμὴν·
2286 1395 2288 1420 3

1219 1440 1327 1486 φρένα
1344 1443 1426 1473 Ant.
1451 1438 1551 1473 1063.
1581 1442 1666 1473 Mire
1683 1442 1810 1473 dictum
1835 1436 1889 1487 ἄρ’
1913 1439 2146 1487 ἠμπόληκας;
2173 1441 2247 1474 Αἰ.
2285 1471 2288 1482 ,

1218 1487 1299 1530 978,
1322 1490 1444 1530 quibus
1462 1489 1572 1520 verbis
1590 1489 1720 1520 Teucer
1736 1490 1885 1529 Aiacem,
1906 1489 1965 1530 qui
1982 1499 2043 1520 sua
2059 1499 2159 1520 manu
2204 1502 2211 1517 ·‚
2231 1494 2236 1529 J
2284 1485 2288 1522 f

1218 1538 1361 1576 ciderat,
1387 1537 1578 1576 alloquitur.
1612 1533 1745 1580 [Herm.
1767 1539 1802 1567 et
1818 1536 1946 1568 Nauck.
1974 1546 2067 1568 nunc.
2089 1547 2117 1568 c.
2144 1537 2213 1568 Len
2225 1536 2234 1559 ⁴
2285 1527 2288 1563 ἶ

1218 1585 1324 1624 tingio
1341 1580 1535 1629 ἠμπόληκά
1563 1577 1589 1615 0⁷
1622 1584 1718 1615 dant:
1749 1593 1831 1614 num
1849 1587 1878 1614 te
1895 1584 2051 1616 morando
2064 1583 2241 1624 perdam,
2285 1586 2288 1616 l

1219 1632 1381 1663 Matthiae
1399 1640 1480 1662 num
1498 1632 1626 1662 lucrum
1643 1631 1750 1671 fecisti
1767 1631 1789 1662 i.
1813 1641 1843 1662 e.
1865 1630 1950 1672 quod
1969 1632 2004 1662 in
2021 1632 2111 1662 luero
2125 1639 2210 1671 pom

1219 1679 1294 1718 bus,
1314 1678 1452 1718 adeptus
1469 1679 1526 1708 es?
1542 1679 1695 1709 Aliorum
1714 1679 1900 1709 sententias
1919 1681 1954 1710 et
1970 1679 2178 1710 coniecturas
2194 1688 2218 1714 v:
2235 1700 2237 1702 -

1217 1737 1269 1767 ap.
1293 1727 1372 1757 Lob.
1395 1726 1488 1758 Suid.
1511 1736 1542 1756 v.
1563 1723 1775 1771 ἠμπόληκας
1801 1729 1835 1757 et
1853 1726 1970 1757 Zonar.
1995 1722 2025 1756 1.
2046 1735 2080 1767 p.
2102 1722 2171 1757 994
2187 1734 2206 1757 e
2229 1746 2243 1763 ;

1218 1774 1319 1805 schol.
1351 1776 1416 1804 vet.
1439 1770 1643 1818 ἐπώλησας,
1673 1769 1859 1817 ἐκέρδανας
1876 1773 2068 1814 explicant,
2089 1772 2200 1804 minin
2284 1774 2288 1821 l

1218 1822 1257 1852 ad
1276 1830 1413 1852 sensum
1433 1824 1519 1860 apte.
1551 1821 1651 1851 Paulo
1670 1821 1792 1851 melius
1809 1820 1911 1851 schol.
1932 1821 2015 1852 min.
2037 1817 2254 1865 πέπρακας,-
2286 1824 2288 1831 ’

1217 1866 1324 1913 ἤγουν
1343 1864 1566 1912 προδέδωκας
1582 1865 1695 1911 ἡμᾶςε
1724 1868 1841 1898 debuit
1858 1866 2009 1900 σεαυτόν.
2031 1865 2130 1911 [lude
2150 1867 2228 1899 Lo=⁴

1216 1913 1284 1961 ἀρα
1309 1913 1483 1960 πέπραγας
1507 1915 1578 1946 sive
1605 1911 1875 1959 περιπεποίηκας
1907 1924 1981 1946 cum
2017 1914 2118 1946 schol.
2146 1916 2235 1946 vet.

1219 1963 1327 1994 Unice
1353 1972 1468 1993 verum
1504 1966 1555 1993 est
1584 1962 1761 2002 prodidisti
1785 1963 1888 1993 vitam
1917 1964 2027 2002 tuam3
2066 1970 2210 2002 compar
2230 1970 2235 1988 ¹.

1219 2010 1302 2041 illud
1320 2010 1473 2050 quamvis
1491 2009 1654 2040 dissimile
1673 2007 1918 2054 ἐξημπόλημαι
1935 2006 2169 2054 κάκπεφόρτισ

1220 2058 1300 2088 Ant.
1326 2053 1425 2088 1036.
1450 2075 1490 2079 —
1511 2054 1677 2100 ἐμπολεῖν
1697 2066 1762 2088 non
1782 2057 1953 2088 Atticum:
1982 2067 2013 2086 v.
2035 2057 2091 2088 Gr.
2112 2056 2166 2088 He
2192 2068 2234 2085 ιω

1219 2115 1252 2146 p.
1274 2101 1354 2136 326.
1394 2104 1472 2135 Lob.
1502 2105 1541 2135 ad
1568 2104 1689 2143 l'hryn.
1719 2113 1846 2143 parerg.
1875 2113 1909 2144 p.
1930 2100 2016 2143 5843
2058 2099 2224 2148 ἐμπωλεγ

1219 2153 1415 2183 barbarum:
1446 2162 1476 2183 v.
1499 2151 1644 2182 eundem
1662 2155 1696 2182 et
1714 2151 1843 2183 Schaef.
1864 2151 1942 2183 mel.
1963 2151 2035 2182 crit.
2056 2161 2090 2192 p.
2110 2147 2168 2183 85.

1290 2219 1297 2231 ⁷
1307 2218 1334 2255 Ε
1346 2233 1371 2266 μ
1381 2233 1429 2254 πο
1439 2219 1492 2266 λη
1506 2231 1607 2253 merx.
1627 2219 1781 2264 ἐμπολᾶς
1796 2219 1930 2266 μακράς
1945 2222 2036 2261 Scyr.
2051 2223 2090 2253 fr.
2104 2217 2184 2260 499,

1290 2287 1495 2337 Ἐμπόλη
1507 2304 1561 2336 μοι
1579 2302 1669 2322 mera·
1682 2316 1690 2331 ,
1717 2292 1796 2323 inde
1814 2303 1832 2323 a
1848 2293 2096 2332 permutatione
2114 2290 2220 2323 merv'

1220 2341 1323 2372 monii
1342 2340 1499 2371 redhibiti
1515 2349 1644 2371 merces.
1673 2338 1780 2384 κόρην
1807 2336 2090 2385 παρεισδέδεγμαι
2114 2336 2181 2372 λω
2221 2346 2229 2377 ¹.

1219 2387 1275 2421 τὸν
1295 2384 1483 2431 ἐμπόλημα
1508 2389 1570 2431 τῆς
1597 2385 1685 2431 ἐμῆς
1710 2385 1833 2431 φρενός
1859 2388 1914 2418 Tr.
1937 2383 2007 2418 538
2030 2387 2155 2418 malam
2175 2406 2216 2423 -‚

1220 2435 1324 2475 officii
1341 2443 1416 2474 crya
1436 2434 1608 2464 Herculem
1630 2435 1779 2473 praestita?
1795 2433 1972 2465 mercedem
1997 2434 2156 2474 accepisse.
2171 2431 2205 2465 ai
2216 2454 2228 2472 ζ,

1223 2480 1335 2525 [aliter
1353 2481 1467 2522 Gamp.
1489 2482 1523 2512 in
1543 2481 1662 2512 Philol.
1683 2478 1741 2517 20,
1762 2478 1838 2525 36]
2200 2478 2202 2480 ’

1290 2537 1575 2585 Ἐμπολητός
1601 2539 1765 2571 venditus.
1803 2540 2021 2580 Suppositum
2049 2539 2162 2570 Laerti
2184 2541 2225 2583 ’.ζ’

1221 2588 1319 2629 syphi
1343 2588 1451 2618 filium
1476 2587 1600 2618 Ulixen
1628 2588 1793 2627 significat
1826 2584 2045 2631 οὺμπολητὸς
2082 2582 2190 2630 Σισύφ
2217 2585 2222 2588 ”
2270 2626 2273 2631 .

1221 2631 1387 2679 Λαερτίου
1414 2635 1474 2665 Ph.
1496 2631 1575 2666 417.
1598 2630 1768 2679 [Λαερτίῳ
1790 2635 1916 2666 Nauck.
1937 2637 1971 2665 et
1988 2635 2037 2665 sio
2054 2634 2111 2665 LA
2129 2641 2179 2674 pr.
2205 2633 2221 2659 ι’
2249 2637 2252 2644 ’

1222 2683 1309 2722 Eug.
1330 2682 1440 2713 Ferrai
1461 2685 1619 2720 testatur,
1643 2682 1729 2712 idem
1749 2691 1912 2722 superscr.
1934 2682 1969 2712 in
1988 2678 2077 2725 PA.]
2103 2679 2186 2715 Vuk
2206 2682 2228 2720 ’,γ’

1221 2733 1286 2760 tam
1313 2734 1403 2760 recte
1421 2730 1586 2769 explicuit
1603 2729 1719 2760 Herm.
1744 2725 1895 2772 Σισύφου
1914 2728 2069 2759 adiectivi
2087 2727 2159 2758 vioe
2183 2740 2204 2752 ἰ
2262 2727 2273 2733 “’

1221 2777 1332 2808 ditur:
1351 2772 1538 2821 Λαερτίου,
1567 2773 1673 2812 ὅντως
1703 2772 1853 2820 Σισύφου
1873 2773 1967 2812 ὄντος
1980 2801 1988 2814 ,
2009 2778 2048 2805 ut
2065 2773 2192 2814 signifi
2269 2812 2273 2823 ‹

1222 2828 1277 2855 tur
1296 2833 1411 2855 verum
1430 2824 1539 2863 illum,
1561 2824 1618 2863 qui
1638 2823 1762 2854 Ulixen
1782 2823 1949 2862 genuerit,
1972 2823 2113 2853 Laerten
2131 2821 2167 2853 fu
2187 2833 2221 2862 ιχ

1222 2871 1415 2912 Sisyphum.
1453 2867 1518 2914 [De
1547 2874 1625 2901 tono
1644 2871 1723 2901 Lob.
1746 2870 1819 2900 Par.
1841 2865 1941 2913 494]
2222 2868 2226 2870 ’

1285 2933 1507 2985 ’Έμπολις
1531 2943 1620 2972 civis.
1658 2938 1783 2984 ἄνδρα,
1822 2938 1873 2973 σοὶ
1908 2938 1970 2983 μὲν
1996 2936 2140 2982 ἔμπολιν
2176 2945 2212 2966 ¹
2268 2934 2272 2943 ''

1222 2986 1315 3028 ὄντα,
1345 2991 1489 3034 συγγενῆ
1509 2986 1546 3020 δέ
1563 2988 1618 3020 OG
1638 2985 1919 3025 1156.Polyuices
1936 2987 2080 3026 dicitur,
2111 2984 2217 3017 The

1222 3036 1333 3067 exsul.
1364 3035 1479 3067 DeOC
1498 3031 1564 3066 637
1583 3046 1614 3066 V.
1638 3036 1660 3066 i.
1683 3032 1842 3078 ἔμπαλιν.

1292 3099 1634 3150 Ἐμπορεύομαι
1660 3106 1719 3135 iter
1743 3103 1845 3143 facio.
1884 3101 1974 3140 ὅστις
2001 3102 2047 3139 ὡς
2075 3099 2136 3147 τὺρ
2193 3120 2229 3153 ‘2
2259 3112 2277 3150 L!

1225 3149 1450 3198 ἐμπορεύεται
1473 3154 1512 3184 fr.
1540 3153 1607 3182 inc.
1629 3149 1708 3183 711.
1738 3150 1835 3196 ξένην
1863 3149 1916 3183 ἔπι
1940 3151 2040 3194 γαῖαν
2065 3148 2206 3194 ’ἐμποῦ
2257 3153 2276 3197 ’γ

1225 3210 1315 3233 σεται
1339 3200 1397 3231 OR
1419 3196 1488 3231 456
1512 3200 1556 3238 gl.
1577 3196 1650 3231 ἀντὶ
1675 3200 1736 3231 τοῦ
1761 3195 1973 3241 πορεύσεται.
1997 3215 2037 3220 -
2063 3205 2111 3235 co,
2135 3204 2176 3236 p>
2262 3201 2276 3241 ¹j

1225 3247 1392 3286 significat
1409 3248 1471 3279 ποῖ
1496 3244 1523 3278 δ’
1550 3243 1750 3291 ἐμπορεύει;
1780 3244 1830 3289 τῷ
1858 3243 1971 3289 φέρεις
1987 3237 2060 3276 τάδ’
2077 3241 2219 3290 ἔμπυυζ,
2258 3243 2272 3282 '3

1225 3294 1279 3325 El.
1300 3290 1381 3325 405.
1404 3294 1495 3325 Libri
1514 3294 1667 3335 plerique
1687 3293 1771 3324 male
1790 3289 1982 3338 ἐκπορεύηε
2004 3292 2131 3332 primus
2147 3291 2223 3325 τενζ,
2241 3293 2273 3330 <5²5

1226 3337 1408 3432 ἐμποριεὺει
1431 3341 1525 3372 Brck.
1557 3336 1764 3385 [ἐμπορεύηι
1791 3339 1867 3378 LA,
1898 3350 1922 3382 μ
1945 3348 1987 3369 ex
2013 3349 2030 3370 ν
2050 3340 2088 3369 ut
2104 3335 2179 3368 vide
2255 3334 2273 3400 ji

1226 3389 1323 3420 facto.
2199 3387 2231 3427 js
2242 3380 2272 3438 >¹32
