2288 3600
68 3 114 17 ,>.ι’”»-.
141 10 146 11 ⁷

99 18 118 30 δ’*
147 21 162 26 “’

0 117 62 194 ἓῖᾏῑι
75 158 110 192 p.
131 143 351 193 sss-591]

93 245 322 299 ”Εμπορος
344 254 462 285 viator.
497 255 564 290 πᾶς
587 262 637 290 τις
661 248 753 296 ηὔδα
775 249 875 285 τοῦτό
897 244 926 297 γ’
957 248 1041 295 νῖμιν

30 298 191 346 ἐμπόρων
209 299 263 332 OC
281 297 338 332 25.
360 297 502 333 *πολλὰ
520 293 547 332 δ’
566 297 656 343 ἐμπό
679 310 727 333 ων
746 296 813 344 ἔπη
833 296 926 344 φιλεῖ
951 307 975 330 π
999 309 1042 330 α-

29 345 154 382 νᾶσθαι
171 344 240 380 303
257 343 352 391 [secl.
372 347 414 379 H.
433 344 590 391 Hirzel.].
613 343 647 379 ἔν
675 357 697 379 α
713 342 866 390 δίστομοι
885 341 1042 390 συμβάλ-

31 391 148 428 λουσιν
166 392 327 439 ἐμπόρων
345 391 419 428 ὁδοί
436 390 515 426 901.
537 395 579 425 cf.
601 393 727 434 Reisig.
749 401 857 424 enarr.
880 403 914 434 p.
934 389 991 424 31.

100 460 147 498 'E
158 475 244 509 μπρ
255 462 342 498 έπω
363 464 569 504 praefulyeo.
614 464 750 504 Proprie
782 458 1041 507 γυναικομίμοις

28 509 215 557 ἐμπρέπεις
233 508 422 557 ἐσθήμασιν
440 512 480 542 fr.
507 512 572 543 inc.
590 507 658 543 706
679 507 880 555 [ἐμπρέπεις
897 519 916 540 a
934 509 1038 540 Piers.

29 563 100 590 est:
131 556 317 604 ἐμπρεπεῖς
343 559 376 589 in
396 555 519 602 libris].
554 558 708 598 Figurate
735 555 825 602 ὁρῶν
846 566 882 588 σε
900 553 1044 592 πολλοῖς

30 603 271 652 ἐμπρέπουσαν
289 602 424 650 ἄλγεσιν
444 605 497 636 ΕΙ.
514 602 613 637 1187.
636 605 833 636 Gener-osam
851 602 992 634 indoLem
1010 604 1045 634 in

30 654 111 693 ipsis
126 653 224 684 malis
241 652 384 692 ferendis
397 652 556 693 effulsisse
572 653 619 683 ait
635 649 752 696 [immo
777 645 854 682 ‘non
874 650 1040 690 virginali,

35 703 73 731 ut
90 709 150 740 par
166 703 248 739 erat,
270 704 388 731 ornatu
407 699 465 730 sed
481 699 636 740 plurimis
654 699 750 730 malis
768 691 884 729 cincta'
902 694 1043 741 lacobs.]

94 765 347 835 ’''Eprcphiloe
374 780 403 801 v.
435 766 642 815 ἐμπίπρημι.
841 766 871 811 (1
890 778 922 808 p.
945 764 1046 811 589.)

117 824 145 862 Ε
156 827 239 872 μπῡ
251 839 268 861 o
280 839 295 865 ς
314 829 445 869 proprie
459 829 552 868 puris
564 829 693 868 plenae,
722 824 859 872 πλήρης
878 824 964 859 πύου
983 827 1039 858 Gr.

30 876 135 907 Bekk.
157 885 191 916 p.
211 871 291 915 249,
312 872 369 914 22,
390 876 468 906 inde
486 875 661 906 ulcerosus.
683 872 720 906 σὲ
736 872 840 919 τήνδε
855 870 883 906 τ’
912 871 1043 918 ἔμπυον

31 920 127 967 βάσιν
145 920 336 959 παύσοντας
355 919 481 968 ἄλγους
499 922 559 953 Ph.
583 918 683 953 1378.

93 973 147 1014 ”E
159 974 247 1026 μπῦ
259 987 341 1026 ρος.
378 981 429 1012 De
447 980 649 1012 divinatione
666 989 704 1010 em
729 981 804 1019 iyne
822 979 972 1020 sacrificii
990 979 1041 1009 di-

30 1028 118 1060 citur
143 1025 306 1074 ἐμπύρων
331 1025 497 1073 ἐγευόμην
517 1024 664 1071 βωμοῖσι
689 1028 771 1058 Ant.
798 1023 896 1066 1005,
918 1027 959 1057 de
977 1035 1042 1066 quo

30 1084 152 1115 genere
172 1075 377 1106 vaticinandi
400 1086 431 1106 v.
453 1075 555 1107 Seidl.
583 1075 622 1106 ad
650 1074 731 1104 Eur.
754 1075 798 1105 lT
820 1071 872 1105 16.
897 1073 1039 1104 Boeokh.

32 1123 124 1163 expl.
145 1122 242 1153 Pind.
264 1132 297 1163 p.
322 1119 399 1154 180.
431 1122 495 1153 Sed
511 1120 563 1166 τῷ
583 1119 696 1167 φέρεις
720 1118 794 1154 τάδ’
811 1118 964 1166 ἔμπυρα;
988 1120 1040 1152 El:

29 1165 97 1201 405
117 1170 314 1201 translatum
332 1173 383 1200 est
400 1169 440 1200 ad
458 1169 693 1208 significandas
712 1165 870 1208 σπονδάς,
891 1172 930 1199 ut
947 1171 1044 1198 vetus

32 1216 207 1248 scholiasta
224 1216 380 1257 explieat.
414 1217 456 1246 lit
470 1216 569 1247 Trici.
587 1227 593 1246 :
614 1219 899 1261 καταχρηστικῶς
918 1212 953 1248 δὲ
971 1211 1045 1246 εἷπε

29 1260 72 1296 τὰ
98 1260 280 1309 ἔμπυρα.
302 1280 342 1286 -
373 1260 508 1307 ἔμπυρα
541 1259 604 1308 γὰρ
629 1260 756 1309 κυρίως
781 1260 824 1294 τὰ
851 1259 907 1294 διὰ
940 1272 984 1294 πυ
1008 1260 1043 1298 ὸς

30 1308 207 1356 γενόμενα.
237 1308 272 1342 αἱ
291 1307 345 1342 διὰ
364 1308 470 1354 πυρὸς
488 1307 603 1343 θυσίαι
621 1309 676 1341 Gr.
700 1311 803 1341 Bekk.
827 1319 859 1350 p.
880 1305 962 1347 247,
1007 1306 1040 1340 0.

31 1357 206 1399 Perperam
230 1357 271 1388 de
297 1357 433 1388 victima
463 1357 671 1396 intelligebat
705 1357 809 1388 Stanl.
847 1357 887 1388 ad
920 1356 1040 1387 Aeseh.

0 1410 2 1420 *
32 1404 140 1436 Prom.
163 1401 243 1436 497.

102 1459 358 1508 *Ἐμφαίνω
393 1473 423 1494 V.
453 1460 575 1508 φαίνω.

5 1549 11 1554 .
102 1515 334 1567 Ἐμφόἶνής
357 1521 565 1562 manifestus.
605 1521 655 1552 De
681 1521 795 1552 rebus:
823 1518 862 1554 ού
886 1518 950 1566 γὰρ
976 1519 1044 1553 ἔστι

28 1566 192 1615 τάμφανῆ
218 1565 379 1613 κρύπτειν
403 1568 457 1601 OC
475 1566 555 1600 755.
591 1565 640 1605 τίς
666 1566 805 1608 κτύπος,
838 1566 950 1614 σαφὴς
983 1566 1044 1612 μὲν

30 1613 164 1655 αὐτῶν,
194 1613 238 1659 ἐμ
267 1614 351 1661 ανὴς
377 1613 414 1647 δὲ
437 1617 498 1648 τοῦ
525 1612 635 1654 ξένους
670 1612 770 1646 1501.
811 1613 947 1661 ἐμφανῆ
981 1613 1044 1660 γὰρ

30 1660 73 1708 ἧν
90 1663 172 1694 Ant.
193 1626 264 1694 448
287 1664 323 1694 in
346 1663 466 1702 vulyus
482 1665 571 1693 notu.
601 1664 659 1694 νῦν
678 1672 728 1695 σοι
752 1660 868 1707 τέρψις
888 1660 1044 1707 ἐμφαν’ἱς

31 1711 132 1755 κυρεῖ
149 1710 204 1741 Tr.
226 1706 306 1740 291.
335 1706 409 1741 κατ’
425 1705 530 1754 ῆμαρ’
547 1706 741 1754 τούμφανὲς
757 1707 796 1742 τὸ
813 1711 871 1742 νῦν
890 1710 943 1741 Ai.
960 1683 1039 1741 753.

32 1757 120 1789 Satis
140 1757 295 1788 audacter
314 1758 361 1787 sio
378 1757 524 1797 appellat
542 1754 565 1800 ἡ
583 1757 642 1788 νῦν
663 1754 759 1793 οὖσα,
788 1766 854 1797 qua
871 1761 1046 1797 praesente

34 1804 182 1835 *vivimus
201 1802 358 1849 φέροντες
385 1802 521 1848 ἐμφανῆ
539 1801 711 1848 τεκμήρια
728 1803 782 1834 ΕΙ.
806 1800 905 1835 1109.
925 1802 1047 1849 κέρδος

37 1849 187 1897 ἐμφανές
210 1852 251 1882 fr.
273 1851 362 1882 Alet.
390 1847 447 1890 94,
469 1848 500 1881 7.
531 1847 628 1894 δίκην
657 1849 793 1895 ἐμφανῆ
819 1848 919 1883 τίνειν
945 1852 988 1882 ib.
1011 1848 1042 1882 9.

34 1897 192 1943 εἰσορῶσι
222 1894 386 1954 τάμφανῆ
421 1898 486 1928 ine.
508 1893 588 1935 663,
617 1893 650 1928 2.
694 1898 744 1929 De
778 1899 934 1930 animatis
966 1900 989 1929 i.
1011 1909 1042 1939 q.

17 1943 194 1990 »estorp-5422.
223 1943 310 1977 ὥστε
342 1947 508 1990 καμφανῆ
546 1939 668 1988 μαθεῖν
702 1944 755 1976 ΕΙ.
788 1941 888 1976 1454.
918 1943 994 1991 ὄψει
1020 1943 1047 1977 δ’

37 1990 139 2026 αὐτὸν
157 1985 266 2025 αὐτίκ’
284 1990 420 2037 ἐμφανῆ
441 1992 496 2022 Tr.
522 1988 598 2022 199.
621 1989 678 2024 δός
696 2002 753 2035 μοι
770 1994 965 2037 προσειπεῖν
984 1990 1047 2025 αὐ-

33 2038 91 2073 τὸν
110 2037 245 2084 ἐμφανῆ
264 2032 291 2070 τ’
310 2037 394 2071 ἰδεῖν
413 2039 466 2070 Αἰ.
488 2035 568 2069 538.
589 2038 766 2070 Selectiore
785 2049 847 2070 usu
867 2044 947 2070 sunt
963 2037 1047 2072 κού-

37 2083 147 2131 δαμοῦ
177 2087 293 2130 τιμαῖς
333 2078 516 2119 Ἀπόλλων
548 2083 704 2130 ἐμφανής
728 2085 784 2117 OR
802 2083 869 2117 909
888 2087 938 2118 ch.
968 2088 990 2117 i.
1013 2096 1043 2118 e.

37 2131 200 2179 ἐμφανῶς
222 2134 378 2176 τιμᾶται,
409 2137 443 2163 et
460 2136 533 2169 πῶς
550 2129 590 2165 ἂν
608 2130 687 2176 ὗμιν
706 2131 750 2176 ἐμ
778 2132 863 2178 ανὴς
882 2131 970 2179 ἔργῳ
988 2144 1046 2179 γε-

35 2178 170 2225 νοίμην,
199 2178 245 2216 ὥς
263 2172 297 2223 μ’
312 2176 432 2212 ἔθεσθε
450 2176 622 2225 προσφιλῆ
649 2180 709 2210 Ph.
732 2178 751 2210 5
782 2178 795 2211 1
818 2181 839 2211 i.
863 2191 892 2212 e.
914 2184 987 2217 πῶς
1005 2178 1045 2213 ἂν

36 2224 124 2273 ἔργῳ
143 2224 281 2272 ἐμφανῆ
304 2224 403 2272 χάριν
420 2223 630 2271 ἀποδείξαιμ’
654 2224 706 2259 ἄν.

107 2279 279 2330 Ἐμφαν
291 2288 344 2321 ὧς
361 2284 550 2324 manifesto.
579 2283 709 2329 ἄνωγεν
727 2284 821 2330 ἡμᾶς
838 2281 967 2330 Φοῖβος
984 2285 1044 2330 ἐμ-

33 2340 34 2343 ’
63 2336 153 2368 ανῶς
167 2332 224 2363 OR
234 2328 290 2363 96.
313 2329 433 2377 φονεὺς
451 2330 497 2364 ὢν
514 2330 613 2364 τοῦδε
630 2331 771 2378 τάνδρὸς
787 2330 950 2378 ἐμφανῶς
965 2330 1043 2365 534.

30 2341 111 2414 ’ἶπεὶ
120 2377 226 2424 αὐτὴν
236 2375 328 2411 εἷλον
345 2376 508 2424 ἐμφανῶς
521 2376 602 2411 ἀπισ
634 2378 754 2412 ’σασαν
769 2381 848 2411 Ant.
861 2376 941 2411 655.
956 2377 1046 2417 ὅστις

23 2423 199 2472 ἐμφανῶς
215 2423 309 2462 θεοῖς
327 2422 535 2471 ἐχθαίρομαι
552 2426 605 2457 Ai.
651 2424 706 2458 57.
728 2425 757 2459 εἰ
774 2425 935 2472 ἐμφανῶς
952 2424 1047 2472 ἠμύ-

35 2482 116 2507 νατο
130 2473 185 2504 Tr.
197 2469 265 2504 278
282 2474 326 2512 vi,
347 2482 412 2503 non
422 2473 505 2503 dolo.
523 2471 601 2518 πρὶν
615 2470 714 2506 αὐτὸν
730 2472 872 2519 φανερὸς
886 2471 1047 2519 ἐμφανῶς

26 2517 174 2556 ,σταθεὶς
193 2517 284 2564 δείξῃ
303 2516 382 2551 608.
413 2520 610 2558 Ignorabant
628 2520 802 2561 Stephani..
825 2522 935 2558 Brck..
957 2521 1045 2553 Can-

36 2571 114 2605 tor„
144 2568 201 2608 qui
227 2575 292 2597 sec.
322 2566 480 2597 Brunokii
506 2568 576 2597 cod.
608 2568 633 2598 Τ
667 2569 738 2598 vult
764 2567 907 2614 φανερὸν
932 2566 1046 2613 ἐμφα-

14 2646 15 2649 ,
36 2612 118 2660 νής,
146 2615 244 2645 verba
261 2613 420 2653 quomodo
446 2614 671 2654 componenda
696 2619 820 2646 essent.
861 2615 1047 2646 Cohaerent

22 2657 200 2706 ’ἒμφανῶς
220 2658 311 2704 δείξῃ
327 2659 456 2699 publice
473 2663 503 2690 et
521 2662 614 2700 quasi
627 2671 700 2692 cum
713 2663 926 2692 ostentatione
938 2665 1046 2693 osten-

36 2706 110 2739 dere
135 2709 170 2738 in
193 2709 367 2745 conventu,
395 2711 428 2737 et
453 2706 596 2752 φανερὸς
623 2706 768 2747 σταθείς,
797 2712 872 2739 ante
899 2711 1046 2740 omnium

24 2755 148 2786 Oculos
166 2756 371 2785 constitutus.
400 2750 422 2785 ἅ
448 2747 479 2799 γ’
502 2751 591 2787 εἶδον
609 2753 771 2801 ἐμφανῶς
789 2755 842 2786 ΕΙ.
863 2751 942 2786 923.
963 2753 1046 2788 αλέ-

31 2796 131 2848 ,νὶτων
150 2798 230 2834 ὅταν
247 2807 297 2833 τις
314 2798 476 2845 ἐμφανῶς
495 2799 664 2846 ἐφευρεθῄ
679 2803 717 2832 fr.
739 2803 804 2833 ino.
826 2798 905 2839 669,
929 2800 959 2833 1.

38 2894 62 2910 ,ψ
107 2863 244 2916 Ἐμφε
256 2869 306 2915 ρή
319 2876 334 2901 ς
350 2872 478 2902 similis.
506 2869 640 2903 εἰσιδών
657 2882 707 2907 τις
726 2869 878 2918 ἐμφερὴς
896 2870 973 2916 ἐμοί
987 2873 1042 2903 Ai.

34 2912 130 2964 {2152
153 2918 304 2950 similiter
328 2919 504 2949 animatus.
549 2919 713 2958 Respexit
734 2919 870 2950 fortasse
890 2919 986 2950 Eust.
1008 2929 1040 2959 p.

28 2958 139 3004 1787,
162 2960 218 2995 64.

108 3017 191 3066 Ἐμ
206 3021 321 3068 φέρω
339 3022 464 3054 obiieio.
494 3020 552 3059 οὓς
577 3021 648 3055 αἰὲν
668 3021 825 3069 ἐμφέρεις
844 3021 884 3056 σύ
903 3034 960 3068 μοι
979 3022 1045 3070 φό-

36 3077 116 3109 „ue
141 3062 320 3113 πατρῴους
345 3069 400 3101 OC
418 3065 496 3101 989.
527 3068 699 3115 ἐμφορᾷς,
729 3069 902 3116 ἐμφερεῖς,
932 3069 1043 3116 ἐμφο-

34 3113 52 3154 ‘³3
74 3115 122 3154 ῖς,
150 3116 236 3156 quod
262 3117 296 3147 in
325 3117 380 3147 LA
400 3127 442 3147 m.
464 3121 533 3148 ant.
563 3126 663 3157 supra
689 3118 868 3157 scriptum,
906 3118 1042 3148 minime

30 3152 50 3194 {3‘
72 3162 202 3193 ·tabiles
220 3166 300 3194 sunt
317 3165 350 3194 in
370 3163 460 3194 codd.
483 3164 695 3194 diversitates
713 3165 897 3204 scripturae
914 3162 1043 3209 [ἐμφο-

129 3208 193 3240 Gu.
214 3210 316 3240 Dind.
338 3210 390 3241 ed.
411 3209 474 3241 Ox.
497 3207 517 3241 3
536 3212 665 3250 infleris,
695 3209 860 3255 ἀμφέρεις
878 3211 915 3241 L.
937 3212 1039 3246 Dind.

32 3253 192 3293 *.?‹=.1.G.
217 3253 246 3297 1,
268 3253 290 3287 2
314 3266 347 3296 p.
369 3253 436 3288 609
461 3259 482 3287 ἱ.
511 3255 573 3290 ἀνα
604 3254 696 3301 έρω].
719 3274 759 3280 -
788 3258 838 3288 De
865 3258 963 3288 verbo
987 3258 1043 3289 illo

33 3285 64 3348 {⁴
83 3301 249 3334 *Abresou
271 3304 309 3334 ad
328 3303 448 3336 Aesch.
475 3305 537 3343 Ag.
561 3301 577 3334 1
604 3300 660 3335 22.
691 3303 843 3336 Similem
860 3305 952 3336 verbi
976 3303 1043 3337 εἰσ-

36 3351 37 3354 ’
59 3351 152 3394 ρειν
169 3349 300 3380 dicendi
327 3360 423 3381 usum
448 3351 629 3382 illustravit
646 3351 816 3389 Wyttenb.
837 3351 876 3382 ad
894 3351 982 3382 Plut.
1002 3352 1042 3382 de

35 3415 67 3430 .
114 3409 117 3422 2
140 3396 215 3427 aud.
237 3397 363 3428 ratione
381 3407 414 3437 p.
436 3394 480 3428 40
498 3397 539 3428 E.

857 128 1102 201 Ἔμπορος
1127 163 1194 170 -
1214 125 1299 182 Ἐν

1990 135 2090 184 237

1143 242 1372 297 Ἔμφοβος
1397 250 1594 283 tremendus.
1629 247 1665 284 αἱ
1692 247 1840 297 ἔμφοβοι
1867 246 1943 284 θεαί
1967 250 2023 283 OC
2046 247 2091 283 39

1077 297 1100 328 i.
1114 306 1146 338 q.
1170 293 1311 342 Σεμναί.
1341 297 1439 329 Haud
1456 297 1556 329 dubie
1575 298 1712 338 respicit
1725 298 1850 330 Endon.
1872 299 1959 330 Viol.
1976 307 2010 339 p.
2026 294 2092 330 152

1078 348 1168 376 recte
1185 345 1362 376 emendata
1386 355 1405 376 a
1429 345 1555 385 Reisig.
1577 354 1684 376 enarr.
1713 355 1747 385 p.
1770 341 1825 385 32,
1848 355 1924 376 cum
1941 355 1994 387 ap.
2016 346 2092 378 Vil-

1078 391 1150 422 lois.
1171 392 1333 423 scribatur
1349 388 1504 438 ἔκφοβοι.

1146 453 1198 495 'E
1208 473 1234 506 μ
1275 471 1356 507 ρων
1373 462 1492 492 mentis
1509 470 1648 500 compos.
1687 462 1736 493 De
1753 463 1898 502 spirante
1915 463 1973 494 sed
1990 464 2091 494 mon·-

1081 507 1190 540 bundo
1218 507 1254 541 ἔτ
1289 506 1430 555 ἔμφρων
1457 509 1537 539 Ant.
1563 505 1662 541 1237.
1699 509 1750 539 De
1767 508 1920 540 redeunte
1945 509 1989 541 ad
2005 519 2038 541 se
2054 519 2092 541 ex

1081 556 1212 587 insania
1236 553 1379 602 ἔμφρων
1397 553 1496 599 μόλις
1520 553 1723 588 καθίσταται
1741 556 1796 587 Αἰ.
1818 552 1897 588 306.
1928 556 2093 589 Seleotius

1081 606 1132 633 est
1149 603 1190 633 de
1203 603 1364 642 prudente
1381 603 1506 633 dictum
1524 604 1657 648 γονεῦσι
1676 599 1715 642 δ’,
1745 599 1778 635 οἵ
1804 596 1832 634 σ’
1857 601 1997 650 ἔφυσαν,
2027 601 2092 648 ἔμ-

1081 655 1202 695 φρονες
1219 649 1277 680 OR
1289 646 1357 680 436
1371 659 1416 681 so.
1433 647 1562 694 ἔφυμεν
1576 650 1637 680 υἱοὶ
1649 659 1775 689 sumus,
1795 651 1901 687 glossa
1918 648 2088 696 φρόνιμοι.

1082 697 1153 728 Non
1173 697 1274 728 Tricl.
1296 698 1409 737 modo,
1438 696 1495 727 sed
1522 697 1622 727 etiam
1650 697 1734 728 Flor.
1758 693 1783 730 Γ
1799 693 1827 730 Δ
1853 698 2005 738 quamvis
2038 699 2092 729 in-

1080 748 1158 785 epte
1176 740 1348 790 εὔφρονες.

1150 794 1392 848 Ἐμφύλιος
1423 803 1696 841 eomanyuineus.
1740 799 1925 840 κτανόντας
1964 813 2000 836 τε
2033 801 2092 836 καὶ

1079 846 1243 886 θανόντας
1278 846 1460 894 βλέποντες
1495 846 1683 894 ἐμφυλίους
1718 851 1797 880 Ant.
1829 846 1918 881 1264
1935 860 1980 881 m.
2018 844 2092 895 αἷμ’

1081 893 1247 941 ἐμφύλιον
1265 897 1322 927 OR
1336 893 1425 927 1406
1443 896 1483 926 de
1503 898 1629 927 incesta
1646 897 1822 936 sanguinis
1839 898 2088 929 commixtione.

1079 943 1143 975 Sed
1175 946 1239 989 γῆς
1273 940 1443 989 ἐμφυλίου
1473 942 1528 974 OC
1559 940 1647 974 1385
1681 948 1731 974 est
1765 944 1860 984 quasi
1895 946 2087 991 συγγενοῦς,

1076 992 1213 1031 patriae.

1144 1052 1378 1106 Ἐμφῦλος
1402 1061 1424 1092 i.
1446 1070 1478 1101 q.
1501 1057 1680 1105 ἐμφύλιος.
1707 1057 1906 1106 τοῦμφυλον
1930 1058 2018 1107 αἷμα
2035 1062 2090 1094 Oc

1079 1104 1147 1139 407
1175 1107 1246 1139 Laii
1263 1108 1391 1139 caedes.

1168 1159 1378 1212 Εμφῦτος
1403 1167 1578 1205 inyenitus.
1617 1164 1745 1211 πατρὸς
1770 1163 1922 1212 ἔμφυτον
1943 1165 2091 1201 ἄλαστον

1081 1211 1166 1259 αἷμα
1183 1213 1239 1245 00
1260 1209 1346 1244 1671
1368 1223 1411 1244 m.
1441 1213 1609 1244 infandam
1636 1214 1798 1253 originem
1822 1215 1974 1254 queritur
1998 1226 2016 1246 a
2033 1225 2092 1256 pa-

1080 1261 1142 1292 tris
1160 1261 1237 1292 inde
1255 1262 1467 1300 generatione
1487 1261 1570 1301 ipsis
1587 1261 1734 1299 insitam,
1755 1261 1844 1292 unde
1862 1263 1972 1293 omnia
1989 1271 2091 1302 gene-

1082 1309 1128 1339 ris
1154 1309 1207 1339 sui
1233 1308 1317 1339 mala
1334 1311 1414 1339 orta.
1446 1307 1513 1339 Cur
1536 1305 1686 1352 ἔμφυτος
1712 1317 1776 1339 non
1799 1306 1951 1352 ἐμφυτός
1969 1309 2093 1341 scriba-

1083 1360 1137 1386 tur
1149 1380 1156 1394 ‚
1191 1365 1289 1386 causa
1307 1355 1400 1386 nulla
1413 1359 1476 1386 est.

1152 1420 1197 1457 Ἐ
1208 1416 1330 1471 μφύω
1349 1422 1420 1468 (ὖκ,
1442 1427 1493 1465 ῡν,
1514 1422 1581 1468 ὖσ).
1612 1424 1703 1463 Quae
1722 1426 1815 1456 verbi
1840 1430 1952 1466 partes
1970 1427 2094 1458 transi-

1082 1473 1149 1503 tive
1168 1473 1378 1513 significant,
1400 1482 1513 1504 earum
1532 1473 1625 1503 nulla
1642 1473 1777 1512 legitur.
1805 1473 1885 1504 Aor.
1899 1469 1932 1504 2.
1953 1477 1988 1505 et
2004 1475 2090 1515 perf.

1082 1521 1265 1558 inyenitum
1281 1529 1345 1550 esse
1362 1520 1563 1560 significant.
1595 1511 1623 1563 ᾧ
1641 1517 1657 1560 (
1685 1516 1795 1562 άντει)
1810 1517 1962 1565 τάληθὲς
1988 1518 2095 1566 ἐμπέ-

1082 1577 1188 1611 φυκεν
1215 1563 1407 1611 ἀνθρώπων
1436 1565 1530 1612 μόνῳ
1556 1566 1612 1598 0Ιέ
1629 1563 1652 1597 2
1677 1563 1710 1598 9.
1731 1560 1827 1599 πάντ’
1850 1565 2030 1614 ἐμπέφυκε
2054 1567 2105 1614 τῷ

1083 1612 1206 1659 μακρῷ
1221 1611 1311 1659 γήρᾳ
1322 1612 1415 1647 κακά
1428 1615 1468 1645 Ιϊ.
1487 1615 1550 1645 inc.
1568 1610 1648 1654 684,
1669 1611 1700 1644 1.
1728 1614 1779 1645 De
1796 1622 1830 1645 re
1846 1616 1989 1654 yraviter
2005 1624 2095 1647 com-

1081 1660 1282 1699 mendanda,
1303 1670 1387 1701 quae
1407 1663 1546 1692 tirmiter
1563 1660 1697 1692 haereat
1713 1661 1854 1692 animis:
1883 1659 1914 1694 τί
1933 1658 1960 1694 δ’
1977 1659 2018 1695 ἂν
2035 1659 2095 1697 θέ-

1082 1705 1155 1743 λοις
1172 1706 1210 1741 τὸ
1227 1707 1343 1741 πιστὸν
1362 1707 1509 1752 ἐμφῦναι
1527 1705 1640 1754 φρενί;
1669 1707 1725 1739 OC
1746 1704 1846 1739 1488.
1883 1707 1965 1740 Oed.
1986 1710 2094 1742 inter-

1084 1759 1232 1795 rogatur,
1255 1753 1345 1800 φρήν
1363 1759 1474 1786 autem
1494 1754 1616 1786 Thesei
1640 1758 1711 1794 est,
1740 1759 1777 1786 ut
1796 1756 1840 1786 sit
1857 1756 2095 1796 explicandum

1082 1800 1126 1848 τῇ
1149 1799 1252 1834 αὐτοῦ
1277 1799 1373 1847 φρενί
1396 1803 1466 1833 sive
1491 1799 1597 1847 αὐτῷ.
1629 1800 1733 1833 Choro
1752 1810 1884 1833 versum
1902 1804 2019 1835 tribuit
2036 1804 2095 1835 LA

1084 1853 1117 1880 et
1135 1849 1275 1889 Reisig,
1302 1854 1376 1890 post
1394 1849 1541 1880 Turneb.
1573 1849 1670 1888 vulgo
1687 1850 1876 1888 Antigonae
1901 1850 2092 1883 exhibetur.

1085 1896 1170 1927 Cum
1194 1896 1295 1928 schol.
1323 1897 1446 1928 scribat
1469 1894 1501 1929 τί
1525 1895 1563 1929 τὸ
1587 1894 1702 1928 πιστὸν
1727 1892 1841 1932 θέλεις
1867 1894 2030 1942 ἐμβαλεῖν
2052 1896 2098 1945 τῇ

1085 1942 1192 1989 φρενί,
1221 1943 1335 1974 Herm.
1359 1941 1508 1988 ἐμφῦσαι
1525 1944 1676 1983 coniecit,
1705 1943 1763 1974 sed
1781 1948 1963 1986 utrumque
1981 1945 2097 1977 eodem

1084 1991 1191 2022 redire
1217 1995 1304 2022 recte
1328 1991 1454 2022 iudicat
1470 1991 1594 2030 Reisig.
1610 2016 1616 2031 ,
1651 1991 1746 2022 cuius
1765 1995 1876 2022 tamen
1894 1992 2095 2033 interpreta-

1085 2039 1208 2069 tionem
1227 2047 1292 2069 non
1310 2039 1488 2078 probamus
1505 2036 1553 2081 (v.
1575 2035 1720 2081 πιστός),
1748 2047 1810 2069 nec
1827 2039 1929 2070 ullam
1948 2041 2098 2080 agnosci-

1084 2094 1159 2116 mus
1185 2095 1261 2116 ‹tum
1281 2085 1395 2116 Herm.
1424 2085 1504 2116 dicti
1529 2085 1754 2116 insolentiam.
1797 2084 1954 2118 Ceterum
1973 2088 2008 2118 in
2025 2097 2097 2118 am-

1080 2133 1180 2171 plexu
1198 2131 1350 2163 haerendi
1368 2133 1433 2162 vim
1448 2132 1547 2163 habet
1565 2130 1582 2165 ἐ
1606 2129 1715 2164 είσατε
1733 2130 1878 2177 πλευρὸν
1895 2130 2096 2180 ἀμφιδέξιον

1084 2176 1233 2224 ἐμφύντε
1250 2177 1303 2223 τῷ
1321 2176 1462 2224 φύσαντι
1479 2179 1534 2210 OC
1555 2177 1570 2209 1
1602 2176 1654 2218 13,
1677 2183 1715 2210 ut
1731 2189 1776 2210 ex
1793 2180 1921 2219 Mudgii
1938 2181 2099 2213 emenda—

1085 2227 1176 2257 tione
1194 2226 1312 2257 Elmsl.
1334 2227 1448 2257 Herm.
1477 2223 1614 2269 [Dind.]
1643 2224 1772 2270 ἐμφύτε
1792 2227 1849 2258 LA
1867 2237 1933 2268 pr.,
1957 2223 2097 2273 ἐμφῦσᾶ

1085 2283 1164 2304 corr.
1187 2273 1299 2304 addita
1316 2274 1356 2304 ab
1373 2273 1405 2304 S.
1451 2274 1494 2312 gl.
1516 2270 1589 2306 ἀντὶ
1604 2274 1666 2305 τοῦ
1692 2271 1890 2319 ἐμφῦσαι...
1905 2272 2035 2321 ἐμφῦτε
2052 2284 2096 2307 ex

1083 2320 1139 2351 PA
1158 2320 1254 2351 Brok.
1271 2332 1278 2351 z
1299 2324 1398 2360 atque
1413 2319 1549 2364 ἐμφῦσα
1562 2320 1699 2361 quidem
1716 2321 1874 2352 scribitur
1890 2322 2096 2361 ignoratione

1083 2368 1296 2406 elegantioris
1320 2367 1478 2407 loquendi
1504 2377 1603 2407 usus,
1641 2377 1706 2407 quo
1731 2368 1948 2408 alloquuntur
1973 2378 2091 2409 unum,

1082 2415 1195 2454 plures
1213 2415 1389 2454 designant
1406 2415 1527 2445 animo.
1891 2413 1924 2457 (Ι
1941 2425 1975 2456 p.
1996 2412 2097 2460 591.)

1148 2476 1161 2491 ’‘
1171 2480 1198 2517 Ε
1208 2496 1232 2528 μ
1242 2482 1267 2530 ψ
1277 2483 1326 2529 ῠχ
1335 2494 1353 2516 ο
1362 2490 1378 2516 ς
1393 2487 1498 2516 vivus.
1517 2482 1613 2530 εἴπερ
1624 2483 1779 2531 ἔμψυχός
1792 2478 1822 2530 γ’
1836 2483 1903 2529 ἐγώ
1917 2486 1968 2517 ΕΙ.
1989 2481 2089 2517 1221.

1082 2525 1135 2576 ἄρ’
1160 2528 1205 2564 ἔτ’
1228 2529 1387 2577 ἐμψύχου
1411 2530 1592 2577 κιχήσεταί
1616 2543 1700 2576 μου;
1730 2532 1784 2564 OC
1806 2528 1905 2565 1486.
1936 2530 2094 2579 ἔμψυχον

1082 2575 1234 2623 ἡγοῦμαι
1251 2578 1369 2624 νεκρόν
1387 2580 1468 2610 Ant.
1493 2575 1592 2609 1167.

1153 2644 1291 2681 ‘Em—1.
1322 2648 1374 2679 De
1391 2648 1511 2687 forma.
1541 2646 1602 2680 εἰν
1621 2649 1724 2680 semel
1742 2649 1880 2690 dictum,
1910 2648 1957 2682 εἰν
1969 2642 2092 2683 υΑιδου

1083 2693 1200 2739 δόμοις
1231 2696 1312 2726 Ant.
1346 2692 1430 2726 1241
1475 2692 1538 2738 [sic
1564 2696 1653 2727 enim
1681 2696 1734 2726 LB
1767 2697 1898 2737 aliaque
1931 2697 2094 2728 nonnulla

1083 2739 1231 2785 apogr.],
1253 2743 1339 2782 quod
1360 2742 1482 2773 multos
1500 2742 1650 2782 offendit,
1672 2744 1757 2783 quia.
1767 2744 1802 2774 in
1822 2744 1951 2775 senario
1970 2745 2092 2783 tragico

1081 2793 1253 2829 praeterea
1276 2798 1341 2820 non
1367 2790 1508 2828 legitur,
1538 2789 1626 2820 unde
1645 2790 1795 2829 fuerunt,
1831 2791 1890 2830 qui
1915 2789 1949 2823 ἐν
1974 2784 2092 2824 Ἀίδου

1083 2836 1135 2866 vel
1152 2835 1200 2872 είς
1211 2828 1335 2869 τἈιδου
1354 2833 1514 2879 (δόμους)
1528 2837 1741 2868 conficerent.
1763 2833 1880 2880 [Dind.
1898 2847 1973 2869 cum
1986 2838 2021 2868 in
2035 2838 2088 2869 ed.

1081 2881 1145 2914 Ox.
1168 2880 1188 2914 3
1221 2883 1428 2914 defendisset
1461 2881 1529 2923 εἰν,
1565 2893 1656 2914 nunc
1674 2883 1755 2916 PSG
1788 2884 1840 2915 ed.
1879 2882 1900 2915 5
1931 2885 2094 2925 praetulit

1081 2930 1203 2961 Heathi
1222 2931 1307 2960 coni.
1337 2927 1371 2962 ἔν
1396 2923 1425 2975 γ’
1443 2922 1596 2973 (Ἀιδου.]
1621 2930 1686 2962 Sed
1699 2931 1835 2962 defendi
1852 2931 1985 2962 videtur
2001 2932 2093 2971 gravi

1045 2984 1050 2989 ·
1079 2977 1136 3007 illo
1154 2980 1187 3008 et
1205 2976 1338 3008 Graecis
1355 2977 1490 3008 auribus
1507 2977 1691 3008 inviolabili
1716 2975 1764 3009 είν
1781 2974 1900 3011 Ἀίδαο
1925 2975 2088 3022 δόμοισιν.

1079 3015 1236 3068 εἶν”Αρει
1255 3024 1335 3054 salsa
1352 3025 1416 3054 fuit
1433 3023 1571 3055 Heathii
1589 3025 1776 3055 coniectura
1793 3025 1847 3055 Ai.
1861 3021 1940 3056 614.
1960 3042 2001 3048 -—-
2027 3023 2091 3058 ἐνί

1079 3067 1234 3113 [locativa
1252 3072 1354 3101 forma
1371 3070 1464 3102 Curt.
1485 3071 1540 3101 Et.
1562 3080 1595 3102 n.
1608 3067 1692 3115 425]
1716 3074 1874 3112 tanquam
1893 3073 2091 3113 praepositio

1080 3118 1136 3148 vix
1154 3117 1280 3148 dictum
1299 3117 1461 3158 Sophocli,
1487 3121 1520 3148 et
1545 3118 1679 3149 omnino
1705 3119 1784 3149 adeo
1800 3127 1911 3150 rarum
1929 3123 1980 3150 est
2001 3119 2090 3160 apud

1079 3164 1230 3204 tragicos,
1252 3167 1290 3195 ut
1306 3164 1423 3195 Elmsl.
1444 3164 1483 3195 ad
1502 3163 1583 3195 Eur.
1605 3164 1737 3197 Herael.
1757 3161 1825 3196 893
1843 3170 1877 3197 et
1894 3166 1951 3197 illo
1966 3166 2036 3198 looo
2054 3170 2088 3197 et

1079 3211 1122 3241 IT
1136 3207 1224 3242 1109
1242 3208 1297 3243 ἐπί
1315 3211 1545 3251 corrigendum
1559 3212 1754 3243 decreverit.
1777 3212 1860 3243 Nam
1874 3213 1908 3243 in
1924 3213 2040 3244 Traoh.
2054 3223 2085 3245 v.

1079 3255 1100 3288 7
1118 3258 1215 3297 vulgo
1231 3258 1403 3297 legebatur
1413 3258 1547 3298 quidem
1561 3255 1688 3291 ναίουσ’
1705 3256 1753 3291 ἐνὶ
1769 3255 1955 3305 Πλευρῶνι.
1977 3260 2085 3292 Schol.

1080 3302 1114 3336 ἐν
1138 3300 1327 3349 Πλευρῶνι,
1356 3306 1468 3345 itaque
1492 3306 1549 3335 LA
1576 3310 1610 3336 et
1628 3305 1700 3344 LB;
1731 3305 1808 3337 inde
1834 3306 1925 3338 codd.
1954 3307 2113 3347 quidam'

1079 3351 1414 3383 resarcienteslooum
1430 3345 1557 3384 ναίουσ’
1576 3350 1624 3384 ἐνὶ
1643 3363 1674 3383 v.
1695 3349 1722 3384 δ’
1750 3351 1784 3385 ἐν
1811 3364 1841 3384 v.
1855 3347 1884 3398 γ’
1903 3351 1950 3386 ἐν.
1972 3354 2042 3385 Aut
2059 3349 2088 3399 γ’

758 3395 790 3440 (1
807 3407 839 3437 p.
863 3394 930 3429 590
947 3399 970 3428 l.
991 3395 1045 3442 4.)
1079 3395 1114 3431 ἐν
1131 3402 1190 3429 aut
1206 3407 1281 3429 cum
1300 3398 1371 3431 Erf.
1393 3398 1506 3430 Herm.
1528 3395 1667 3442 [Dind.]
1688 3393 1732 3433 ἔτ’
1750 3397 1784 3431 ἐν
1803 3401 2026 3434 scribendum.
2047 3401 2086 3431 In
