2288 3600
419 0 429 13 Ἰ
440 0 483 14 *ε
497 0 585 18 ’κ’-,ιμ-
599 0 671 15 urst-t
785 0 816 17 ,ιν
848 5 853 12 2
880 0 891 12 ·.
910 12 912 14 ,

65 182 77 192 .
140 154 266 203 -94.]

77 462 110 486 ο
127 463 158 484 v.
179 449 336 499 λουτρόν.

15 512 45 553 ,Α
79 508 123 546 ἐτ
135 521 249 546 ωπον
273 511 377 552 from.
406 510 453 549 ὡς
484 507 525 544 ἂν
551 506 631 548 Διὸς
656 509 815 556 μέτωπον
839 507 971 557 ἐκταῦῃ

95 602 190 653 ὄχοις
213 607 267 639 ΕΙ.
289 603 357 638 727
382 617 413 638 v.
441 606 557 637 Herm.
596 605 667 637 Non
696 606 796 637 nimis
822 606 971 646 urgenda

153 662 216 685 nec
233 656 416 695 potuerunt
433 653 580 684 adversis
604 653 640 684 in
658 662 731 684 sese
749 649 895 685 invicem
913 654 970 685 in-

4 703 92 733 stare
109 701 276 732 frontibus
294 701 353 733 sed
370 710 412 732 ex
430 704 620 732 transverso
636 701 748 741 potius
763 712 770 732 :
791 699 971 732 collidendi

23 764 30 790 ⁴,
49 748 160 781 ficatio
172 749 263 780 inest
279 749 315 780 in
333 746 515 793 μετώποις.
535 745 578 792 ἦν
592 745 629 780 δὲ
643 746 812 792 μετώπων
831 745 970 781 ὀλόεντα

4 796 25 841 ᾗ,
56 805 147 840 ματα
164 795 221 827 Tr.
242 791 308 827 521
327 795 378 827 ch.

10 852 119 910 ⁴{j'Me
158 876 176 911 ρ
187 877 223 903 ις
239 865 351 898 donec.
374 863 494 912 μέχρις
509 862 642 912 μυχοὺς
658 862 784 912 κίγωσι
799 866 860 899 τοῦ
873 863 970 899 κάτω

13 916 34 938 “«
57 914 112 946 Ai.
157 910 213 946 71.
241 913 396 954 Plerique
414 914 490 945 libri
508 910 630 959 μέγρις
648 907 831 954 οὖ,”αΙίᾳιιί
849 911 970 959 μέχρις

8 959 20 983 ”-·
39 964 79 1011 pt
98 965 132 993 et
157 961 252 994 Suid.
280 971 312 992 v.
333 964 539 1006 γηροτροφῶ
565 954 601 992 et
626 958 756 1007 μυχός,
785 961 855 993 cod.
878 962 966 993 Ven.

7 1046 9 1048 .
39 1018 80 1049 ι,
107 1011 263 1050 suspecta
279 1009 409 1048 omnia,
439 1018 515 1040 cum
540 1008 580 1040 ob
605 1012 822 1048 anapaestum
839 1008 969 1040 duobus

11 1056 95 1088 ”hus
121 1058 348 1096 constantem,
376 1056 433 1096 qui
458 1055 591 1087 alienus
617 1058 668 1087 est
684 1056 725 1087 ab
748 1057 887 1097 antiqua
903 1060 971 1087 tra-

56 1113 87 1144 a,
115 1106 188 1135 tum
205 1102 294 1144 quod
310 1106 392 1134 sunt
407 1103 539 1142 tragicis
558 1103 719 1134 inusitata
736 1101 838 1149 μέχρι
855 1106 889 1135 et
907 1101 970 1147 μὲ-

65 1159 151 1192 quae
170 1150 224 1182 vel
249 1160 302 1191 ap.
323 1150 426 1182 bonos
443 1159 560 1191 prosae
578 1150 755 1190 scriptores
781 1160 856 1181 cum
876 1150 970 1182 modo

12 1191 57 1240 'st
84 1207 127 1230 ne
159 1197 406 1237 coniungantur
438 1208 456 1229 a
480 1198 703 1237 grammaticis
734 1201 870 1229 cautum
904 1201 965 1229 est.

6 1245 143 1280 ''m-almi
167 1245 357 1278 coniectura
381 1241 417 1282 ἔς
439 1238 468 1277 τ’
491 1242 532 1278 ἄν
546 1271 554 1284 ,
583 1245 682 1276 cuius
700 1246 838 1276 fortasse
857 1245 969 1286 expli-

61 1292 163 1325 fuerit
182 1289 315 1339 μέχρις,
335 1293 429 1324 velut
445 1292 480 1323 in
495 1292 611 1331 glossis
631 1291 710 1323 Mss.
724 1292 844 1324 Aesch.
858 1292 965 1324 Prom.

7 1383 14 1387 ,
34 1358 46 1382 x,
72 1343 206 1382 recepta
229 1341 270 1372 ab
286 1339 356 1372 Erf.
385 1339 464 1372 Lob.
499 1340 548 1372 At
561 1339 678 1371 Elmsl.
701 1349 836 1372 versum
861 1343 988 1414 totumj

13 1386 106 1420 'at.

37 1481 40 1483 ,
71 1442 110 1491 ἡ.
153 1446 206 1477 De
231 1446 362 1478 duabus
387 1445 619 1485 negationibus
644 1446 773 1486 primus
799 1445 968 1486 explicate

90 1493 119 1525 it
143 1493 258 1525 Herm.
279 1493 319 1525 ad
338 1493 414 1532 Vig.
436 1503 469 1534 p.
490 1489 576 1524 804:
606 1494 703 1524 cuius
727 1493 968 1533 disputationis

35 1546 79 1570 ψ
104 1549 142 1572 eo
160 1539 265 1580 redit,
293 1543 333 1571 ut
358 1537 405 1573 οὐ
432 1541 466 1572 ἰιι
485 1541 639 1580 neganda
663 1550 698 1572 re
717 1541 804 1572 facta
819 1540 892 1580 ipsa
911 1549 969 1580 po-

22 1583 68 1630 ),
96 1585 153 1633 μή
179 1597 314 1628 semper
336 1587 466 1619 dicatur
490 1587 556 1626 ita,
584 1591 625 1619 ut
648 1597 701 1620 res
725 1597 744 1618 a
769 1587 968 1626 cogitatione

30 1634 138 1678 fatis,
168 1638 227 1666 aut
243 1635 317 1667 eius
335 1644 437 1676 quem
454 1638 582 1676 spectat
598 1635 700 1667 oratio
717 1635 875 1676 pendeat,
896 1635 967 1665 sive

84 1682 156 1714 sive
173 1679 372 1722 cogitatione
389 1682 609 1714 assumenda:
638 1686 728 1713 recte
746 1682 849 1722 igitur
865 1682 966 1713 etiam

2 1723 4 1727 ’
46 1740 70 1757 ἰ·
94 1738 110 1761 s
131 1728 292 1769 myandis
316 1729 514 1761 adhibeatur
538 1727 604 1769 οὐ,
633 1730 760 1770 quippe
789 1738 874 1769 quae
900 1738 966 1760 non

86 1775 177 1817 facta
194 1777 274 1816 sint,
304 1786 404 1817 quam
421 1787 507 1818 quae
523 1779 618 1808 extra
636 1786 695 1808 nos
712 1780 806 1816 gesta
822 1785 965 1819 cernan-

17 1815 43 1870 [1²
67 1826 182 1856 contra
205 1821 261 1869 μή
285 1833 354 1855 rem
376 1827 531 1863 neyatam
557 1825 694 1864 coyitari
719 1824 843 1855 doceat.
873 1824 968 1855 Hanc

65 1871 160 1902 tiam
185 1880 301 1902 omnes
327 1871 474 1912 amplexi
499 1874 631 1912 praeter
648 1872 791 1910 Buttm.,
813 1872 871 1912 qui
889 1880 965 1902 cum

4 1911 68 1962 ,ζ
88 1916 110 1963 S
129 1914 196 1950 148
212 1927 287 1950 eam
302 1919 473 1960 plerisque
490 1919 525 1950 in
543 1919 694 1960 partibus
711 1921 848 1950 secutus
861 1922 962 1955 esset,

17 1967 23 2008 ’Ἰ
81 1974 164 1998 ursu
182 1965 220 1997 ad
239 1975 284 1997 or.
305 1966 341 1996 in
360 1965 440 1997 Mid.
462 1966 522 1997 XI.
544 1976 576 2007 p.
602 1962 666 1997 145
685 1969 774 1997 certe
789 1965 829 1997 de
857 1963 905 2010 μὴ
925 1962 964 1998 οὐ

25 2013 29 2017 ’
47 2012 192 2047 tentatis
209 2013 273 2044 alia
288 2012 449 2045 decrevit.
479 2013 548 2044 Nec
561 2013 750 2044 Thierschii
768 2022 965 2053 magnopere

6 2055 13 2059 ⁸
74 2063 121 2092 ..t
142 2060 247 2099 ratio,
273 2060 310 2091 in
334 2069 381 2099 gr.
403 2059 461 2092 Gr.
474 2058 503 2103 S
521 2057 599 2100 300,
622 2057 643 2091 3
666 2061 843 2101 proposita.
882 2060 967 2090 Her-

71 2106 249 2138 ·rationem
266 2107 414 2138 nondum
438 2110 541 2138 totam
559 2111 755 2148 persecutus
772 2107 965 2145 diligentis-

15 2149 178 2185 {tamen
201 2154 368 2195 explicare
393 2154 503 2195 coepit
526 2154 647 2186 Frank.
674 2155 755 2186 diss.
776 2155 817 2186 de
843 2155 961 2195 partic.

44 2203 93 2233 t·.
121 2201 144 2233 l.
175 2200 230 2233 Gr.
260 2201 276 2233 1
314 2205 349 2233 et
374 2202 426 2242 11,
468 2202 504 2232 in
542 2202 664 2242 quibus
700 2211 767 2233 non
804 2201 964 2233 adversus

38 2246 86 2282 ³12.
114 2248 209 2280 modo
231 2251 328 2280 acute
350 2249 555 2289 disputavit,
585 2249 642 2280 sed
668 2249 735 2280 iam
759 2252 837 2280 ante
864 2257 964 2289 quam

16 2292 29 2334 J
51 2307 62 2318 =·
75 2298 141 2334 ,est
156 2295 322 2336 Hartungi
347 2296 470 2327 librum
488 2297 653 2327 refutasse
671 2296 826 2336 videtur,
859 2296 917 2336 qui
935 2298 960 2327 t.

35 2337 126 2387 1902
135 2352 208 2383 sqq.
230 2343 354 2374 usitata
364 2343 499 2383 quidem
517 2343 580 2374 sibi
598 2342 719 2374 fiducia
732 2343 965 2374 Hermannum

18 2383 168 2434 [Qansm
189 2389 422 2421 Thierschium
440 2390 590 2430 laudans,
611 2400 644 2431 p.
662 2386 726 2421 105
744 2390 784 2421 ad
801 2399 874 2421 eam
889 2398 966 2421 sen-

29 2449 91 2480 „gn
115 2436 321 2476 devolvitur,
349 2446 436 2477 quae
453 2446 529 2468 cum
545 2437 798 2469 Hermanniana
813 2437 904 2468 omni
921 2446 964 2467 ex

41 2483 233 2521 convenit
257 2484 505 2516 admirabiliter.
537 2501 578 2506 —
604 2485 837 2516 Hermannum
860 2484 965 2523 igitur

40 2530 188 2562 'kium
204 2530 239 2561 in
259 2531 492 2570 negationibus
511 2532 695 2571 generatim
717 2530 964 2562 considerandis

43 2574 52 2585 ²
79 2577 141 2608 nec
157 2578 374 2617 etymologica
391 2588 508 2610 arcana
522 2587 584 2610 nec
597 2578 799 2610 Sanscritam
815 2579 965 2617 linguam

55 2628 65 2633 ’
79 2633 128 2665 s,
159 2627 194 2656 et
211 2634 287 2656 cum
303 2625 339 2656 in
356 2625 408 2656 his
424 2626 543 2665 literis,
571 2626 638 2656 nisi
655 2626 864 2666 singulorum
882 2626 963 2656 scri-

34 2686 82 2700 ι
114 2672 224 2712 copias
249 2671 428 2711 diligenter
459 2673 678 2710 exhauseris,
710 2673 796 2713 quod
822 2681 889 2704 non
912 2674 964 2703 est

31 2751 33 2760 2
47 2721 128 2749 'vom
146 2718 346 2751 Sanscritice
361 2720 636 2760 balbutientium,
656 2719 742 2751 nihil
759 2720 961 2760 proficiatur,

63 2800 66 2802 .
94 2765 135 2796 ad
159 2765 340 2806 Sophoclea
364 2767 595 2806 pertractanda
619 2767 835 2806 accingimur.
859 2783 961 2798 -—.-—

15 2849 19 2854 ,
67 2812 200 2843 *mum
218 2822 302 2844 cum
326 2815 499 2844 nomine
530 2814 686 2845 iunctum
715 2811 763 2858 μή
789 2823 873 2845 non
896 2822 963 2844 re-

28 2858 236 2904 εἰποραί,
277 2859 347 2890 sed
381 2860 493 2891 iubet
524 2862 713 2900 coyitari
744 2863 960 2900 neyatum.

35 2943 36 2946 Ἴ
73 2905 131 2945 lt.
151 2906 178 2938 Ι.
198 2915 232 2946 p.
254 2903 287 2938 8.
321 2907 391 2938 Hac
407 2907 449 2938 de
467 2917 564 2939 causa
581 2917 680 2948 saepe
697 2909 747 2947 fit,
767 2911 807 2939 ut
823 2910 963 2947 utraque

82 2951 90 2956 “
108 2953 194 2984 bene
219 2963 319 2984 suum
345 2963 486 2994 munus,
523 2958 623 2995 prout
656 2964 727 2986 rem
753 2955 960 2994 cogitaveris,

24 3031 26 3035 ,
117 2997 274 3043 —llcum
292 3000 575 3033 substantivo.
605 3000 688 3046 πρὸς
706 2999 781 3046 βίαν
797 3000 853 3034 τὸν
872 2998 965 3045 ἄνδρ’

56 3042 134 3093 Tam).
184 3044 208 3091 ὴ
236 3043 382 3080 δόλοισιν
399 3048 460 3079 Ph.
482 3044 539 3079 91.
568 3046 641 3093 ἁγὼ
660 3045 799 3081 δικαιῶν
820 3046 868 3092 μὴ
887 3045 964 3092 παρ’

178 3091 249 3126 λων
275 3090 412 3127 ἀκούειν
437 3094 496 3126 OR.
512 3091 544 3127 6.
572 3092 679 3127 τοῖσδ’
704 3089 819 3128 ἐνθάδ’
845 3091 959 3134 αὐτοῦ,

68 3158 88 3169 π·
114 3135 198 3173 ἄστυ
216 3137 380 3186 δημόταις
398 3141 452 3173 OG
470 3138 527 3173 78.
555 3138 666 3175 τᾶλλα
681 3138 791 3186 [τάμὰ
809 3141 910 3173 Dind.
932 3152 960 3173 c.

69 3196 89 3228 2·ss
107 3184 156 3231 μὴ
173 3179 200 3225 ’ξ
216 3184 331 3221 ἄλλων
349 3181 398 3245 π(
461 3184 562 3220 1266.
582 3186 657 3222 εἰπέ
675 3199 744 3232 μοι,
768 3187 816 3232 μὴ
837 3191 961 3243 μῆκος,

143 3231 237 3277 όμως
255 3231 335 3284 Q
363 3245 435 3268 κινε
482 3232 584 3279 μόνον
612 3233 654 3280 δὴ
674 3234 722 3280 μὴ
747 3228 795 3268 ’πὶ
811 3233 964 3280 κέροεσιν

92 3273 192 3322 Q.
229 3281 303 3313 Non
326 3285 436 3323 potest
462 3283 553 3313 enirn
570 3282 611 3313 ad
635 3279 745 3327 λέγων
763 3283 881 3313 referri
900 3279 960 3326 μή.

78 3330 86 3348 '³
101 3331 117 3362 ss
145 3321 220 3360 κατ’
242 3325 425 3372 ἄνθρωπον
451 3327 563 3375 φρονῇ
586 3328 667 3360 Ant.
689 3325 768 3360 761.
796 3325 902 3361 καλόν
926 3339 965 3373 γε

74 3402 79 3407 ,
122 3371 146 3419 ἣ
171 3370 198 3412 ’,Ε
223 3371 388 3419 ἀβουλίας
415 3377 530 3409 πεσεῖν
548 3376 600 3407 ΕΙ.
623 3371 692 3408 398
710 3385 788 3408 cave
806 3376 896 3407 enim
915 3374 964 3420 μὴ

26 3461 27 3465 ,
74 3425 283 3466 [inponas.
319 3423 391 3457 Hoc
413 3422 514 3464 dicit,
547 3422 724 3465 pulchrum
746 3432 829 3466 esse,
859 3423 887 3453 si
912 3423 966 3455 cui

72 3488 93 3497 ...

28 3509 30 3526 Ι
85 3513 91 3531 ⁴,
143 3518 147 3523 ·

32 3543 97 3554 „

779 143 1012 194 Μέτωπον
1038 174 1100 182 -
1129 144 1214 213 Μή

1918 146 2014 196 441

25 299 29 306 ,
74 271 77 287 ²
90 261 154 298 *καὶ
176 261 405 311 περιστροφάς
422 263 468 296 ib.
489 260 523 296 9.
552 263 685 295 Tralate
700 262 818 295 modus
830 274 841 294 .·
867 261 925 297 καὶ
940 261 972 297 τί
1009 263 1114 309 fatale
1130 265 1172 296 sit
1188 266 1226 296 ul
1242 263 1351 304 cadat,
1368 267 1453 296 certe
1467 273 1537 296 non
1550 263 1774 304 imprudentia
1787 263 1912 297 cadere.
1934 264 2026 296 Haec

25 311 61 340 Ὗ
102 307 295 357 κακότητος
319 309 401 358 ἔφυ;
431 311 483 343 El.
504 307 573 344 236
592 321 636 343 m.
654 329 696 335 —
722 310 793 343 Hoc
808 314 844 342 et
861 311 974 343 omnia
1009 312 1165 353 exempla
1190 311 1303 343 omnia
1329 308 1368 345 ού
1395 312 1567 351 subrogari
1585 313 1773 352 patiuntur,
1810 314 1943 353 praeter
1961 313 2022 344 Ph.

27 354 76 386 ¹›-r
99 359 204 391 seius
222 358 368 391 familiae
385 359 527 400 primam
547 359 583 390 in
600 358 666 390 arsi
684 358 885 399 producunt,
899 358 971 390 vel·
1008 355 1064 390 91.
1093 358 1175 391 Ant.
1195 355 1277 390 446.
1302 355 1402 399 1061,
1431 359 1555 400 quibus
1581 359 1646 390 etsi
1671 359 1790 397 regula
1816 368 1883 391 non
1907 360 2023 400 prohi-

9 398 63 445 J't
86 406 126 438 fr.
148 401 230 446 379,
257 402 289 438 9.
327 405 388 438 Ph.
411 402 498 446 1793
533 406 569 437 in
594 405 685 437 thesi
709 406 905 446 corripiunt.
929 422 970 429 -
1007 407 1083 446 bet,
1120 409 1256 448 propter
1272 406 1499 446 infinitivum,
1528 407 1787 447 imperativum,
1824 410 1859 437 et
1886 407 2024 446 partici-

697 449 748 495 (ΙΙ
764 462 798 494 p.
819 449 875 493 92,
899 449 975 497 13.)
1007 453 1103 494 pium
1120 453 1351 485 conditionalis
1369 454 1560 485 sententiae
1579 454 1668 484 vices
1693 456 1795 485 tuens
1820 454 1934 484 minus
1953 455 2024 485 usi-

958 509 973 518 ·
1008 503 1116 532 tatum
1134 501 1314 532 videbitur.
1337 517 1378 524 -
1409 499 1423 542 ΙΙ

1451 499 1537 532 Cum
1560 500 1790 532 adiectivo.
1821 497 1874 538 οἷς
1893 499 1942 545 μὴ
1963 498 2025 545 μὲ-

73 559 113 592 st·
133 559 201 592 inc,
223 555 301 592 768⁸
338 556 449 592 πῶλοι
474 555 620 602 μέτωπα
644 555 852 602 συμπαίουσι
876 554 971 603 Bap-
1005 557 1097 592 τριος
1116 545 1201 581 αἰών
1228 547 1289 579 Ph.
1314 543 1379 579 179
1398 547 1450 579 ch.
1477 549 1679 579 calamitatis
1696 547 1871 579 immodica
1887 549 1966 579 vita.
1996 546 2026 581 εἰ

1007 592 1071 640 γὰρ
1104 592 1140 627 ’ν
1165 593 1203 628 τὸ
1229 596 1371 650 πρᾶγμα
1423 593 1446 640 ὴ
1472 591 1644 640 θεήλατον
1663 595 1721 627 OR
1737 591 1818 626 255.
1849 592 1970 628 δάπτει
1986 593 2025 629 δὲ

1006 641 1064 675 καὶ
1089 652 1108 674 τ
1148 640 1196 687 μὴ
1223 639 1346 674 ’νοικον
1365 638 1433 673 63
1452 642 1503 673 ch.
1533 639 1556 674 ἃ
1574 640 1623 686 μὴ
1650 639 1801 687 ’πίκαιρα
1833 640 1917 687 ιηδὲ
1935 652 2026 686 συμ-

1007 687 1154 735 φέροντα
1170 686 1239 720 875
1258 689 1309 721 ch.
1341 685 1433 734 δόλῳ
1458 687 1511 733 τῷ
1530 688 1578 732 μὴ
1606 686 1727 734 δικαίῳ
1746 689 1802 722 OC
1823 654 1923 722 1027.
1955 687 2024 736 ὅτῳ

1005 735 1043 770 τὸ
1069 735 1118 781 μὴ
1145 733 1251 770 καλὸν
1275 733 1404 774 ξύνεστι
1428 737 1509 768 Ant.
1532 733 1600 767 370
1617 736 1668 768 ch.
1700 734 1810 781 μηδὲν
1834 736 1872 770 τὸ
1900 735 1943 778 μθ
1969 734 2023 770 δί-

1005 794 1103 817 καιον
1117 781 1196 816 728.
1218 781 1255 816 εὖ
1272 780 1410 816 κάτισθι
1425 781 1474 828 μὴ
1490 780 1641 820 πολλοὺς
1664 781 1712 816 ἔτι
1732 782 1880 830 τροχοὺς
1905 751 2027 818 ‘limos

1004 828 1112 864 τελῶν
1129 828 1230 863 1064.
1257 827 1301 875 ἢν
1319 827 1464 877 εὑρεθῇς
1481 827 1517 867 ἐς
1534 828 1636 876 τήνδε
1654 829 1703 875 μὴ
1723 828 1854 868 δίκαιος
1873 830 1939 872 ὤν,
1963 833 2017 863 Tr.

1006 875 1086 910 411.
1115 882 1189 916 πῶς
1214 876 1263 922 μὴ
1291 875 1441 918 δίκαιος;
1471 874 1551 909 412.
1580 875 1656 922 ἥτις
1681 877 1836 922 προτιμᾷ
1854 878 1902 924 μὴ
1930 877 2024 924 κακὴ

1005 922 1196 983 πεερυκὲναι
1212 922 1293 958 722.
1323 922 1358 958 ἐν
1382 926 1456 962 τοῖς
1475 924 1524 970 μὴ
1542 922 1668 962 καλοῖς
1695 922 1923 970 βουλεύμασιν
1942 923 2022 959 725.

1007 970 1053 1006 ὑπ
1080 972 1293 1017 ὀρφανιστῶν
1321 971 1369 1017 μὴ
1388 969 1498 1019 φίλων
1518 973 1572 1004 Αἰ.
1594 969 1674 1004 512.
1703 970 1859 1018 κέρδεσιν
1884 973 1957 1010 τοῖς
1976 972 2026 1019 μὴ

1004 1019 1127 1057 καλοῖς
1149 1016 1250 1052 1349.
1278 1018 1317 1053 τὸ
1335 1019 1383 1065 μὴ
1402 1016 1510 1053 καλὸν
1527 1017 1770 1053 καθοπλίσασα
1788 1020 1841 1051 ΕΙ.
1866 1018 1956 1052 1088
1969 1021 2021 1052 ch.

1006 1065 1114 1101 εἰπεῖν
1131 1065 1191 1100 καὶ
1207 1065 1247 1100 τὸ
1266 1066 1320 1146 ryg
1339 1064 1446 1100 καλόν
1465 1066 1581 1099 Oreus.
1603 1068 1644 1099 fr.
1667 1064 1747 1106 323,
1769 1063 1801 1099 3.
1832 1061 1890 1100 ἀπ’
1915 1065 2026 1114 ἔργων

1007 1114 1056 1160 μὴ
1074 1112 1192 1148 καλῶν
1210 1115 1276 1146 inc.
1324 1111 1379 1146 64.
1410 1114 1538 1146 Horum
1556 1115 1608 1145 his
1626 1114 1714 1146 haud
1732 1118 1930 1146 cunctanter
1947 1116 2028 1147 sub-

1007 1163 1103 1195 stitui
1122 1160 1161 1195 οὐ
1179 1163 1320 1194 licebat:
1350 1162 1407 1194 Tr.
1429 1158 1508 1193 722.
1540 1162 1593 1193 Ai.
1614 1158 1696 1193 512.
1719 1162 1800 1193 Ant.
1827 1159 1927 1194 1064.
1950 1163 2026 1194 Alia

1007 1208 1056 1254 μή
1084 1211 1172 1241 inter
1196 1210 1374 1241 articulum
1399 1212 1435 1240 et
1452 1218 1574 1240 nomon
1594 1209 1730 1248 habent,
1752 1209 1846 1240 velut
1864 1209 1922 1241 ΟΒ
1940 1206 2020 1241 683.

1006 1257 1061 1289 OC
1082 1254 1182 1289 1027.
1212 1257 1294 1289 Ant.
1316 1253 1396 1288 370.
1426 1256 1480 1288 Ai.
1506 1253 1606 1288 1349.
1639 1256 1690 1287 ΕΙ.
1715 1252 1816 1288 1088.
1838 1256 1956 1288 Oreus.
1979 1258 2020 1288 fr.

1006 1301 1086 1345 323,
1107 1301 1140 1335 3.
1162 1305 1228 1335 inc.
1250 1300 1330 1343 664,
1355 1304 1390 1335 in
1409 1313 1476 1344 quo
1493 1303 1628 1335 dicendi
1653 1313 1776 1343 genere
1794 1305 1908 1343 tragici
1926 1305 1966 1335 ab
1985 1301 2025 1337 οὐ

1006 1352 1262 1389 abstinuerunt,
1290 1351 1377 1391 quod
1394 1360 1455 1391 per
1471 1351 1697 1382 conditionem
1716 1351 1956 1392 quodammodo
1975 1361 2027 1383 res

1006 1400 1204 1431 enuntiatur
1222 1399 1415 1439 pendetque
1432 1398 1589 1438 aliunde,
1620 1402 1658 1430 ut
1685 1396 1736 1431 τὰ
1761 1395 1866 1444 ἔργα
1891 1395 1941 1431 τὰ
1966 1397 2022 1444 μὴ

1004 1443 1117 1479 καλά
1141 1456 1190 1477 res
1217 1449 1315 1486 sunt,
1345 1455 1424 1486 quas
1449 1447 1478 1476 si
1494 1455 1553 1476 suo
1570 1447 1702 1477 nornine
1719 1445 1859 1485 dixeris,
1887 1447 2026 1478 minime

1005 1494 1153 1524 honestas
1178 1492 1309 1524 dixeris.
1348 1492 1479 1524 Clarius
1506 1493 1740 1524 conditionalis
1766 1494 1850 1525 ratio
1876 1496 1970 1534 patet
1987 1494 2023 1524 in

1005 1541 1060 1572 Tr.
1078 1537 1158 1573 725.
1187 1540 1244 1571 OR
1260 1537 1342 1579 255,
1364 1549 1450 1580 quae
1467 1540 1623 1581 exempla
1641 1541 1703 1571 etsi
1724 1538 1773 1585 μή
1794 1541 1933 1580 nomini,
1957 1550 2024 1572 non

1007 1589 1105 1619 verbo
1122 1588 1274 1619 additum
1289 1590 1486 1625 monstrant,
1504 1591 1608 1618 totam
1627 1588 1833 1619 sententiam
1848 1597 1886 1619 eo
1900 1597 2025 1628 genere

1005 1636 1127 1667 dictam
1146 1636 1332 1666 continent.
1362 1635 1401 1665 In
1422 1635 1476 1666 Tr.
1498 1631 1568 1666 412
1593 1635 1738 1673 intelligi
1757 1635 1856 1666 debet
1873 1631 2018 1680 εὑρεθῶ.

1007 1701 1110 1715 -.—
1129 1682 1144 1724 ΙΙ
1162 1682 1245 1714 Cum
1260 1683 1526 1722 pronomine.
1550 1681 1818 1713 Usitatissimum
1835 1686 1887 1714 est
1905 1681 1954 1728 μή
1972 1693 2024 1720 τις

1004 1730 1092 1771 quod
1110 1730 1144 1760 in
1163 1740 1194 1761 v.
1214 1727 1264 1766 τίς
1282 1730 1551 1769 pertractabitur.
1581 1728 1629 1766 ὡς
1655 1725 1695 1762 ἂν
1722 1727 1811 1762 εἴπω
1838 1728 1886 1774 μὴ
1911 1727 1954 1762 τὰ
1980 1727 2024 1763 σά

1004 1778 1062 1809 OR
1079 1773 1159 1809 329.
1196 1775 1245 1821 μὴ
1272 1773 1404 1820 ’μαυτῷ
1426 1775 1481 1808 OC
1504 1772 1604 1808 1365.
1644 1774 1707 1821 ὅρα
1732 1775 1781 1821 μὴ
1807 1773 1936 1821 τούμόν
1965 1777 2020 1810 Αἱ.

1010 1821 1107 1855 1313.
1137 1821 1232 1869 φιλεῖ
1257 1821 1322 1868 γὰρ
1347 1824 1448 1856 τοῦτο
1476 1822 1524 1868 μὴ
1551 1820 1659 1868 ταύτῃ
1687 1821 1800 1869 ῥέπειν
1832 1824 1914 1855 Ant.
1936 1821 2016 1856 722.

1006 1870 1053 1917 μὴ
1080 1873 1242 1904 τοσοῦτον
1270 1869 1317 1907 ὡς
1335 1867 1453 1903 δάκνει
1472 1867 1748 1916 θυμῷδύσοργος
1767 1871 1823 1902 Tr.
1841 1867 1941 1902 1117.
1973 1870 2022 1917 μὴ

1001 1919 1162 1951 τοσοῦτον
1181 1915 1345 1962 δύσοργος
1364 1918 1611 1956 coniungenda.
1633 1918 1705 1949 Non
1725 1919 1838 1949 minus
1856 1918 2021 1950 Graecum

1004 1964 1043 1999 οὐ
1070 1966 1130 1997 hoc
1155 1970 1246 1997 esset
1263 1965 1436 2005 exemplo,
1465 1966 1551 1996 sicut
1568 1965 1624 1997 OC
1646 1962 1746 1997 1365.
1775 1966 1816 1996 In
1833 1966 1915 1997 Ant.
1937 1962 2018 1997 722.

1003 2014 1059 2044 Αἱ.
1083 2009 1185 2044 1313.
1215 2010 1264 2057 μή
1292 2021 1367 2043 sese
1390 2012 1488 2043 facile
1507 2015 1643 2051 tuetur,
1671 2013 1760 2053 quod
1778 2022 1843 2044 non
1861 2013 1944 2044 satis
1962 2013 2022 2044 de-

1003 2060 1093 2091 flniri
1112 2063 1240 2101 potest,
1271 2069 1358 2091 anne
1377 2068 1453 2090 cum
1477 2059 1649 2091 infinitivo
1667 2061 1720 2090 vel
1745 2060 1943 2101 imperativo
1968 2070 2022 2092 co-

1003 2108 1140 2148 puletur
1164 2108 1319 2146 negativa
1343 2106 1518 2147 particula.
1543 2123 1645 2137 -.—
1665 2107 1708 2138 ΙΙ.
1746 2106 1842 2138 Cum
1866 2106 2022 2138 adver-

1003 2155 1084 2186 biis
1108 2157 1146 2185 et
1173 2154 1496 2186 adverbialiter
1528 2153 1674 2186 dicti&
1703 2153 1826 2185 Frank.
1848 2164 1882 2195 p.
1904 2150 1937 2185 9.
1968 2152 2022 2187 δεῖ

1003 2212 1039 2234 σε
1055 2203 1210 2247 γενναῖον
1229 2198 1328 2240 εἶναι,
1359 2198 1408 2244 μὴ
1439 2198 1544 2243 μόνον
1561 2199 1610 2246 τῷ
1629 2200 1762 2244 σώματι
1791 2201 1852 2232 Ph.
1874 2197 1931 2233 51.
1959 2202 2023 2234 τοῦ

1003 2247 1051 2294 μὴ
1070 2246 1232 2294 πρότερον
1248 2241 1337 2281 τόνδ’
1354 2246 1410 2281 ἐπὶ
1428 2245 1537 2293 Τροίᾳ
1551 2250 1662 2281 τεῖναι
1678 2245 1721 2280 τὰ
1737 2245 1829 2282 θεῶν
1847 2245 1934 2293 βέλη
1955 2245 2022 2280 197

1002 2305 1056 2328 an.
1085 2293 1192 2329 πλοῦν
1219 2293 1268 2340 μὴ
1295 2288 1322 2333 ’ξ
1346 2292 1502 2328 ἀπόπτου
1520 2292 1653 2339 μᾶλλον
1676 2291 1700 2339 ἢ
1726 2292 1860 2341 ’γγύθεν
1878 2297 2020 2329 σκοπεῖν

1002 2339 1082 2374 467.
1103 2341 1194 2389 ἀμφὶ
1208 2344 1282 2380 τοῖς
1302 2339 1460 2388 σφαλεῖσι
1479 2340 1527 2387 μὴ
1546 2335 1573 2381 ’ξ
1591 2339 1751 2379 ἑκουσίας
1770 2340 1855 2388 ὀργὴ
1875 2340 2020 2388 πέπειρα

1004 2390 1059 2421 Tr.
1082 2387 1162 2421 727.
1184 2387 1301 2426 καλῶς
1326 2387 1368 2422 τὰ
1393 2387 1515 2422 κείνων
1534 2387 1662 2428 πάντα,
1691 2388 1809 2423 καὶτὰ
1835 2388 1884 2434 μὴ
1901 2387 2020 2427 καλῶς

1002 2437 1057 2469 ΕΙ.
1081 2434 1182 2469 1345.
1214 2435 1231 2469 ἔ
1257 2447 1289 2470 οι
1319 2429 1327 2443 '
1357 2433 1396 2469 ἂν
1420 2434 1501 2470 αὐτὸ
1528 2435 1576 2481 μὴ
1595 2439 1713 2473 κακῶς
1731 2434 1915 2469 ἀπεικάσαι
1932 2437 2015 2468 ΑοΙι.

1003 2484 1078 2516 Αιιι.
1108 2485 1148 2515 fr.
1181 2447 1257 2523 163,
1287 2448 1321 2515 ἕ.
1357 2484 1483 2515 Horum
1508 2484 1686 2524 patiuntur
1709 2481 1748 2516 οὐ
1774 2484 1834 2516 Ph.
1857 2480 1913 2515 51.
1938 2480 2015 2516 197.

1004 2527 1084 2563 467.
1114 2531 1168 2562 ΕΙ.
1201 2528 1302 2562 1345.
1332 2531 1417 2562 Ach.
1444 2531 1521 2562 Am.
1549 2531 1590 2561 fr.
1615 2527 1692 2570 162,
1713 2528 1746 2562 2.
1786 2531 1852 2563 Sed
1873 2531 1928 2562 Tr.
1950 2527 2020 2562 727

1001 2579 1103 2610 etiam
1120 2578 1181 2609 Ph.
1202 2575 1271 2610 467
1288 2582 1378 2609 recte
1396 2579 1444 2610 sic
1460 2578 1610 2619 explices
1628 2574 1660 2610 εἴ
1676 2588 1725 2614 τις
1744 2577 1793 2623 μὴ
1813 2574 1966 2622 ἐσφάλη,
1988 2576 2018 2611 εἰ

1005 2623 1053 2670 μὴ
1072 2622 1129 2670 εἴη
1156 2622 1191 2663 ἐξ
1215 2623 1382 2658 ἀπόπτου.
1739 2623 1790 2668 (ΙΙ
1807 2634 1841 2665 p.
1863 2621 1920 2663 94,
1941 2621 2019 2667 20.)

1071 2673 1131 2703 III.
1162 2672 1308 2715 Maxime
1333 2672 1484 2703 omnium
1509 2681 1585 2702 cum
1608 2672 1703 2703 verbo
1729 2672 1854 2703 dicitur
1880 2669 1942 2715 μή.
1972 2672 2019 2703 Et

1001 2720 1181 2759 dupliciter
1197 2719 1333 2760 quidem
1350 2719 1489 2758 dicitur,
1521 2719 1690 2750 sententia
1707 2728 1784 2750 cum
1800 2720 1941 2758 simplici
1964 2719 2019 2750 vel

996 2767 1186 2806 principali,
1205 2770 1278 2798 tum
1296 2775 1462 2806 suspensa.
1479 2783 1582 2797 -.—
1610 2766 1651 2796 A.
1671 2766 1711 2796 In
1729 2766 1921 2805 simplici
1939 2775 2018 2797 sen-

1001 2814 1108 2844 tentia
1132 2814 1205 2852 vel,
1234 2822 1319 2854 quae
1343 2813 1460 2844 eadem
1493 2814 1593 2851 ratio,
1626 2813 1884 2852 principali.
1907 2830 2013 2843 —-.—

1000 2859 1010 2902 il
1029 2859 1113 2892 Cum
1139 2860 1318 2891 indicativo
1343 2861 1484 2899 cogitata
1511 2860 1651 2891 alterius
1677 2859 1904 2899 significantia
1929 2857 2018 2903 μήτε

1002 2907 1161 2939 videntur
1177 2911 1211 2938 et
1229 2905 1336 2951 μηδὲ,
1367 2916 1432 2938 non
1460 2904 1508 2951 μή
1534 2908 1646 2947 ipsum
1664 2907 1729 2938 dici
1754 2906 1918 2947 Sophocli.
1948 2907 2017 2937 Nec

1001 2955 1236 2995 imperativum
1260 2955 1387 2995 primae
1412 2963 1572 2994 personae
1597 2954 1752 2993 cogitari,
1782 2953 1907 2984 nedum
1925 2953 2016 2984 indi-

1001 3002 1108 3032 cativo
1125 3001 1313 3041 praesentis
1331 3001 1502 3031 enuntiari
1520 3010 1628 3040 posse,
1657 3001 1822 3040 putarim,
1844 3000 1938 3031 velut
1965 2998 2014 3045 μὴ

1002 3045 1197 3092 θυμοῦμαι,
1226 3057 1419 3088 quanquam
1445 3047 1560 3078 Herm.
1582 3047 1813 3088 pronuntiavit
1830 3056 1922 3078 cens.
1943 3047 2016 3078 Me-

1001 3095 1082 3126 deae
1101 3095 1221 3126 Elmsl.
1243 3104 1276 3134 p.
1297 3091 1377 3126 222.
1400 3094 1522 3134 Opusc.
1544 3097 1570 3126 t.
1591 3091 1625 3125 2.
1656 3094 1723 3125 Nec
1739 3095 1775 3125 in
1793 3094 2015 3125 iurisiurandi

1003 3142 1155 3172 formulis
1174 3146 1283 3173 rectae
1301 3141 1459 3172 orationis
1475 3139 1628 3182 Sophocli
1645 3141 1778 3179 dicitur,
1796 3141 1894 3181 quale
1907 3150 2016 3180 genus

1001 3188 1220 3228 Aristophani
1237 3191 1271 3219 et
1287 3188 1445 3228 prosariis
1463 3189 1634 3228 frequens.
1664 3189 1706 3219 V.
1725 3188 1850 3227 Reisig.
1871 3189 2012 3220 coniect.

1001 3245 1035 3275 p.
1061 3232 1136 3267 107.
1160 3233 1289 3266 Schaef.
1312 3244 1388 3275 app.
1405 3235 1446 3266 ad
1464 3235 1561 3266 Dem.
1582 3238 1607 3267 t.
1631 3231 1662 3265 1.
1682 3244 1717 3275 p.
1737 3231 1818 3266 871.
1848 3234 1914 3266 Sed
1931 3235 2014 3266 duo-

1002 3283 1064 3313 bus
1090 3282 1196 3313 modis
1212 3282 1335 3313 dicitur
1361 3279 1409 3325 μή
1436 3291 1511 3313 cum
1529 3281 1665 3320 futuro:
1691 3282 1840 3321 primum
1856 3282 1892 3312 in
1911 3282 2016 3312 inter-

1001 3329 1170 3368 royatione
1187 3328 1362 3368 eiusmodi,
1392 3327 1436 3360 ad
1454 3338 1549 3368 quam
1565 3338 1689 3368 neyans
1713 3337 1904 3367 responsum
1922 3329 2016 3368 cupi-

1001 3384 1075 3406 mus
1092 3374 1206 3407 audire
1221 3385 1280 3407 nec
1298 3379 1407 3407 lamen
1424 3376 1502 3407 satis
1520 3375 1714 3417 confidimus
1726 3386 1736 3404 :
1763 3378 1915 3406 nostrum
1933 3374 2015 3406 doch

1001 3421 1101 3455 nicht.
1130 3422 1226 3462 Quod
1242 3426 1351 3455 totum
1367 3422 1493 3463 pendet
1510 3433 1529 3454 a
1546 3432 1635 3455 more
1655 3420 1703 3467 μή
1722 3433 1740 3455 a
1758 3422 1868 3454 verbis
1885 3425 2015 3454 metum
