2288 3600
216 140 316 189 250
991 127 1175 190 Ἔξεστι
1203 165 1263 172 -
1286 129 1486 189 Ἐξισόω
1972 142 2057 190 [rp.
2077 102 2288 190 θοι-,62η

209 254 468 302 οὖξεληλυθώς,
490 256 549 288 OR
565 252 646 287 735.
674 252 790 288 τοῖσδε
808 257 860 286 est
877 252 917 287 ἐκ
933 251 1070 293 τούτου,
1094 265 1124 285 v.
1147 254 1220 285 Erf.

209 302 256 338 πά
287 302 424 349 πληκτα
449 300 637 349 παγκόνιτά
660 296 688 334 τ’
714 299 860 346 ἐξῆλθον
885 295 981 335 ἄεθλ’
1003 298 1146 347 ἀγώνων
1165 301 1221 332 Tr.

209 348 255 384 50
300 351 353 383 ch.
407 351 514 384 Schol.
544 348 725 395 διήνυσαν,
757 345 966 393 ἐπεξῆλθον,
995 345 1220 393 ἠγωνίσαντο.

208 399 353 432 Inutiles
372 399 497 439 Musgr.
518 401 671 440 prostant
689 397 911 436 coniecturae,
933 393 1099 439 ἐξήθλεον
1118 400 1153 427 et
1172 392 1226 433 ἐξ-

208 449 311 491 ῆνον;
348 456 449 488 quam
474 456 550 477 cum
579 446 640 476 hac
664 445 769 476 altera
795 453 979 483 congruere
1007 447 1105 484 putat
1129 443 1225 474 scho-

208 495 326 526 liastae
344 494 616 535 explicationem,
638 501 676 524 ea
690 501 755 523 non
770 492 884 522 minus
896 492 984 522 bene
1001 491 1037 522 in
1056 488 1073 522 ὃ
1085 487 1227 528 ιεξελ-

209 538 308 575 θεῖν
333 541 509 580 convenit,
539 549 598 581 pro
623 549 689 580 quo
716 535 862 583 ἐξῆλθον
880 542 978 578 poeta
994 539 1119 578 posuit.
1165 537 1227 569 Vel

208 589 270 620 hoc
288 598 403 619 verum
429 591 499 627 est,
530 588 582 618 vel
600 587 670 618 Erf.
702 586 872 617 sententia
895 586 985 626 finiri
1011 585 1225 625 explicantis.

210 636 363 668 Conferri
381 639 494 676 potest
509 635 632 666 Iacobs.
655 634 695 665 ad
712 633 818 665 Anth.
841 633 910 663 Pal.
932 629 964 663 3.
987 642 1019 673 p.
1042 629 1122 664 545.

1263 255 1357 294 licat,
1386 254 1485 294 paulo
1511 254 1631 285 fortius
1657 256 1788 293 tamen,
1828 261 1929 294 quam
1953 248 2104 297 ἐφίεμαι.
2151 249 2288 285 ἐκεῖνον

1262 298 1387 345 εἵργειν
1406 297 1558 346 Τεῦκρος
1577 297 1745 346 ἐξεφίεται
1762 301 1893 345 σκηνῆς
1912 296 2066 333 ὕπαυλον
2083 299 2139 331 Ai.
2160 294 2242 331 795.

1333 367 1340 380 ’
1351 366 1379 403 E
1389 367 1435 414 ξη
1446 382 1464 416 γ
1475 368 1491 402 έ
1501 381 1518 403 ο
1529 381 1555 414 μ
1565 382 1586 403 α
1595 380 1616 403 ι.
1670 371 1809 412 Proprie
1836 369 2028 410 praeeundo
2053 372 2284 403 common-stro.

1263 422 1380 479 χῶρον
1399 411 1507 451 αὐτίκ’
1525 415 1739 463 ἐξηγήσομαι
1756 418 1812 450 OG
1828 413 1930 450 1520.
1961 414 2062 454 αὐτὸς
2079 414 2165 461 ἡμῖν
2183 417 2288 450 πᾶσιν

1265 462 1494 510 ἐξηγούμενος
1513 462 1614 498 1589.
1639 483 1679 488 -
1700 466 1833 497 Tralate
1848 465 2023 505 praecepto
2039 465 2129 495 viam
2142 465 2285 504 praetre.

1264 510 1381 549 καλῶς
1398 510 1462 558 γὰρ
1480 509 1596 558 ἐξηγεῖ
1614 510 1654 545 σύ
1672 523 1731 557 μοι
1747 512 1804 544 OC
1826 508 1927 543 1284.
1979 511 2063 543 Inde
2079 519 2237 551 exponere
2253 513 2288 543 et

1266 560 1391 592 docere.
1427 558 1570 593 τοιαῦτά
1586 571 1646 593 του
1665 558 1832 604 παρόντος
1850 556 1974 592 ἔκλυον
1986 555 2219 603 ἐξηγουμένου
2234 558 2288 590 El.

1265 604 1333 639 425
1353 607 1394 638 de
1421 608 1628 639 somniorum
1655 608 1852 639 coniectore.
1882 606 1970 637 Flor.
1990 602 2015 640 Γ
2041 603 2288 651 ἐξηγουμένης,

1265 655 1362 696 quasi
1386 655 1426 685 ad
1445 654 1729 693 Clytaemnestrae
1760 654 1843 685 illud
1878 663 2055 694 personam
2078 654 2288 686 conveniret.

275 698 456 743 ”Εξεστι
481 706 553 737 licet
565 731 572 745 ,
601 714 661 746 per
693 714 745 735 res
775 703 912 745 quidem
937 704 1150 734 extrinsecus
1176 712 1230 733 ac·
1267 704 1344 733 Iure
1362 702 1397 733 in
1416 702 1502 740 Aug.
1520 703 1540 733 b
1558 702 1764 742 adscriptum
1783 699 1815 734 οἱ
1833 698 2021 746 γράφοντες
2038 699 2076 734 τὸ
2093 696 2169 745 ἐξη
2183 710 2288 746 γου-

209 754 361 785 cidentes
379 753 433 784 vel
450 753 659 792 ingruentes.
702 751 817 783 Solum
830 760 985 790 praesens
1003 754 1037 781 et
1053 749 1229 781 indicativi
1266 747 1315 794 μέ
1326 759 1343 781 ν
1354 760 1377 793 η
1388 760 1404 785 ς
1429 747 1583 793 ληροῦσι.
1604 767 1645 772 -
1663 749 1766 780 Paulo
1781 749 1878 779 aliter
1892 748 2022 779 dictum
2039 745 2123 793 πρὸς
2140 745 2206 792 γὰρ
2221 758 2288 780 κα-

211 802 356 832 maxime
374 811 392 831 a
409 800 571 840 Sophocle
594 800 741 840 positum
759 801 822 829 est.
869 797 1114 829 Ooniunctivus
1137 797 1229 827 enim
1265 797 1329 829 κοῦ
1345 807 1382 828 τε
1399 795 1456 828 καὶ
1475 794 1678 842 βαρυψύχου
1702 794 1803 842 γόους
1828 792 1976 828 τοιούσδ’
2001 792 2055 828 ἀεί
2072 791 2146 828 ποτ’
2163 792 2287 839 ἀνδρὸς

211 852 245 879 et
270 848 486 889 participium
512 848 645 886 singula
669 846 824 886 exempla
848 846 984 876 habent.
1031 841 1096 880 ἕως
1116 840 1155 877 ἂν
1175 840 1234 900 ἐξῇ
1266 841 1410 889 ἐξηγεῖτ’
1429 841 1519 889 ἔχειν
1540 844 1592 875 Ai.
1614 835 1683 876 3'20
1700 842 1870 883 narrabat,
1891 843 1914 873 i.
1936 852 1967 874 c.
1988 843 2222 884 profitebatur.

212 893 397 940 μανθάνειν
421 892 579 951 βελτίονα
604 894 643 925 fr.
666 894 732 924 inc.
754 889 841 933 779,
870 890 902 924 5.
935 910 976 916 -
1005 888 1078 929 ἐξὸν
1103 897 1230 944 πατρός
1336 909 1409 954 «ΓΕ
1426 912 1433 924 ,
1452 924 1584 946 κοντα
1608 922 1684 945 κω
1708 915 1780 944 ima
1845 910 1943 946 ἐκπώ
1973 910 2022 945 ατ,
2055 911 2085 946 εἰ
2136 910 2158 944 ἀ
2195 910 2218 946 θ
2284 889 2288 895 ‘

212 939 512 999 “9²⁹w'tfif'fflf00
539 940 650 999 Ξῖαῖέα
672 938 942 998 ἓεκλῆΐθὲἲΕῙ·
964 935 1045 996 35³5
1069 956 1109 961 ““
1132 949 1160 982 Ψ
1179 938 1228 983 μὴ
1267 926 1501 1001 ἑεκοᾷτέὃῑς
1518 962 1624 993 Acris.
1647 923 1705 991 frs⁹
1710 957 1756 992 68
1785 937 1822 992 ’4.
1946 923 1972 956 μ
1996 957 2027 1003 (1
2073 912 2284 993 femini?

211 988 315 1028 ξενων
349 987 456 1028 εξεστι
489 994 560 1034 μηο
601 999 714 1021 αστων
739 998 814 1020 τινα
838 997 957 1031 οομοις
984 983 1147 1033 οεχεσθαι
1172 985 1231 1017 OR
1304 973 1326 1006 η
1760 986 1766 1000 ’
2046 969 2068 1001 Ρ
2272 958 2288 1005 J

210 1035 292 1069 817.
339 1030 367 1082 ᾧ
384 1047 460 1069 cum
485 1037 649 1068 sermonis
673 1036 746 1074 lege
773 1038 923 1066 constare
949 1043 1015 1065 non
1043 1034 1225 1073 videretur,
1336 1029 1509 1077 Ἐξήκω
1532 1030 1683 1071 procede,
1698 1032 1851 1070 pervenio
1866 1031 1988 1072 aliquo,
2005 1031 2205 1071 plerumque
2220 1039 2288 1066 non

210 1085 408 1126 hypallagen
419 1083 904 1121 Brunck.comminis‹x=batur‚
927 1079 971 1114 ὅν
990 1082 1075 1113 coni.
1095 1081 1225 1113 Schaet'.
1266 1081 1307 1111 de
1331 1083 1423 1111 motu
1448 1080 1507 1110 sed
1531 1079 1572 1110 de
1591 1078 1656 1119 fine
1681 1081 1711 1109 et
1736 1081 1856 1110 eventu
1879 1077 1973 1117 facti.
2020 1075 2155 1130 ἐξήκεις
2180 1074 2208 1109 δ’
2231 1071 2288 1113 ἵνά

211 1133 288 1165 mel.
309 1142 354 1163 cr.
376 1142 409 1172 p.
430 1128 494 1171 893
532 1131 653 1162 Elmsl.
675 1127 715 1163 οὔ
734 1133 869 1171 propter
886 1138 1119 1170 praegressum
1137 1123 1229 1161 τοῦδ’
1247 1117 1250 1147 ¹
1267 1128 1397 1173 φανεῖς,
1420 1125 1541 1163 ὁποῖος
1560 1124 1607 1158 ὢν
1625 1123 1712 1170 ἀνὴρ
1730 1123 1812 1170 ἐμὸς
1828 1122 1931 1158 καλεῖ
1948 1126 2003 1156 Tr.
2029 1122 2127 1156 1107.
2167 1120 2288 1166 Inepta

211 1177 346 1225 ἀνδρός,
367 1180 565 1211 attractione
585 1188 650 1210 non
665 1178 820 1209 ferenda:
844 1188 874 1207 v.
900 1177 1011 1207 Herm.
1033 1176 1074 1207 ad
1092 1186 1123 1206 v.
1144 1172 1226 1206 835.
1268 1175 1371 1206 schol.
1394 1184 1484 1205 unus
1496 1172 1543 1210 εἰς
1561 1170 1701 1217 ἡλικίαν
1718 1170 1829 1217 ἥκεις.
1858 1172 1981 1204 Melius
2000 1173 2084 1203 alter
2100 1169 2158 1205 ἶνα
2175 1162 2288 1220 φανῇςΙ

212 1227 276 1258 Hic
301 1230 391 1258 recte
417 1227 566 1267 explicat
591 1218 619 1270 ᾧ
643 1223 692 1270 μὴ
720 1221 827 1263 ἔξεστι
852 1221 956 1262 ξένων
974 1221 1049 1256 τινὰ
1067 1220 1230 1268 δέχεσθαι
1267 1219 1344 1260 α”ξια
1361 1219 1519 1267 πράττων
1538 1222 1620 1257 παῖς
1639 1218 1723 1265 ἐμὸς
1740 1218 1838 1252 εἶναι.
1885 1220 2012 1251 Tamen
2029 1220 2059 1250 is
2075 1216 2134 1252 ἵνα
2151 1223 2288 1264 οοιιιιιιιιξ

212 1272 331 1314 αὐτόν,
362 1276 414 1306 cui
431 1283 619 1305 concessum
642 1282 712 1304 non
728 1275 784 1312 est,
806 1274 844 1302 ut
861 1272 1034 1312 quisquam
1054 1280 1128 1301 eum
1144 1272 1231 1301 reci-

211 1323 283 1362 piat
309 1319 474 1366 [praestat
498 1321 651 1352 Dindorfl
677 1320 762 1351 coni.
795 1316 831 1351 ὃν
859 1329 946 1361 μ....
962 1316 1054 1362 τινι].
1100 1319 1167 1350 πᾶν
1194 1315 1229 1350 ἐν

211 1366 337 1416 ἡσύχῳ
356 1366 463 1407 ἔξεστι
487 1369 616 1413 φωνεῖν
633 1366 689 1399 OG
706 1364 762 1398 83.
809 1363 898 1411 αὐδῇ
920 1359 948 1397 δ’
972 1363 1081 1398 αὐτίκ’
1105 1361 1230 1403 ἔξεστιν

212 1410 337 1461 μαθεῖν
355 1413 434 1448 323.
480 1413 554 1448 οἷον
580 1412 660 1448 οὐδὲ
685 1410 844 1460 φωνῆσαί
865 1424 930 1446 τινι
954 1410 1061 1451 ἔξεσθ’
1086 1410 1230 1458 ἑταίρων

211 1462 311 1507 (ὁδοῦ
329 1461 427 1500 τέλος
446 1459 618 1506 sc.)1403.
663 1458 846 1500 *κᾶξεστιν
866 1458 955 1506 αὐτῇ
972 1458 1054 1505 δρᾶν
1071 1458 1181 1505 λέγειν
1199 1453 1231 1492 θ’

211 1508 234 1543 ἃ
260 1508 420 1556 βούλεται
443 1511 524 1542 Ant.
554 1507 622 1541 507
648 1505 743 1552 [secl.
764 1505 904 1551 Iacob.].
950 1505 1178 1552 προσβλέπειν
1204 1500 1231 1539 δ’

211 1556 319 1598 ἔξεστί
336 1568 389 1591 σοι
404 1555 448 1591 τὰ
470 1555 570 1591 τοῦδε
589 1555 704 1602 πράγη
722 1556 778 1588 Ai.
799 1552 878 1587 346.
923 1557 989 1588 ποῦ
1015 1553 1053 1587 δὲ
1072 1553 1124 1587 σοὶ
1141 1551 1230 1586 λεῶν

212 1599 316 1644 ἔξεστ’
333 1603 490 1638 ἀνάσσειν
512 1601 613 1636 1101.
658 1602 713 1642 ξὺν
731 1602 781 1649 τῷ
798 1599 920 1648 δικαίῳ
937 1601 996 1636 καὶ
1015 1595 1088 1647 μέγ’
1107 1598 1231 1640 ἔξεστιν

259 1654 348 1687 ονεῖν
375 1649 476 1684 1125.
529 1648 653 1690 ἔξεστιν
684 1648 743 1684 οὖν
780 1647 871 1696 φίλῳ
905 1660 957 1683 σοι
988 1646 1225 1695 ξυνηρετμεῖν;

212 1663 315 1733 10328.
335 1728 339 1733 ,
361 1698 415 1733 σοὶ
439 1697 478 1732 δὲ
502 1697 584 1745 δρᾶν
611 1695 718 1737 ἔξεσθ’
743 1695 765 1730 ἃ
787 1697 877 1743 χρῇς
900 1694 1001 1729 1373.
1051 1698 1110 1729 νῦν
1128 1693 1231 1729 ἐκεῖν’

212 1745 317 1788 ἔξεστί
342 1757 394 1780 σοι
420 1744 561 1792 παρόντι
585 1743 736 1779 λεύσσειν
755 1746 808 1777 El.
830 1742 871 1784 2,
908 1754 1008 1785 quam
1026 1744 1231 1776 sententiam

211 1797 271 1837 qui
288 1795 378 1827 varie
395 1794 599 1826 deflexerint
615 1793 827 1833 dixerimve,
853 1792 967 1824 videas
986 1802 1039 1832 ap.
1061 1793 1176 1832 Intpp.
1198 1796 1232 1821 et

212 1843 333 1875 Blomf.
359 1843 395 1873 in
419 1841 507 1873 Mus.
530 1840 584 1873 Cr.
607 1840 762 1873 Cantabr.
788 1836 818 1871 1.
852 1850 885 1880 p.
910 1837 926 1870 1
947 1842 981 1870 et
998 1836 1054 1870 62.
1099 1835 1175 1871 ἀλλ’
1192 1835 1231 1871 οὐ

212 1887 277 1936 γὰρ
304 1886 385 1922 οὐδὲ
409 1885 586 1922 νουθετεῖν
613 1885 722 1927 ἔξεστί
749 1897 785 1919 σε
803 1887 856 1918 ΕΙ.
879 1883 959 1918 595.
990 1887 1046 1918 LB
1064 1887 1124 1917 LA
1141 1896 1160 1917 a
1177 1895 1227 1926 pr.

213 1948 257 1969 m.
287 1946 339 1970 σοι
363 1936 498 1978 inepte3
536 1935 708 1967 sententia
730 1938 782 1966 est
815 1934 907 1966 enim
938 1943 979 1965 ne
1003 1932 1232 1974 reprehendere

213 1984 346 2027 quidem
362 1987 391 2015 te
409 1985 494 2015 licet.
541 1976 562 2029 ᾗ
584 1994 622 2029 γε
649 1994 675 2027 μ
702 1980 739 2015 δὲ
756 1992 780 2014 π
804 1980 840 2019 ὸς
859 1978 960 2018 θεοὺς
978 1977 1081 2019 ἔξεστ’
1099 1977 1233 2013 ἀκλαύ-

213 2042 282 2077 στῳ
306 2024 404 2078 τῆσδ’
429 2028 622 2076 ἀποστῆναι
639 2040 678 2062 στ
697 2040 761 2075 γης
806 2026 860 2060 12.
904 2025 1023 2062 θανεῖν
1042 2024 1108 2061 οὐκ
1126 2024 1233 2066 ἔξεστι

211 2081 286 2116 τοῖς
303 2077 436 2112 αὐτοῖσι
454 2075 505 2114 δίς
523 2079 563 2110 fr.
586 2078 692 2110 Acris.
716 2073 774 2114 65,
794 2073 828 2108 2.
874 2073 961 2109 ὅπου
981 2073 1018 2107 δὲ
1037 2074 1086 2120 μὴ
1104 2071 1233 2119 τᾶριστ’

213 2123 406 2171 ἐλευθέρως
421 2123 532 2170 λέγειν
551 2122 658 2164 ἔξεστι
675 2124 792 2164 Eriph.
809 2120 891 2164 204,
908 2119 931 2154 2
944 2120 1000 2166 [de
1017 2123 1103 2154 coni.
1125 2122 1230 2154 Piers.

215 2174 316 2206 veris.
344 2183 378 2215 p.
409 2169 475 2205 163
501 2176 575 2209 πῶς
604 2169 699 2209 θεοῖς
733 2168 835 2210 ἔξεστ’
859 2163 1005 2214 (εύξεσθ’
1029 2168 1124 2214 libri)
1149 2167 1233 2214 ἐμοῦ

216 2219 426 2257 πλεύσαντος
451 2217 562 2254 αἴθειν
589 2217 663 2264 ἱερά
687 2219 748 2251 Ph.
772 2215 862 2255 1032
885 2229 918 2249 v.
947 2217 1050 2249 Dind.
1079 2216 1160 2249 PSG
1178 2216 1230 2248 ed.

218 2266 251 2301 5.
271 2269 293 2300 l.
315 2265 376 2312 c.].
921 2262 953 2308 (Ι
971 2274 1005 2306 p.
1027 2260 1136 2296 6221.
1160 2261 1235 2306 13.)

286 2323 508 2365 Ἐξετάζω
533 2322 610 2369 (aa)
630 2327 771 2366 inquiro
818 2323 867 2370 μὴ
894 2325 1009 2368 κρῖνε,
1041 2322 1090 2368 μὴ
1110 2319 1235 2361 ’ξέταζε

217 2375 272 2407 Ai.
294 2370 375 2406 586.
412 2371 492 2419 μηδ’
510 2370 670 2419 ἐξετάσῃς
687 2384 730 2417 με
748 2371 835 2418 πέρα
853 2368 1010 2416 ματεύων
1027 2370 1083 2403 OC
1100 2367 1167 2402 211
1188 2380 1232 2401 m.

220 2433 262 2467 με
279 2423 320 2454 ab
337 2421 453 2453 Herm.
476 2421 627 2453 additum
645 2420 760 2466 [reiec.
781 2416 917 2463 Dind.].

288 2489 332 2526 'E
342 2489 382 2530 ξε
391 2490 409 2525 ύ
421 2502 438 2536 ρ
447 2503 471 2537 η
483 2503 508 2536 μ
517 2503 539 2524 α
564 2493 748 2523 inventum.
793 2485 966 2535 Κρέοντος
992 2485 1016 2532 ἢ
1043 2489 1104 2520 σοῦ
1131 2488 1237 2520 ταῦτα

219 2537 463 2586 τάξευρήματα
473 2550 480 2579 ;
504 2539 562 2571 OR
580 2535 660 2570 378.

289 2606 413 2648 Ἐξευ
424 2620 441 2655 ρ
452 2607 557 2643 ίσκω
581 2609 706 2648 reperio
718 2633 725 2647 ‚
752 2607 831 2639 inde
849 2610 883 2638 et
896 2607 993 2646 pario
1018 2608 1054 2637 et
1071 2614 1234 2645 comparo.

241 2655 337 2702 αστρὶ
356 2655 418 2702 μὲν
435 2655 479 2690 τὰ
496 2654 656 2702 σύμφορα
671 2652 769 2694 τόξον
786 2647 855 2687 τόδ’
873 2651 1045 2699 ἐξεύρισκε
1071 2652 1132 2684 Ph.
1154 2649 1234 2684 288.

219 2711 264 2750 ης
279 2702 447 2748 (πόλεως)
472 2714 508 2736 σε
533 2700 726 2748 προστάτην
755 2713 804 2735 σω
831 2699 895 2747 ’ρά
910 2712 947 2734 τε
966 2702 1092 2744 μοῦνον
1111 2696 1241 2743 ἐξευρί-

221 2762 348 2797 σκομεν
366 2752 425 2783 OR
441 2748 521 2784 304.
553 2768 593 2773 —
622 2747 657 2784 ἓν
684 2747 748 2794 γὰρ
772 2712 870 2782 πιξλιλ
893 2745 933 2782 ἂν
958 2744 1089 2792 ἐξεύροι
1114 2743 1240 2791 μαθεῖν

221 2799 280 2832 OR
300 2795 375 2831 120.
405 2799 450 2838 gl.
473 2796 636 2844 μηχανὴν
655 2795 742 2842 δοίη.
780 2797 933 2829 Illustrat
949 2795 1022 2826 Erf.
1045 2791 1109 2827 οὐκ
1127 2790 1167 2826 ἂν
1185 2790 1242 2830 ἐξ·-

222 2844 333 2891 εύροις
351 2843 368 2879 ἐ
399 2844 430 2879 οὶ
447 2839 616 2890 ἁμαρτίας
641 2841 769 2880 ὄνειδος
793 2840 893 2876 οὐδέν
910 2842 966 2875 OC
984 2837 1063 2874 966.
1101 2837 1182 2874 ἐᾶτέ
1199 2850 1242 2884 με

220 2892 277 2927 τὸν
295 2891 363 2937 τύμ
388 2903 424 2925 ον
440 2889 585 2937 ἐξευρεῖν
605 2887 704 2923 1545.
728 2890 836 2922 Suum
847 2890 908 2922 sibi
926 2889 1119 2931 sepulcrum
1138 2896 1241 2928 quae-

222 2942 351 2972 siturus
369 2940 451 2972 Oed.
480 2942 551 2979 est,
583 2942 621 2970 ut
646 2938 755 2970 media
780 2939 885 2969 forma
902 2937 995 2969 verbi
1021 2936 1145 2976 optime
1164 2944 1242 2966 con-

222 2988 373 3026 veniret;
410 2996 474 3018 nec
489 2996 573 3018 usus
591 2989 704 3017 tamen
723 2994 762 3016 ea
781 2983 883 3025 Soph.
900 3009 907 3023 ‚
936 2993 999 3015 nec
1015 2984 1130 3023 ipsum
1147 2978 1241 3026 εὑρί-

222 3030 364 3068 σκεσθαι
381 3035 541 3075 frequens
558 3033 648 3074 apud
665 3042 755 3064 eum.
800 3030 818 3049 *
829 3029 878 3075 μή
898 3040 957 3075 μοι
973 3028 1013 3062 τὸ
1030 3026 1160 3066 κάλλος
1175 3025 1242 3062 ἄλ-

221 3092 281 3127 γος
306 3077 437 3123 ἐξεύροι
462 3078 546 3113 ποτέ
572 3080 627 3111 Tr.
649 3076 694 3111 25
718 3076 812 3122 [secl.
836 3074 971 3156 Dobrq.
1020 3074 1127 3119 νόμον
1152 3072 1241 3108 κάλ-

222 3128 337 3163 λιστον
363 3124 560 3173 ἐξευρόντα,
589 3123 792 3172 πειθαρχεῖν
818 3122 919 3170 πατρί

229 3362 408 3408 ζητοῦντες
428 3359 536 3408 ἐχθίω
554 3357 700 3407 Φρυγῶν
719 3361 773 3392 Ai.
797 3357 898 3392 1045.

299 3417 545 3466 Ἐξεφίημι.
590 3420 740 3454 Medium
768 3418 925 3450 mandare
950 3427 976 3449 s.
1007 3416 1113 3448 iubere
1137 3416 1244 3457 signi·
1280 3414 1428 3457 explicat
1444 3424 1477 3445 v,
1497 3410 1614 3453 ἐξισοῖ.

1269 1270 1413 1301 ctionem
1431 1269 1565 1310 putavit
1582 1277 1666 1299 esse.
1695 1268 1738 1299 cf.
1756 1267 1885 1299 Wakef.
1907 1263 1996 1307 ἅλις,
2017 1259 2059 1299 ἵν’
2078 1264 2211 1312 ἐξήκεις
2230 1263 2288 1312 δαιξ

1267 1313 1381 1362 κρύων
1399 1317 1457 1349 OR,
1471 1312 1572 1356 1515,
1602 1326 1634 1346 v.
1650 1311 1719 1348 ἵνα.
1749 1314 1927 1346 Consimili
1944 1314 2120 1346 tralatione
2137 1314 2179 1345 de
2197 1314 2288 1352 exitu

1269 1364 1430 1406 temporis
1449 1366 1483 1394 et
1500 1364 1568 1394 fine
1581 1363 1629 1394 rei
1643 1363 1770 1394 dictum
1787 1359 1864 1407 πρὶν
1883 1354 1934 1394 ὅδ’
1950 1358 2069 1407 ἐξήκοι
2086 1358 2211 1407 χρόνος
2228 1358 2283 1392 Pl

1272 1408 1336 1443 199
1355 1421 1408 1442 an.
1438 1411 1496 1442 ubi
1522 1419 1628 1451 aeque
1660 1409 1753 1441 codd.
1783 1410 1950 1441 fluctuant
1982 1412 2084 1450 atque
2102 1402 2167 1441 ‘OR
2187 1405 2254 1440 118
2275 1442 2279 1445 .

1269 1459 1446 1490 Schaefero
1472 1458 1623 1498 placebat
1648 1454 1769 1504 ἐξήκῃ.
1817 1454 1895 1501 πρίν
1923 1466 1982 1501 μοι
2009 1457 2133 1501 μοῖραν
2159 1452 2261 1500 ἐξήκε
2277 1458 2280 1462 ’

1269 1503 1342 1550 βίου
1357 1506 1438 1537 Ant.
1451 1501 1532 1537 896.
1554 1505 1637 1536 Inde
1656 1505 1697 1536 de
1714 1514 1748 1535 re
1765 1506 1909 1535 cessante
1921 1514 1931 1533 .·
1952 1501 2032 1536 ὅταν
2050 1513 2113 1549 περ
2129 1501 2169 1536 τὸ
2184 1501 2272 1536 κακὸ

1270 1551 1377 1600 ἐξήκῃ
1407 1550 1485 1586 τόδε
1510 1552 1571 1583 Ph.
1593 1548 1673 1583 767.
1719 1552 1822 1583 Recte
1847 1551 1896 1582 sic
1921 1551 2066 1582 Brunck.
2095 1560 2138 1582 ex
2163 1559 2223 1581 suo
2259 1548 2282 1579 Υ

1269 1601 1351 1632 item
1369 1610 1407 1632 eo
1425 1600 1518 1631 ducit
1535 1599 1621 1631 Flor.
1645 1595 1688 1638 F,
1710 1599 1744 1629 in
1764 1608 1829 1639 quo
1847 1595 1944 1643 ἐξίκη
1962 1598 2139 1638 scriptum.
2181 1597 2238 1629 Tri
2272 1608 2273 1611 ¹

1272 1648 1327 1678 LA
1348 1644 1418 1695 ἐξίῃ
1436 1645 1518 1691 [rec.
1540 1647 1643 1678 Dind.
1666 1643 1768 1689 ch.]
1793 1646 1882 1686 quod
1908 1646 2047 1677 verbum
2071 1645 2120 1676 sic
2136 1644 2203 1676 dici
2221 1647 2277 1676 no'

1270 1696 1405 1727 videtur
1424 1692 1542 1751 [ἐξανῇ
1560 1691 1745 1737 Schndw.].
1791 1694 1843 1724 De
1861 1702 1897 1724 re
1913 1694 1998 1723 sicut
2017 1691 2225 1732 praedictum
2254 1710 2263 1718 ι

1270 1743 1457 1773 eveniente:
1492 1752 1535 1774 τα
1559 1738 1653 1773 πάντ’
1680 1737 1720 1773 ἂν
1746 1737 1864 1784 ἐξήκοι
1886 1739 1944 1771 OR
1963 1736 2063 1772 1182.
2110 1739 2171 1771 LA
2189 1735 2276 1777 ἐξίκ

1272 1790 1406 1830 tragicis
1432 1790 1595 1829 ignotum.
1643 1789 1746 1819 Recte
1772 1788 1890 1819 Elmsl.
1911 1787 2027 1819 Herm.
2050 1787 2155 1818 Dind.
2175 1783 2272 1830 ἐξήκ

1272 1847 1316 1868 ex
1341 1837 1468 1878 aliquot
1494 1845 1607 1877 apogr.
1646 1853 1687 1859 —
1724 1835 1834 1867 Semel
1862 1835 1995 1876 proprie
2021 1834 2149 1866 dictum
2173 1833 2216 1866 de
2258 1853 2276 1874 ¹.

1271 1884 1442 1924 confecta:
1463 1881 1510 1917 ὅτ’
1525 1880 1583 1915 οὖν
1595 1879 1756 1927 τοιαύτην
1769 1879 1853 1926 ἥμιν
1870 1879 2003 1927 ἐξήκεις
2021 1878 2100 1915 ὁδόν
2118 1881 2172 1913 El.
2188 1877 2269 1917 131·

1341 1951 1348 1964 ³
1357 1951 1385 1988 E
1395 1951 1411 1992 ξ
1422 1952 1459 1986 ῖὸ
1470 1946 1515 1998 ρύ
1526 1966 1554 1986 ω
1568 1951 1645 1996 (ὅσ)
1658 1962 1780 1984 sessum
1797 1951 1894 1983 duco.
1924 1948 2049 1997 στῆσόν
2067 1961 2112 1996 με
2128 1947 2247 1996 κάξίδρ
2268 1966 2274 1992 ς

1270 2012 1329 2035 σον
1349 2001 1404 2034 OC
1427 1998 1480 2032 11.
2270 2004 2274 2015 '²

1341 2066 1348 2078 ’
1360 2068 1387 2105 Ε
1399 2070 1491 2111 ξϊκε
1502 2083 1522 2103 τ
1531 2082 1546 2104 ε
1557 2068 1576 2104 ύ
1585 2083 1613 2104 ω
1639 2080 1746 2102 exoro.
1776 2067 1964 2109 ἐξικέτευσε
1981 2066 2110 2115 ἀγρούς
2125 2078 2189 2115 σφε
2202 2078 2248 2101 π-,
2260 2071 2270 2114 J

1271 2118 1333 2165 ψαι
1350 2119 1408 2151 OR
1424 2115 1504 2151 760.

1341 2183 1547 2227 Ἔξικνέο
1560 2199 1638 2233 μαι
1670 2188 1822 2220 advenio.
1884 2184 1996 2227 ἐξίκου
2030 2184 2133 2232 πατρὶ
2165 2197 2214 2230 μα

1270 2234 1400 2281 ἄγουσα
1425 2234 1535 2269 πάντα
1560 2236 1616 2268 OC
1642 2233 1722 2268 353.
1777 2233 1921 2275 ἐξίκοιτο
1945 2232 1981 2268 ἐν
2005 2232 2105 2280 τάχει
2129 2233 2184 2265 El.
2203 2229 2270 2265 38

1270 2281 1347 2330 τάχ’
1364 2281 1404 2316 ἂν
1424 2281 1566 2322 ἐξίκοιτο
1584 2284 1637 2315 Ai.
1663 2280 1764 2315 1043.
1810 2283 1941 2314 Tralate
1965 2282 2093 2314 dictum
2117 2281 2159 2312 de
2173 2289 2252 2320 perv

1272 2331 1437 2364 nientibus
1461 2330 1504 2362 ad
1529 2332 1672 2371 aliquem
1697 2332 1815 2362 aetatis
1841 2330 1957 2371 finem:
1994 2326 2074 2362 ὅταν
2101 2321 2129 2360 δ’
2151 2325 2186 2364 ἐς
2201 2324 2242 2371 ἦ
2268 2330 2276 2359 “.

1273 2375 1470 2423 ἐξικώμεθα
1487 2378 1563 2410 Ter.
1585 2379 1625 2409 fr.
1647 2375 1736 2418 517,
1757 2374 1790 2410 6.
2266 2372 2270 2382 ²

1343 2443 1417 2487 Ἐξ
1436 2443 1631 2487 ἵονθίζω.
1661 2449 1772 2489 Apoll.
1792 2449 1860 2480 lex.
1881 2447 1980 2479 Hom.
2004 2457 2036 2479 V.
2059 2442 2261 2480 ἰονθάδο

1273 2495 1333 2535 τὰς
1359 2493 1423 2542 γὰρ
1448 2499 1517 2528 τῶν
1542 2500 1669 2542 τριχῶν
1699 2493 1791 2542 ῥίζας
1818 2491 2001 2532 ἰονθοὺς
2031 2491 2124 2537 λέγει
2151 2488 2199 2526 Σο

1274 2540 1565 2590 Χρύσῃ(1ἰ·.653)·
1586 2542 1667 2588 ἐγὼ
1685 2540 1785 2587 μίαν
1804 2540 1880 2587 μὲν
1900 2537 2136 2581 ἐξιονθίζω
2151 2502 2226 2584 τρῖ
2247 2539 2265 2575 Ϊ

1276 2592 1366 2623 Hinc
1383 2590 1527 2630 Hesych.
1558 2587 1796 2629 ἐξιονθὶζω
1820 2586 1974 2646 τρίχα.·
2004 2585 2180 2632 ἐκδίδωμι.

1275 2637 1340 2685 γὰρ
1374 2634 1530 2674 ’ίονθος
1558 2635 1632 2683 ῥίζα
1663 2640 1789 2684 τριχῶν
1824 2633 1848 2680 ἢ
1876 2634 1932 2679 (το
1957 2634 2086 2679 insere)
2111 2631 2262 2680 ὑπερέχ

1276 2687 1339 2718 Illa
1362 2685 1533 2727 Apollonii
1560 2685 1774 2716 Aristarchca
1798 2687 1890 2716 sunt.
1936 2683 2157 2717 Scribendum
2183 2691 2227 2714 au
2249 2702 2252 2704 >

1278 2731 1493 2812 μέὶίὃαὶναν
1525 2741 1583 2772 pro
1618 2729 1698 2776 μίαν
1732 2729 1793 2776 μέν
1828 2741 1904 2762 cum
1939 2730 2077 2762 Lehrsio
2111 2729 2152 2761 de
2185 2728 2215 2760 A

1283 2791 1316 2822 p.
1414 2805 1420 2811 .

1348 2846 1537 2888 Ἐξῖσόω
1563 2859 1676 2890 aequo.
1722 2848 1913 2880 Transitive
1938 2847 1979 2878 de
2005 2847 2083 2878 locis
2105 2849 2140 2877 et
2157 2855 2216 2886 spa
2234 2845 2256 2882 ⁴,

1277 2895 1505 2936 κάξισώσαντε
1538 2894 1623 2942 ζυγά
1650 2896 1702 2926 El.
1725 2892 1805 2926 738.
1866 2890 2119 2932 κάξισώσαντας
2145 2893 2231 2924 Flor.

1278 2946 1409 2977 Tralate
1427 2945 1515 2976 dicta
1533 2944 1632 2974 haec:
1670 2939 1692 2975 ὀί
1719 2935 1745 2974 σ’
1764 2939 1916 2979 ἐξισώσει
1935 2938 1987 2973 σοί
2003 2951 2040 2973 τε
2057 2938 2206 2973 καὶτοῖς
2226 2959 2230 2964 -

1277 2991 1407 3028 τέκνοις
1425 2991 1482 3023 OR
1499 2988 1578 3022 425.
1610 3001 1640 3021 ν.
1664 2989 1736 3020 Erf.
1758 2989 1878 3023 Herm„
1916 2984 1995 3033 μηδ’
2013 2985 2177 3034 ἐξισώσῃς
2191 2982 2245 3019 τά
2263 3016 2265 3018 .

1276 3041 1350 3076 τοῖς
1375 3036 1474 3083 ἐμοῖς
1498 3039 1622 3074 κακοῖς
1642 3033 1729 3068 1507
1761 3045 1803 3067 ne
1832 3034 1946 3066 eadem
1970 3044 2069 3075 quam
2091 3043 2150 3074 eyo
2171 3043 2209 3074 p

1277 3087 1466 3118 catamitate
1492 3086 1568 3116 illas
1593 3085 1705 3115 vexari
1722 3084 1801 3114 sine.
1841 3082 2014 3113 Passivum
2033 3091 2108 3112 cum
2126 3081 2217 3121 aliqu
2234 3096 2254 3112 ῳ

971 3120 1048 3155 178·
1093 3122 1242 3155 subau‘fi
1278 3133 1453 3165 audaciore
1479 3134 1584 3171 figura
1609 3131 1731 3161 dicitur
1756 3130 1808 3160 El.
1834 3126 1919 3160 1071
1942 3129 2018 3159 oh.:
2063 3125 2106 3160 τὰ
2139 3125 2177 3160 δὲ
2243 3123 2253 3128 ’
2280 3122 2283 3125 ’

223 3173 322 3215 ὄντα,
352 3175 446 3206 velut
471 3173 528 3206 0ss
546 3170 633 3214 304,
660 3173 722 3204 11δῦ
739 3173 927 3205 sementi&
956 3173 1074 3210 reputa
1088 3169 1241 3210 pulcher·
1277 3178 1406 3213 τέκνων
1433 3177 1537 3223 διπλῆ
1573 3175 1719 3221 φύλοπις
1762 3173 1874 3209 οὐκέτ’
1909 3172 2073 3213 ἐξισοῦται
2106 3171 2249 3219 φιλοτα-

224 3225 305 3255 rime
319 3222 475 3261 praecipi,
505 3223 542 3252 ut
564 3222 653 3261 patri
675 3222 861 3261 praestetur
886 3218 1079 3250 obedientia.
1108 3217 1180 3248 Hoc
1197 3217 1243 3247 si·
1280 3224 1401 3260 ὃιαῑτα,
1432 3226 1539 3259 501101,
1563 3223 1678 3258 oaxen
1693 3221 1751 3256 ἶσα
1768 3224 1948 3269 φρονοῦσιν
1969 3221 2016 3254 ὡς
2032 3220 2067 3255 ἐν
2086 3218 2184 3266 φιλίᾳ
2208 3217 2227 3252 ὃ
2249 3220 2253 3226 ’

225 3269 361 3310 gnificat
378 3268 553 3300 scholiasta
571 3268 739 3299 scribens:
776 3264 815 3299 τὸ
833 3264 896 3311 γὰρ
914 3266 1047 3311 γονεῦσι
1064 3260 1244 3297 πείθεσθαι
1277 3259 1440 3318 mpsim,
1461 3270 1551 3305 ἀλλὰ
1569 3269 1786 3309 eraordtoum
1802 3268 1885 3313 πρὸς
1903 3266 2069 3313 ἀλλήλας,
2086 3286 2126 3291 -.
2146 3269 2201 3299 Int
2223 3290 2225 3293 ,
2250 3263 2254 3267 ·

225 3313 329 3360 νόμος
356 3311 428 3348 ἐστὶ
450 3312 632 3352 κάλλιστος
657 3312 717 3347 καὶ
742 3310 897 3356 εὐκλεής.
942 3309 1043 3345 αὐτὸν
1061 3307 1242 3355 ἐξεύρομεν
1280 3321 1362 3352 ifive
1385 3321 1514 3352 dictum
1540 3317 1656 3364 μήτηρ
1680 3315 1854 3356 καλεῖται,
1892 3314 1996 3362 μητρὶ
2017 3309 2045 3347 δ’
2063 3313 2161 3348 οὐδὲν
2189 3309 2256 3350 ἐξς

1280 3368 1332 3399 ΕΙ.
1356 3363 1458 3398 1194.
1488 3366 1689 3407 Comparant
1702 3365 1807 3396 Thuc.
1828 3360 1860 3404 6,
1878 3361 1934 3395 87.
1965 3363 2058 3452 Sagii.
2080 3356 2224 3440 ’ίσὲι2τ4τρ1ά
2249 3394 2251 3397 ⁴

2058 3419 2090 3450 p.
2211 3431 2219 3439 .
