2288 3600
258 126 353 174 134

255 241 295 276 ἄν
313 238 382 273 252
396 251 439 273 m.
460 243 534 277 τοῖς
551 242 689 273 τεκοῦσι
707 239 783 286 γάρ,
805 234 876 272 οὐδ’
893 237 924 272 εἰ
943 240 1041 271 πονεῖ
1057 248 1120 276 τις,
1144 235 1196 270 δεῖ
1213 236 1277 270 πό-

256 301 316 323 νου
342 286 485 333 μνήμην
510 285 600 334 ἔχειν
627 284 706 319 508.
736 285 896 320 δίδασκε·
923 284 1037 330 δεινήν
1064 284 1128 331 γάρ
1151 279 1212 317 τιν’
1237 282 1277 317 ἂν

257 334 374 383 πρᾶξιν
396 333 514 381 τύχοις
538 332 656 375 λέξας,
685 332 807 371 ὁποίας
833 332 1081 379 ἐξαφισταίμην
1107 332 1175 376 ἐγώ
1192 329 1273 364 560.

256 386 329 417 τοῖς
347 381 409 428 μὲν
427 376 491 428 γὰρ
509 380 579 428 ἤδη
593 380 686 415 ...τὰ
701 379 829 427 τερπνὰ
846 379 952 426 πικρὰ
969 379 1117 426 γίγνεται
1134 377 1214 412 614.
1237 378 1276 412 σὺ

257 430 321 478 γάρ
344 441 393 463 νιν
419 431 466 467 εἰς
488 424 558 463 τόδ’
583 427 677 466 εἷσας
695 422 828 476 αὔχημ’
851 426 934 467 ἅναξ
951 425 1117 462 Ποσειδᾶν
1136 423 1205 459 712
1222 427 1273 458 ch.

258 477 355 512 πόλει
381 479 489 526 μαχεῖ
511 475 594 523 γάρ,
625 474 656 509 εἴ
680 487 712 509 τι
737 477 908 521 πημανεῖς
933 474 996 520 ἐμέ
1013 472 1093 507 837.
1125 472 1217 507 δεινὰ
1241 472 1278 506 δὲ

259 523 428 571 Θησειδᾱν
445 521 554 570 ἆκμά.
583 525 649 560 πᾶς
672 522 735 569 γὰρ
752 522 937 568 ἀστράπτει
954 520 1093 569 χαλινός
1114 519 1204 554 1067
1223 522 1274 553 oh.

258 572 362 618 βάρος
390 572 454 619 γὰρ
478 571 574 616 ἡμᾶς
599 568 698 604 οὐδὲν
723 569 764 604 ἐκ
787 568 917 603 τούτων
949 570 1022 617 ἔχει
1048 566 1149 600 1142.
1188 569 1279 600 Haec

258 618 478 666 παρενθέτως
511 620 730 659 inseruntu13
769 618 817 649 rei
842 619 934 650 enim
967 622 1045 649 ante
1079 620 1279 648 memoratae

260 672 494 708 argumentum
521 676 621 698 versu
646 669 810 706 sequente
835 666 992 698 infertur.
1021 661 1095 698 αἵδε
1123 662 1187 709 γὰρ
1205 657 1279 695 τάδ’

259 713 322 749 οὐκ
345 712 453 760 ἔδρων
481 710 583 746 1379.
618 710 730 745 ὄλωλε
755 710 820 758 γὰρ
847 710 889 758 δὴ
917 711 1027 746 πάντα
1051 709 1146 755 τάμά
1174 707 1275 742 1613.

258 760 318 796 καὶ
341 761 404 808 γὰρ
433 760 450 795 ὃ
478 758 625 806 μηδαμὰ
650 758 692 805 δὴ
711 759 750 792 τὸ
770 758 886 806 φίλον,
917 758 1016 806 φίλον
1037 755 1127 790 1698
1145 768 1189 789 m.
1210 768 1278 791 κα-

257 814 329 843 κῶν
353 808 417 855 γὰρ
443 805 641 844 δυσάλωτος
667 805 778 844 οὐδείς
798 804 886 839 1723
913 809 964 839 oh.
995 803 1093 839 οὐδὲν
1118 804 1181 850 γὰρ
1209 798 1278 837 οὔτ’

259 855 413 903 ἀλγεινόν
438 858 520 889 Ant.
541 852 575 887 4.
603 852 764 900 πείσομαι
788 852 852 900 γὰρ
879 852 937 888 οὖν
965 851 1064 888 οὐδέν
1089 849 1145 885 96.
1168 851 1189 885 ἁ
1213 851 1277 898 γὰρ

260 902 302 948 δὴ
328 903 426 941 ἐλπὶς
452 901 595 939 πολλοῖς
620 900 682 946 μὲν
711 899 824 938 ὄνασις
852 899 919 933 615
938 902 991 933 ch.
1021 898 1124 946 σοφίᾳ
1147 898 1211 945 γὰρ
1238 897 1278 932 ἐκ

258 962 318 984 του
342 950 476 985 κλεινὸν
501 949 584 987 ἔπος
608 947 778 995 πέφανται
804 946 873 981 620
892 949 943 981 ch.
971 947 1001 981 εἰ
1025 946 1088 994 γὰρ
1114 947 1156 993 δὴ
1182 945 1226 979 τά
1250 940 1278 992 γ’

261 997 381 1045 ἐγγενῆ
406 997 505 1044 φύσει
529 995 668 1042 ἄκοσμα
685 994 805 1042 θρέψω
817 1024 824 1037 ,
851 995 963 1041 κάρτα
979 994 1059 1032 τοὺς
1077 993 1142 1035 ἔξω
1159 992 1278 1039 γένους

260 1043 340 1079 659.
376 1048 533 1091 κρεῖσσον
556 1042 620 1091 γὰρ
660 1044 743 1089 πρὸς
770 1041 891 1088 ἀνδρὸς
916 1042 1072 1076 ἐκπεσεῖν
1115 1040 1194 1075 679.
1239 1039 1278 1074 οὐ

260 1093 324 1140 γὰρ
353 1092 462 1139 σέβεις
488 1089 557 1124 745
583 1101 661 1123 acme
687 1101 755 1123 non
775 1093 941 1122 revereri&
979 1092 1100 1131 Inepte
1126 1092 1218 1122 enim
1237 1099 1279 1120 ex

262 1143 417 1174 Creontis
430 1142 541 1172 verbis
559 1144 749 1171 assumatur
766 1136 985 1183 ἁμαρτάνεις.
1016 1135 1110 1182 μένει
1126 1136 1190 1183 γὰρ
1210 1130 1279 1170 οὔτ’

262 1187 364 1222 αἰόλα
387 1185 446 1227 νὺξ
470 1186 639 1233 βροτοῖσιν
666 1186 720 1218 Tr.
745 1183 812 1218 132
830 1187 881 1217 ch.
912 1186 985 1217 Non
1003 1186 1094 1216 enim
1113 1186 1200 1226 quod
1218 1194 1279 1215 ne-

263 1246 329 1278 que
355 1246 421 1268 nox
455 1244 566 1276 neque
600 1235 669 1265 fata
692 1234 881 1265 mortalium
916 1234 1173 1264 immutabiliter
1203 1241 1281 1263 cou-

263 1288 353 1316 stant
365 1308 373 1323 ‚
394 1292 446 1315 res
464 1282 618 1314 mortales
638 1282 796 1312 universe
814 1281 992 1312 mutabiles
1011 1284 1111 1321 sunt,
1140 1281 1198 1311 sed
1224 1280 1281 1311 illa

264 1330 491 1363 inconstantia
507 1329 614 1361 noctis
631 1332 665 1360 et
682 1330 825 1360 fatorum
842 1329 1078 1360 universarum
1096 1337 1208 1359 rerum
1225 1328 1280 1358 in-

263 1379 470 1410 constantiae
487 1377 725 1408 documentum
743 1380 795 1407 est
813 1379 846 1407 et
864 1376 1072 1416 exemplum.
1099 1372 1214 1420 φρόνει
1231 1385 1280 1407 νιν

264 1425 311 1463 ὡς
328 1423 464 1469 ἥξοντα.
484 1426 586 1457 τοῦτο
603 1421 666 1469 γὰρ
683 1421 786 1468 λόγου
805 1420 936 1455 πολλοῦ
955 1420 1071 1459 καλῶς
1096 1420 1134 1455 λε
1153 1419 1282 1468 ίθέντος

262 1471 401 1518 ἥδιστον
418 1469 534 1505 κλύειν
546 1468 626 1503 289.
649 1469 739 1516 μηδὲ
755 1468 868 1515 λύπην
885 1467 964 1502 νέαν
982 1467 1104 1513 λάβοι·
1124 1468 1200 1506 ἁλις
1218 1466 1281 1514 γὰρ

264 1519 287 1565 ἡ
305 1522 462 1565 παροῦσα
475 1516 554 1558 332,
578 1519 666 1560 quod
684 1518 879 1558 exemplum
898 1518 1011 1549 minus
1025 1519 1194 1550 commode
1212 1517 1282 1557 pri-

264 1577 337 1599 mae
354 1567 611 1607 significationis
628 1569 816 1597 censeatur.
846 1558 996 1598 σταθεῖσ’
1020 1562 1187 1598 ἄκουσον·
1223 1562 1282 1596 καὶ

262 1612 327 1661 γὰρ
354 1612 435 1648 οὐδὲ
455 1613 514 1647 τὸν
539 1611 648 1658 πάρος
673 1610 784 1657 μῦθον
812 1610 923 1656 μάτην
947 1609 1099 1655 ἤκουσας
1124 1608 1203 1644 340.
1224 1610 1281 1644 τὸν

263 1660 327 1708 γὰρ
352 1655 486 1707 βαλόντ’
509 1658 677 1707 ἄτρακτον
704 1657 781 1693 οἶδα
804 1658 864 1692 καὶ
884 1657 963 1693 θεὸν
980 1656 1140 1703 Χείρωνα
1157 1658 1282 1703 πημή-

263 1720 367 1742 ναντα
385 1706 465 1741 714.
493 1706 596 1753 ὄγκον
613 1706 676 1754 γὰρ
701 1705 817 1744 ἄλλως
835 1704 1004 1751 ὀνόματος
1027 1705 1060 1740 τί
1078 1705 1131 1740 δεῖ
1146 1706 1281 1752 τρέφειν

267 1754 448 1802 μητρῷονς
477 1753 557 1788 817.
579 1753 618 1788 οὐ
636 1753 699 1800 γὰρ
719 1752 791 1801 ἔχω
816 1757 892 1791 πῶς
917 1750 956 1787 ἂν
975 1752 1151 1799 στέρξαιμι
1175 1753 1281 1787 κακὸν

263 1802 340 1837 τόδε
357 1801 509 1837 λεύσσων
527 1799 597 1835 992
613 1812 668 1834 an.
690 1801 763 1848 ἔχει
780 1800 844 1848 γὰρ
862 1799 970 1838 οὕτως
983 1828 991 1841 ,
1013 1801 1100 1834 ὥστε
1119 1801 1168 1847 μὴ
1188 1803 1281 1847 σιγᾶν

263 1849 403 1896 πρέπειν
425 1847 525 1882 1126.
547 1848 604 1883 στέ
627 1842 732 1895 γημα“
747 1847 811 1895 γὰρ
830 1848 980 1882 δοκοῦσα
997 1847 1205 1894 προσβαλεῖν
1225 1847 1283 1881 σέ-

265 1896 323 1931 θεν
342 1895 557 1943 άπήμπλακε
578 1894 593 1928 1
622 1896 679 1931 38.
699 1908 757 1931 και
782 1896 818 1930 ὸν
837 1890 864 1929 δ’
891 1894 1033 1941 ἐφήκεις
1047 1905 1054 1912 ·
1082 1896 1192 1930 πάντα
1218 1894 1282 1940 γὰρ

266 1945 307 1991 σῖ
330 1943 550 1990 κυβερνῶμαι
575 1943 653 1991 χερί
677 1945 732 1976 Ai.
778 1941 810 1975 4.
838 1942 922 1989 πρὸς
944 1941 1008 1988 γὰρ
1033 1943 1090 1976 τὸν
1115 1941 1230 1991 ἔχονθ’
1265 1942 1282 1976 ὁ

287 1957 397 2030 Ὶθόνος
423 1991 517 2037 ἕρπει
538 1990 603 2026 157
621 2003 674 2024 an.
709 1989 786 2025 ’κοι
809 1990 873 2036 γὰρ
900 1987 939 2023 ἂν
966 1988 1042 2024 θεία
1060 1989 1180 2028 νόσος·
1209 1987 1283 2026 ἀλλ’

265 2038 432 2085 απερύκοι
451 2037 540 2077 Ζεύς
560 2037 626 2072 185
635 2041 685 2072 ch.
707 2037 876 2084 αρήξατε·
906 2036 1014 2082 φίλων
1028 2036 1091 2083 γὰρ
1110 2037 1141 2072 οἱ
1157 2036 1283 2073 τοιοίδε

264 2092 426 2120 νικῶνται
448 2085 562 2132 λόγοις
588 2085 668 2119 330.
697 2085 778 2131 ἐμοὶ
822 2085 864 2131 ὰρ
890 2080 1001 2119 οὐκέτ’
1027 2084 1117 2121 ἐστὶν
1142 2085 1190 2123 εἰς
1217 2085 1234 2120 ὅ
1251 2096 1283 2117 τι

266 2133 384 2179 βλέπω
402 2132 482 2166 514.
508 2128 574 2179 αἶρ’
591 2131 707 2168 αὐτόν·
730 2145 794 2179 ταρ
819 2133 896 2179 ήσει
913 2131 977 2179 γὰρ
1003 2133 1042 2168 οὐ
1061 2130 1141 2165 545.
1163 2132 1202 2166 ού
1220 2132 1283 2180 γὰρ

269 2176 340 2215 ἔσθ’
359 2180 445 2215 ὅπου
461 2179 572 2226 λόγων
591 2180 737 2215 ἀκοῦσαι
755 2179 821 2220 ζῶν
840 2175 915 2213 ποτ’
931 2179 1094 2228 ἠθέλησα
1114 2177 1214 2214 1069.
1244 2180 1282 2214 οὐ

265 2228 330 2274 γάρ
353 2239 386 2262 τι
407 2231 472 2272 τῆς
493 2232 556 2274 σῆς
588 2222 699 2262 οὕνεκ’
720 2226 964 2274 ἐστρατεύσατο
990 2225 1150 2274 γυναικός
1179 2225 1279 2260 1111.

266 2275 346 2313 θεὸς
361 2274 425 2322 γὰρ
443 2274 585 2315 ἐκσώζει
602 2287 644 2321 με
661 2272 762 2316 1128,
791 2276 916 2316 possit,
938 2276 996 2307 sed
1009 2286 1076 2308 non
1094 2285 1173 2307 sane
1192 2286 1281 2307 com—

267 2324 362 2355 mode
377 2324 549 2355 subaudiri
566 2321 615 2362 ζῶ
633 2321 734 2369 δῆτα.
791 2320 931 2367 ἄπειμι·
967 2322 1025 2356 καὶ
1051 2321 1115 2369 γὰρ
1143 2320 1283 2369 αἰσχρόν

269 2367 370 2402 1159.
399 2367 532 2416 άφερπέ
553 2379 634 2403 νυν·
661 2367 770 2414 κάμοὶ
793 2367 858 2416 γὰρ
883 2367 941 2402 αῗσ
971 2380 1058 2403 ιστον
1084 2367 1200 2402 κλύειν
1214 2362 1281 2403 ’άν-

266 2416 345 2463 δρὸς
362 2415 507 2462 ματαίου
525 2415 625 2449 1161.
646 2415 754 2462 κάμοὶ
771 2416 836 2462 γὰρ
852 2415 896 2461 ἦν
910 2381 990 2452 πάθ’
1159 2457 1168 2462 .

268 2462 369 2498 1336.
400 2462 506 2510 ἔγωγε
521 2473 527 2479 ·
553 2462 613 2498 καὶ
629 2462 693 2510 γὰρ
711 2462 812 2502 αὐτὸς
830 2459 945 2498 ἐνθάδ’
961 2462 1077 2511 ἵξομαι
1094 2461 1195 2497 1365.
1212 2462 1282 2509 ἤδη

266 2511 331 2558 γὰρ
349 2510 438 2545 εἶδον
457 2510 549 2558 λόγῳ
569 2511 638 2556 μάτ
664 2523 681 2544 ν
699 2508 914 2557 θνήσκοντας
932 2512 986 2543 El.
1009 2509 1066 2544 62.
1090 2510 1200 2558 μούνη
1218 2510 1282 2557 γὰρ

268 2559 361 2605 οἴγειν
387 2557 503 2592 οὐκέτι
528 2563 631 2592 σωκῶ
682 2558 771 2604 ύπης
796 2556 908 2605 ἄχθος
928 2557 994 2591 118
1012 2570 1056 2591 m.
1077 2557 1201 2605 χρόνος
1218 2558 1282 2604 γὰρ

265 2604 419 2653 εὐμαρὴς
437 2603 514 2643 θεός
535 2603 599 2638 179
615 2607 667 2638 ch.
689 2603 768 2639 οὔτε
784 2604 848 2652 γὰρ
866 2605 884 2640 ὁ
902 2605 963 2640 τὰν
981 2602 1095 2652 Κρίσᾳ
1113 2604 1282 2650 βούνομον

267 2653 358 2701 ἔχων
377 2651 482 2686 ἀκτὰν
502 2655 583 2690 παῖς
600 2647 861 2699 Ἀγαμέμνονος
887 2651 1115 2699 ἀπερίτροπος
1142 2651 1208 2685 180
1227 2653 1278 2684 ch.

266 2698 353 2735 πολὺ
370 2699 434 2746 γάρ
451 2710 483 2732 τι
498 2705 616 2734 κακῶν
633 2697 858 2746 ὑπερεκτήσω
875 2698 944 2732 217
962 2711 1016 2732 an.
1045 2699 1075 2734 εἰ
1099 2699 1163 2746 γὰρ
1182 2699 1199 2734 ὁ
1219 2698 1281 2743 μὲν

266 2746 379 2782 θανὼν
404 2745 570 2786 κείσεται,
600 2745 618 2780 ἔ
641 2758 694 2792 pot
716 2741 744 2780 τ’
770 2744 810 2781 ἂν
836 2746 941 2785 αἰδώς
958 2745 1027 2780 245
1044 2748 1096 2779 ch.
1119 2746 1158 2780 σὺ
1182 2745 1280 2780 νίκα·

266 2794 319 2828 σοὶ
335 2793 399 2840 γὰρ
426 2790 589 2839 ἑψόμεσθ’
614 2757 689 2839 ἔμοι
712 2792 793 2827 253.
822 2793 917 2841 φιλεῖ
941 2793 1005 2841 γὰρ
1023 2793 1136 2828 ὀκνεῖν
1154 2787 1282 2839 πρᾶγμ’

266 2841 353 2887 ἀνὴρ
377 2840 536 2887 πράσσων
567 2840 656 2887 μέγα
679 2839 748 2874 320
771 2844 888 2882 quippe
911 2844 1012 2873 sobet.-
1056 2851 1115 2874 nos
1132 2851 1164 2872 es
1178 2842 1281 2882 pfleyt

261 2893 323 2929 ja;
358 2890 470 2920 minus
502 2894 592 2920 recte
617 2889 840 2921 subaudiatur
864 2886 963 2922 οὐδὲν
986 2891 1079 2922 ποιεῖ
1103 2886 1206 2932 δῆτα.
1238 2905 1278 2911 -

266 2934 356 2970 οὕτω
372 2934 436 2981 γὰρ
455 2937 555 2981 φανεῖ
571 2934 740 2973 πλείστοις
763 2935 856 2981 κακή
876 2933 956 2968 367.
987 2934 1023 2969 ὃν
1042 2931 1154 2968 ἔκταν’
1178 2933 1280 2978 αὐτή.

268 2986 369 3016 τοῦτο
385 2981 450 3028 γὰρ
467 2981 561 3020 λέξαι
579 2980 693 3020 θέλεις
710 2980 790 3015 408.
819 2977 918 3016 τῶνδ’
935 2981 1075 3028 ἄρνησις
1093 2981 1157 3016 οὐκ
1174 2980 1283 3015 ἔνεστί

267 3041 337 3075 μοι.
365 3027 389 3073 ἡ
413 3028 477 3075 γὰρ
504 3025 591 3075 Δίκη
616 3041 666 3062 νιν
692 3028 782 3063 εἷλεν
807 3027 888 3062 528.
922 3028 1016 3074 οἴμοι
1038 3027 1202 3063 τάλαινα·
1222 3031 1281 3062 νῦν

266 3075 330 3123 γὰρ
356 3076 502 3120 οἰμῶξαι
526 3076 619 3122 πάρα
644 3074 724 3109 788.
752 3074 885 3122 ὕβριζε·
918 3079 977 3110 νῦν
1001 3075 1065 3122 γὰρ
1091 3075 1282 3124 εὐτυχοῦσα

264 3122 444 3171 τυγχάνεις
461 3121 541 3155 794.
562 3126 620 3156 νῦν
645 3121 683 3156 δὲ
700 3126 762 3157 ποῖ
785 3135 828 3167 με
845 3122 915 3171 χρὴ
944 3122 1080 3168 μολεῖν;
1111 3118 1199 3169 μόνη
1217 3122 1281 3168 γάρ

269 3169 340 3215 εἰμι
353 3168 435 3202 813.
457 3168 534 3203 οῖδα
550 3169 613 3216 γὰρ
631 3165 748 3204 ἄνακτ’
765 3165 985 3217 Ἀμφὶάρεων
1002 3168 1201 3217 κρυφθέντα
1213 3167 1282 3207 836

267 3218 318 3249 ch.
348 3218 547 3249 Consolandi
572 3218 678 3258 gratia
694 3218 830 3250 chorus:
860 3219 905 3249 At
921 3227 1010 3258 sane,
1039 3219 1170 3258 inquit,
1199 3219 1281 3249 Am-

262 3265 421 3304 phiaraus
444 3264 533 3304 apud
560 3265 682 3304 inferos
707 3275 832 3296 summo
858 3265 975 3297 honore
993 3268 1049 3296 est.
1079 3262 1143 3298 οὐκ
1167 3259 1239 3298 ἔσθ’
1264 3262 1281 3298 ὅ

266 3308 294 3356 γ’
313 3309 406 3345 εἷπον
419 3322 426 3328 ·
447 3310 485 3345 οὐ
503 3310 567 3356 γὰρ
578 3309 636 3345 ὧδ’
653 3309 771 3358 ἄφρων
786 3310 868 3359 ἔφυν
879 3309 959 3345 941.
983 3305 1104 3356 μηκέτ’
1122 3309 1277 3357 ἐλπίσῃς·

267 3355 306 3391 οὐ
331 3357 395 3404 γὰρ
412 3353 471 3392 ὧδ’
497 3356 645 3403 ἄβουλός
687 3353 754 3393 ἐστ’
779 3357 866 3404 ἀνὴρ
902 3356 1066 3402 Α’ίγισθος
1090 3356 1171 3391 964.
1207 3357 1282 3393 λύει

264 3404 328 3453 γὰρ
345 3405 432 3452 ήμῖν
450 3404 548 3443 οὐδὲν
567 3403 741 3447 δυσκλεῶς
758 3405 876 3441 θανεῖν
891 3404 991 3439 1005.
1009 3405 1068 3439 *ού
1082 3404 1146 3452 γὰρ
1161 3403 1278 3440 θανεῖν

1008 2415 1106 2454 οὗτος
1125 2414 1283 2463 ἔχθιστος

1240 119 1333 188 Γάρ

2227 5 2230 8 ,
2245 0 2288 18 „u

2004 129 2037 176 [1
2052 141 2087 173 p.
2104 119 2288 164 333-'335

1315 235 1475 284 ἔχθιστον
1497 235 1585 270 1007
1604 238 1694 279 [secl.
1714 237 1860 269 Aureus.
1883 238 1966 270 ch.
1987 238 2095 270 Iacob.
2109 262 2117 277 ‚
2138 237 2288 270 tutatur:

1315 279 1488 329 Spengel}
1517 282 1668 318 ἄπελθε·
1698 283 1749 318 σοὶ
1773 283 1817 329 wi
1862 282 2038 331 ὠφέλησις
2061 281 2126 318 οὐκ
2148 281 2198 317 ἔνι
2223 281 2288 316 103

1315 331 1394 366 ὅταν
1407 330 1471 378 γὰρ
1488 330 1524 365 ἐν
1541 334 1665 369 κακοῖς
1682 328 1752 377 ἥδη
1772 332 1809 379 βε
1832 330 1937 379 ήκῃς,
1957 326 2040 376 τᾶμ’
2057 329 2247 368 ἐπαινέσεις
2260 328 2288 364 ἔτ

1316 378 1406 412 1056
1423 390 1538 420 nempe
1561 379 1739 420 aliquando
1767 381 1942 412 consilium
1964 389 2073 412 meum
2097 378 2259 411 laudabis.

1314 425 1378 473 γὰρ
1395 427 1442 464 ὡς
1460 425 1495 460 ἐν
1513 425 1695 471 δυσμενείᾳ
1711 420 1740 472 γ’
1758 421 1828 461 οὖσ’
1847 425 2037 460 ἐπαιτεῖται
2052 423 2130 458 τόδε
2150 423 2251 458 1123.
2270 436 2288 459 κ

1314 474 1377 521 γὰρ
1396 472 1452 512 ξὺν
1471 472 1524 507 σοὶ
1543 475 1703 520 μετεῖχον
1719 479 1790 508 τῶν
1807 472 1890 507 ’ίσων
1911 470 2012 505 1167.
2031 470 2128 518 μόλις
2145 472 2209 520 γὰρ
2227 471 2288 521 ἔσχ

1313 524 1372 555 νῦν
1406 518 1587 567 ἐλεύθερον
1614 520 1725 565 στόμα
1753 519 1852 554 1256.
1891 522 1992 566 μῖσος
2022 531 2059 553 τε
2088 518 2153 567 γὰρ
2184 519 2288 555 παλαι

1316 567 1476 614 ἐντέτηκέ
1496 579 1554 613 μοι
1575 565 1676 600 1311.
1697 563 1803 615 χαῖρ’,
1825 568 1853 602 ὦ
1870 566 1978 613 πάτερ
1992 577 1999 584 ·
2029 566 2161 615 πατέρα
2177 566 2240 613 γὰρ
2259 569 2288 603 εἰ

1316 619 1398 661 ορᾶν
1416 615 1509 650 δοκῶ
1531 613 1632 648 1361.
1654 613 1761 649 ἔνδον.
1790 613 1894 662 φίλης
1911 613 1974 661 γὰρ
1992 613 2158 660 προξένου
2174 613 2288 660 κατήν

1316 673 1376 696 σαν
1397 661 1498 695 1451.
1519 665 1535 701 ΙΙ
1553 663 1615 696 Sed
1635 673 1702 695 non
1721 674 1853 704 semper
1871 667 2068 702 argumento
2087 664 2287 695 documento

1315 711 1568 742 demonstrandi
1583 711 1650 741 vim
1669 711 1816 743 habente
1833 720 1886 742 res
1898 711 2069 752 probatur,
2090 711 2148 742 sed
2166 720 2266 752 saepe
2283 722 2288 742 ι

1316 760 1416 789 etiam
1434 756 1511 804 γάρ
1535 758 1680 799 dicitur,
1707 763 1746 790 ut
1766 760 1880 799 priora
1893 757 2043 797 pluribus
2059 757 2194 789 adiectis
2218 759 2288 798 copi

1315 808 1380 837 sius
1398 807 1552 846 explicet,
1584 815 1686 845 quare
1712 806 1748 836 in
1775 805 1955 847 principiis
1981 806 2125 836 maxime
2144 805 2288 844 longioru

1317 854 1546 884 narrationum
1570 853 1651 893 poni
1677 854 1772 884 solet.
1802 853 1868 884 Nos
1894 853 2038 884 dicimus
2061 852 2227 883 nc'imlz'ch:
2255 853 2288 884 la

1316 911 1398 932 num
1423 902 1511 931 enim
1543 900 1659 931 eadem
1688 904 1855 941 potestate
1885 900 2088 941 praeditum.
2133 900 2242 931 Pauca
2270 910 2288 932 n

1316 949 1397 979 satis
1423 948 1591 988 explicate
1609 948 1649 978 de
1676 948 1736 979 hac
1754 948 1938 989 particulae
1955 947 1990 978 vi
2015 947 2192 987 adscripsit
2209 947 2286 979 Elm

1316 995 1357 1026 ad
1375 995 1493 1026 Bacch.
1506 991 1586 1026 477.
1602 1012 1642 1016 —
1663 992 1759 1039 οἶμαι
1775 994 1839 1041 γάρ
1857 994 1919 1026 Ph.
1940 989 2021 1026 536.
2043 991 2158 1027 πλέων
2174 991 2288 1039 γάρ54

1317 1040 1416 1079 οὗτος
1433 1040 1497 1088 γάρ
1516 1038 1596 1073 596.
1616 1039 1697 1086 ἥκει
1713 1040 1777 1088 γὰρ
1797 1040 1883 1087 αὕτη
1902 1037 1982 1073 758.
2003 1038 2172 1086 λαμβάνει
2194 1040 2258 1086 γὰρ
2275 1053 2288 1076 c

1318 1087 1422 1126 ὕπνος
1448 1100 1490 1134 με
1515 1085 1594 1120 766.
1625 1087 1664 1122 ού
1681 1090 1746 1135 γάρ
1771 1101 1904 1123 ποτε...
1919 1085 2081 1134 ἐξηύχησ’
2097 1088 2166 1134 ἐγώ
2183 1087 2263 1122 869.
2285 1104 2288 1120 ι

1317 1131 1429 1170 οὐκέτ’
1455 1134 1552 1173 ὄντος
1577 1134 1641 1181 γὰρ
1665 1134 1823 1184 ἐφαίνετο
1842 1133 1923 1169 884.
1945 1133 1997 1168 δεῖ
2018 1134 2083 1181 γὰρ
2101 1134 2136 1173 ἐς
2153 1132 2280 1182 Τροίαν

1317 1183 1416 1217 πλεῖν
1435 1181 1515 1215 915.
1546 1183 1585 1218 οὔ
1611 1182 1675 1228 γὰρ
1704 1181 1804 1218 1049.
1827 1183 1866 1217 σὺ
1892 1181 1956 1229 γὰρ
1981 1185 2094 1220 νοσεῖς
2114 1180 2215 1217 1326.
2244 1183 2288 1218 ἀν

1317 1231 1380 1278 γὰρ
1398 1230 1486 1276 ἡμῖν
1505 1229 1594 1264 ἐστίν
1611 1229 1711 1265 1337.
1733 1229 1811 1266 οὔτε
1828 1229 1892 1278 γὰρ
1910 1230 1950 1264 σύ
1967 1227 2069 1262 1434.
2089 1229 2138 1276 *ή
2155 1230 2219 1278 γὰρ
2237 1230 2288 1265 εύε

1320 1279 1393 1325 βεια
1419 1275 1624 1324 συνθνήσκει
1654 1277 1742 1312 1443
1768 1280 1796 1311 si
1814 1281 1855 1311 de
1873 1280 1943 1311 loeo
1960 1278 2080 1310 mutilo
2098 1279 2238 1311 iudicari
2256 1280 2288 1311 li-

1323 1328 1413 1369 [secl.
1435 1325 1571 1371 Dind.].
1601 1326 1669 1371 ἐγὼ
1688 1331 1798 1374 φανῶ·
1827 1324 1974 1364 ἐπαξίως
1991 1323 2055 1372 γάρ
2074 1326 2131 1358 OR
2152 1324 2228 1359 133.
2250 1325 2288 1373 ἐρ

1319 1373 1469 1407 πείσεται
1493 1371 1557 1419 γὰρ
1582 1372 1668 1408 ἄλλο
1696 1374 1758 1419 μὲν
1783 1372 1881 1407 οὐδέν
1908 1371 1988 1406 228.
2018 1370 2088 1407 οὔτ’
2114 1371 2255 1407 ἔκτανον
2271 1385 2288 1420 γ

1318 1419 1400 1454 277.
1430 1418 1559 1466 Φοῖβος
1575 1420 1639 1468 γὰρ
1657 1420 1872 1467 άντέπεμψεν
1892 1418 1971 1453 305.
2011 1418 2128 1467 ῥῦσαι·
2149 1419 2184 1455 ἐν
2202 1420 2256 1455 σοὶ
2271 1433 2288 1467 γ

1319 1468 1421 1513 ἐσμεν
1450 1467 1530 1502 314.
1566 1467 1638 1503 ἰ’σθι
1670 1468 1734 1516 γὰρ
1761 1467 1873 1502 δοκῶν
1908 1466 1988 1512 ἐμοὶ
2019 1466 2079 1501 καὶ
2107 1465 2288 1515 ξυμφυτεῦι,

1318 1514 1461 1562 τοῦργον
1481 1513 1560 1549 346.
1580 1519 1638 1550 νῦν
1666 1517 1728 1562 μὲν
1753 1514 1817 1562 γὰρ
1843 1513 1939 1562 φέρω
1965 1512 2044 1547 590.
2067 1513 2165 1561 φίλον
2188 1514 2253 1562 γὰρ
2275 1513 2288 1551 ἐ

1321 1562 1436 1609 βαλεῖν
1455 1561 1535 1596 611.
1556 1565 1714 1610 χρησμὸς
1730 1563 1794 1609 γὰρ
1811 1560 1900 1607 ἦλθε
1919 1560 1999 1595 711.
2019 1561 2108 1608 ἀνὴρ
2125 1562 2188 1608 γὰρ
2212 1562 2248 1597 ἐν
2265 1561 2288 1598 δι

1320 1610 1579 1649 πνοις...καλεῖ
1596 1610 1675 1644 779.
1704 1610 1826 1650 διδάξω,
1853 1604 1902 1642 σ’-
1929 1607 1973 1654 ἢν
1990 1608 2054 1656 γὰρ
2078 1607 2205 1658 εὑρεθῇ
2226 1608 2288 1657 λέγι

1321 1670 1373 1692 σοι
1395 1657 1504 1692 ταύτά
1526 1656 1607 1691 829.
1639 1658 1786 1703 μάλιστά
1811 1654 1860 1703 γ’·
1896 1655 1970 1690 εἷπε
1995 1658 2058 1703 γάρ
2084 1654 2164 1690 994.
2191 1655 2288 1704 τῆςγ

1321 1704 1728 1799 fiamssagffssffffss·
1751 1698 2288 1797 {sssgsszsffssi’gii‘'35:3⁴“

1324 1798 1424 1833 1227.
1438 1799 1622 1834 πεύσει...·
1636 1799 1730 1838 ὅπως
1747 1801 1810 1847 γάρ
1832 1797 1933 1834 1241.
1955 1800 2059 1847 φοιτᾷ
2069 1800 2134 1847 γάρ
2154 1798 2254 1834 1255.
2271 1764 2288 1837 ἔ

1321 1846 1389 1885 δεὶς
1413 1847 1477 1895 γὰρ
1502 1846 1634 1894 ἀνδρῶν
1662 1845 1763 1881 1259.
1801 1846 1923 1893 λέγεις.
1954 1847 2022 1893 ἐγὼ
2045 1849 2109 1893 γάρ
2138 1847 2208 1894 εἰμι
2234 1844 2288 1887 145

1319 1894 1429 1934 λέξω·
1456 1893 1526 1929 οἵδε
1573 1894 1637 1942 γὰρ
1669 1894 1823 1942 κρίνουσι
1847 1896 1901 1928 OC
1920 1893 1976 1928 79.
2007 1893 2055 1928 ὅδ’
2089 1896 2221 1933 ἐκεῖνος
2245 1893 2288 1940 ἐγι

1322 1944 1420 1991 φωνῇ
1437 1942 1502 1989 γὰρ
1520 1942 1591 1988 ὁρῶ
1609 1942 1648 1976 τὸ
1659 1942 1884 1989 φατιζόμενον
1903 1941 1968 1975 137
1979 1954 2033 1976 an.
2055 1944 2083 1978 ὦ
2101 1939 2196 1978 πάντ’
2217 1939 2288 1983 ἐκεί

1320 1993 1394 2027 τοῖς
1419 1990 1453 2024 ἐν
1480 1988 1643 2035 Αἰγύπτῳ
1666 1989 1786 2035 νόμοις
1812 1988 1909 2036 φύσιν
1944 1989 2228 2026 κατεικασθέντε·
2264 1987 2288 2025 ἐξ

1320 2036 1383 2083 γάρ
1403 2035 1482 2070 339.
1503 2038 1553 2075 τίς
1572 2036 1710 2077 στόλοςς
1739 2036 1838 2083 ἥκεις
1853 2037 1917 2084 γὰρ
1936 2036 1974 2071 οὐ
1989 2037 2073 2084 κενή
2090 2051 2128 2086 γε
2146 2035 2226 2071 359.
2247 2046 2288 2083 πρ

1321 2085 1423 2125 ξάτω.
1453 2084 1570 2131 ἀρκεῖν
1596 2083 1660 2131 γὰρ
1683 2083 1780 2129 οἶμαι
1804 2082 1885 2120 498.
1908 2084 2040 2131 φράσω.
2068 2085 2128 2120 καὶ
2150 2084 2214 2132 γὰρ
2231 2082 2288 2166 &Q

1322 2131 1491 2178 ἐφόνευσα
1517 2131 1585 2165 547
1603 2143 1648 2164 m.
1669 2130 1900 2178 ἐξεπίσταμαι.
1931 2132 2037 2177 σκευή
2056 2145 2092 2166 τε
2108 2132 2172 2179 γὰρ
2191 2131 2234 2177 σή

1320 2174 1454 2214 ἄπελθ’.
1483 2179 1551 2226 ἐρῶ
1576 2178 1640 2225 γάρ
1658 2178 1739 2211 811.
1762 2179 1801 2213 οὐ
1827 2180 1891 2227 γάρ
1908 2178 1982 2213 ποτ’
2008 2179 2074 2219 ἔξει
2090 2178 2170 2214 909.
2192 2178 2288 2224 ἤνεγτ

1320 2225 1426 2261 οἴκων.
1456 2225 1551 2265 θεοῖς
1569 2226 1632 2272 γὰρ
1649 2225 1692 2271 ἦν
1713 2224 1802 2260 οὕτω
1827 2226 1926 2274 φίλον
1944 2224 2024 2259 964.
2047 2225 2142 2267 οἵους
2159 2227 2228 2273 ἐρῶ
2243 2223 2288 2267 τά

1320 2273 1359 2308 οὐ
1377 2274 1441 2320 γὰρ
1460 2273 1518 2308 οὖν
1537 2273 1723 2320 σιγήσομαι
1748 2271 1827 2306 980.
1866 2274 1914 2320 μὴ
1941 2271 2114 2319 θαύμαζε.
2152 2273 2288 2317 ἐπίσταμ’

1319 2321 1383 2367 γάρ
1404 2319 1506 2353 1121.
1523 2320 1586 2355 οὐκ
1604 2319 1684 2354 αἶδα
1701 2319 1791 2365 πλὴν
1804 2320 1849 2355 ἕν.
1873 2325 1933 2355 σοῦ
1950 2320 2013 2367 γὰρ
2025 2320 2155 2370 βραχύν
2172 2316 2233 2354 τιν’
2250 2319 2288 2357 αἶ’

1321 2367 1430 2414 μῦθον
1452 2367 1553 2401 1161.
1573 2367 1641 2414 νῷν
1666 2365 1796 2401 ὕπεικε·
1824 2368 1862 2403 ού
1886 2368 1950 2415 γάρ
1969 2379 2004 2402 σε
2028 2365 2114 2414 πρὸς
2131 2369 2206 2415 βίαν
2225 2377 2288 2412 παρ

1321 2414 1855 2463 σπάσει1185.γνώσει...·ἔγεις
1873 2416 1936 2462 γάρ
1958 2413 2058 2447 1199.
2075 2414 2159 2450 εἷκε.
2180 2415 2288 2460 λιπαΗ

1318 2462 1382 2509 γὰρ
1407 2462 1446 2496 ού
1479 2461 1586 2496 καλόν
1615 2459 1714 2494 1201.
1751 2458 1828 2496 ἐπεῖ
1849 2464 1913 2509 γὰρ
1936 2460 2048 2507 ἦλθον
2074 2457 2202 2510 ’Ἄργος
2231 2458 2288 2495 13(

1320 2508 1471 2544 εἰκαθεῖν
1484 2509 1582 2543 ...-εἰ
1599 2508 1662 2556 γάρ
1679 2521 1711 2542 τι
1729 2509 1844 2544 πιστόν
1863 2511 1952 2545 ἐστιν
1966 2507 2066 2542 1331.
2080 2509 2174 2556 εἴπερ
2192 2507 2263 2544 οἵδε
2279 2520 2288 2543 ι

1318 2560 1454 2591 νοῡνται
1479 2556 1592 2604 λόγοι·
1623 2556 1662 2590 οὐ
1688 2555 1751 2602 γὰρ
1776 2552 1847 2591 ἔσθ’
1874 2557 1967 2595 ὅπως
1987 2555 2088 2590 1372.
2111 2557 2159 2602 μή
2183 2568 2234 2594 τις
2258 2552 2286 2594 Δ

1319 2603 1484 2650 κεραυνός
1495 2616 1555 2646 ...;
1570 2603 1682 2638 πάντα
1697 2605 1760 2649 γὰρ
1826 2605 1960 2639 εἰκάσαι
1977 2602 2070 2648 πάρα
2091 2603 2193 2637 1503.
2222 2600 2288 2642 καθ

1320 2649 1563 2731 &aazia
1587 2649 1798 2732 *ta-10³5.
1817 2650 2047 2733 ‘’aegea‘’
2075 2647 2288 2732 ἐνὲῖὸεῗρ

1321 2725 1422 2778 1617]
1445 2710 1571 2780 06δῖΞῖ
1597 2711 1647 2784 ἔρῖς
1666 2710 1805 2795 φέάὲἔιε
1818 2710 1925 2780 ῗσίιόθύ
1942 2710 2072 2792 γᾌρτξῑζ
2090 2710 2198 2779 όιῑύτὸοκῖ
2207 2708 2288 2790 κεβὲ

1317 2792 1374 2830 νὸς
1393 2791 1572 2837 ἐξέπραξεν
1594 2791 1695 2826 1658.
1725 2791 1805 2826 οὐδὲ
1823 2793 1887 2840 γὰρ
1906 2793 1952 2827 ὢν
1971 2791 2139 2839 ἀφίλητος
2157 2791 2236 2838 ἐμοί
2252 2802 2288 2835 πς

1318 2839 1378 2873 καὶ
1393 2838 1475 2885 τᾷδε
1494 2840 1542 2886 μή
1561 2839 1717 2888 κυρήσης
1738 2838 1826 2872 1703
1840 2852 1903 2881 ιη.;
1925 2840 1989 2886 γὰρ
2007 2841 2054 2874 ὤν
2071 2841 2228 2881 palmaris
2244 2839 2288 2871 Hs

1319 2888 1436 2919 manni
1453 2890 1641 2921 emendatio
1659 2893 1710 2919 est
1728 2889 1885 2919 librorum
1897 2890 2081 2930 scripturae
2094 2885 2217 2932 γέρων.
2245 2882 2288 2920 ΖΕ

1319 2933 1383 2980 γὰρ
1407 2933 1565 2980 κόμπους
1589 2932 1830 2981 ὑπερεχθαίρει
1856 2937 1937 2966 Ant.
1962 2933 2026 2967 127
2045 2943 2099 2965 an.
2121 2932 2207 2967 ἑπτὰ
2223 2931 2288 2980 λοχ

1317 2981 1372 3026 γοὶ
1387 2980 1451 3028 γὰρ
1469 2981 1587 3015 ἔλιπον
1608 2981 1669 3015 141
1692 2992 1745 3014 an.
1768 2981 1845 3026 ἐμοὶ
1863 2981 1926 3026 γάρ
1947 2980 2023 3014 178.
2055 2978 2208 3025 οὐδαμοῦ
2227 2977 2288 3025 λέγ

1319 3029 1387 3074 ἐγὼ
1412 3027 1475 3074 γάρ
1497 3027 1574 3061 184.
1607 3029 1780 3063 ίκάνω...·
1799 3027 1925 3063 πολλαὶ
1942 3027 2006 3074 γὰρ
2025 3026 2126 3074 ἔσχον
2146 3025 2288 3073 φροντίδι

1319 3074 1511 3113 ἐπιστάσεις
1535 3073 1616 3109 225.
1655 3075 1781 3123 φράσαι
1805 3073 1899 3110 θέλω
1933 3076 2087 3110 σοι...τὸ
2111 3074 2175 3120 γὰρ
2206 3076 2288 3119 πρᾶγ

1319 3117 1388 3157 οὔτ’
1406 3121 1532 3168 ἔδρασα
1550 3120 1629 3156 238.
1652 3124 1715 3158 οὐκ
1733 3121 1807 3156 οἷδ’,
1829 3121 1903 3156 ἐκεῖ
1919 3121 1983 3167 γάρ
2001 3120 2080 3155 249.
2101 3120 2166 3155 κᾶν
2185 3121 2288 3167 ἐγίγνιᾱ

1318 3168 1435 3215 πληγή
1449 3167 1565 3207 ...-εἶς
1583 3170 1647 3215 γάρ
1669 3182 1720 3206 τις
1737 3169 1779 3214 ἦν
1798 3167 1878 3202 262.
1899 3169 1934 3207 ὃς
1958 3167 2178 3215 προύτρεψεν.
2208 3168 2246 3204 οὐ
2268 3177 2288 3213 γ

1318 3216 1458 3262 εἴχομεν
1484 3215 1686 3263 ἀντιφωνεῖν
1713 3215 1792 3249 270.
1824 3215 2043 3259 ἐξεπίσταμαι
2135 3214 2288 3260 οὐδὲνμῇ

1319 3262 1461 3310 ἔβλαστε
1487 3260 1568 3296 295.
1604 3263 1645 3298 ἐκ
1668 3270 1736 3298 τῶν
1763 3263 1825 3309 γὰρ
1852 3263 2003 3310 αἰσχρῶν
2028 3261 2223 3309 λημμάτων
2248 3258 2288 3296 31

1316 3312 1471 3346 τοιοῦτον
1496 3308 1539 3355 ἦν
1556 3310 1594 3344 τὸ
1612 3305 1740 3358 πρᾶγμ’
1755 3320 1760 3327 ·
1783 3310 1876 3348 ὅπως
1894 3310 1957 3356 γὰρ
1975 3308 2107 3354 ἥκομεν
2123 3307 2203 3341 407.
2225 3307 2288 3356 λέγι

1318 3357 1407 3394 ὅστις
1425 3357 1488 3404 γὰρ
1506 3357 1541 3392 ἐν
1604 3363 1727 3396 κακοῖς
1742 3358 1783 3405 ζῇ
1797 3356 1876 3389 463.
1893 3358 1951 3391 καὶ
1969 3355 2032 3401 γὰρ
2048 3355 2106 3390 οὖν
2125 3355 2288 3400 ἐπαιτιῶμ

1317 3403 1396 3439 489.
1418 3405 1453 3440 ἐν
1471 3407 1545 3443 τοῖς
1562 3404 1626 3452 γὰρ
1645 3404 1817 3440 οἰκείοισιν
1833 3404 1911 3437 661.
1929 3404 1992 3438 οὐκ
2009 3404 2096 3439 ἔστιν
2113 3404 2288 3453 τιμιώτεμ
