2288 3600
1873 161 1971 210 437

11 286 49 321 1υὶ
77 280 112 315 4.
164 282 217 315 De
240 283 376 315 bomine
409 282 528 323 fugace
560 291 678 314 sermo.
722 282 843 323 Inepte
867 281 925 313 alii
959 277 1092 327 ἡμέρας
1111 276 1215 324 μέρος
1233 275 1344 326 βραχὺ
1361 275 1419 315 δός
1437 289 1495 323 μοι
1514 276 1655 312 σεαυτόν
1671 278 1732 311 Ph.
1753 275 1799 310 83
1825 290 1855 311 v.
1877 276 1975 312 ἀναι-

14 329 190 363 mutarem
218 329 301 363 Mor.
330 339 363 371 p.
386 327 430 362 74
457 340 475 362 a
499 327 676 375 θυμαίνειν
689 325 920 370 ,·’θυκαίνειν,
962 325 1037 373 δής.
1058 345 1103 350 --
1122 326 1137 369 ΙΙ
1153 326 1242 358 Hinc
1267 326 1426 358 universe
1451 326 1579 367 aliquid
1602 327 1748 358 alicuius
1770 328 1818 358 rei
1835 327 1971 359 dicitur.

612 161 1216 231 Μέριμνα-Μεσόμφαλος

2 423 120 471 -”πρὸς
136 422 168 458 τί
186 426 354 470 μενοῦμεν
371 422 550 470 πράσσεινς
571 424 632 456 Ph.
653 419 722 456 836
740 423 791 455 ch.
828 420 924 468 ὅμως

12 466 22 516 1’
51 483 109 506 ατε
161 470 258 518 ρόνον
282 473 446 504 τοσοῦτον
473 468 575 504 1075.
627 472 689 504 ποῖ
712 467 776 516 γὰρ
809 471 923 515 μενεῖς

77 517 112 556 ἐς
128 481 190 553 τγίν’
207 516 355 552 ἐλπίδων
374 515 517 564 βλέψασ’
534 511 580 551 ἔτ’
597 514 726 563 ὀρθήν;
755 518 807 550 El.
838 514 918 549 958.

10 569 75 599 sset
90 567 183 599 Suid.
204 577 235 598 v.
257 567 319 599 ποῖ
335 576 418 599 ποτε
443 568 606 607 sequente
633 565 783 598 Seidlero
810 565 921 606 expli-

6 600 52 655 ,ἒς
66 611 141 647 τίνα
157 611 302 660 χρόνον;
333 614 457 645 rectius
475 623 572 654 quarn
591 612 723 644 Monck.
752 615 787 644 et
803 613 918 658 Herm.

24 658 160 707 έψασα
183 660 438 700 coniungentes.
482 657 580 694 ἄσκει
603 656 699 694 τοιαύ
776 660 855 692 νοῦν
882 652 922 691 δι’

7 713 12 753 3'
52 707 166 754 μένειν
198 704 298 739 1024.
359 705 429 753 ἤδη
454 705 538 740 δέκα
571 709 683 753 μῆνας
748 705 921 752 κήρυκτος

59 755 114 787 Tr.
154 751 211 787 45.
261 754 308 785 De
331 764 387 786 re:
412 751 462 791 ε’ίς
493 764 530 787 τε
561 752 620 787 τὸν
654 751 752 800 φίλον
783 750 923 786 τοσαῦθ’

11 823 33 857 ‘³¹
42 799 510 894 adfffzezvdssssmgffiz,
531 801 596 894 τῗῖῗο
607 798 748 895 αἰῗίῗξς
756 802 922 894 μτῖἔῖἷζῖα

72 898 88 931 ἶ
104 897 164 929 Ph.
187 894 231 930 55
260 859 338 929 ,ρ-
355 860 526 938 πΜαηενε
543 860 654 937 aliga}
671 898 760 927 statu
786 899 816 926 et
841 905 920 927 con-

3 939 42 976 Ξ
73 944 124 976 De
141 944 270 976 homine
282 955 292 974 :
310 940 371 980 τὰς
389 941 450 980 σὰς
468 940 605 976 ἀκούων
623 940 662 976 οὐ
683 944 779 987 μενεῖ
793 935 921 975 τοιάσδ’

53 994 60 1006 ·
86 987 177 1032 295,
213 992 272 1023 ubi
300 987 385 1036 ἀράς
410 992 631 1022 communiter
657 990 696 1021 ad
721 987 858 1023 ἀκούων
886 992 920 1021 et

2 1048 17 1080 j
52 1039 189 1080 fertur,
219 1039 536 1079 adsignificaturque
569 1036 700 1077 ferendi
725 1037 827 1069 notio.
872 1036 919 1074 ὡς

2 1080 4 1082 ’
34 1088 36 1090 ’
69 1083 106 1123 ὃς
130 1087 189 1119 νῦν
221 1088 379 1131 σκῆπτρα
402 1083 462 1118 καὶ
493 1082 637 1130 θρόνους
664 1082 683 1118 ἔ
708 1095 737 1117 ει
762 1081 915 1129 μείνειεν,

55 1130 298 1179 οὺξεληλυθὼς
316 1129 415 1166 πόλιν
434 1129 531 1166 ἔλθοι
548 1125 622 1165 ποτ’
638 1129 680 1165 αὖ
709 1143 737 1169 ις
762 1130 818 1163 OC
835 1127 916 1163 426.

11 1185 41 1216 ,·-ι
62 1181 108 1212 im
126 1181 166 1212 ad
184 1184 335 1212 mutuam
361 1180 506 1211 Eteoclis
537 1183 571 1210 et
594 1179 760 1219 Polynicis
785 1179 918 1210 caedem

10 1222 74 1259 '3t.
103 1225 194 1274 ἀμφὶ
209 1225 289 1264 τοὺς
306 1224 430 1260 κείνων
449 1225 498 1260 ἔτι
515 1224 641 1264 παῖδας
665 1225 830 1272 μένοντας
856 1224 919 1271 ἐμ-

1 1271 256 1321 φρονήμασιν
274 1275 355 1307 Ant.
378 1271 444 1306 169
462 1275 498 1305 in
515 1273 580 1315 fide
594 1277 777 1306 manentes.
821 1270 854 1306 εἴ
879 1283 921 1318 με

11 1329 15 1331 ’
42 1327 45 1330 ’
81 1332 110 1354 ιν
127 1319 360 1368 ἐστερημένην
386 1321 441 1353 Tr.
466 1318 543 1353 176.
591 1321 642 1352 De
657 1331 712 1353 re.-
739 1317 813 1358 ἅλις
839 1317 921 1366 φαί-

13 1408 15 1411 1
35 1362 106 1403 ἔνθ’
123 1365 255 1415 ἔληξεν,
276 1366 380 1402 αὐτοῦ
400 1366 514 1413 μένειν
531 1368 589 1400 OR
606 1365 674 1400 686
691 1378 760 1400 rem
777 1377 813 1399 eo
831 1370 920 1398 statu

34 1456 38 1460 1
104 1418 218 1448 satius.
249 1414 287 1449 οὐ
306 1414 371 1462 γάρ
387 1426 471 1449 ποτε
490 1413 585 1460 μένει
601 1417 680 1453 νοῦς
704 1417 778 1452 τοῖς
802 1418 920 1452 κακῶς

30 1465 45 1499 ζ
64 1473 127 1504 σιν,
148 1460 223 1496 ἀλλ’
241 1460 407 1502 ἐξίσταται
422 1464 504 1495 Ant.
525 1459 605 1494 563.
651 1460 746 1507 μένει
769 1460 833 1508 γὰρ
851 1456 921 1495 οὔτ’

23 1516 37 1525 “’
58 1507 100 1551 ὺΕ
118 1509 287 1556 βροτοῖσιν
305 1511 361 1542 Tr.
385 1507 451 1542 132
468 1511 520 1542 cb.
565 1507 604 1543 οὐ
629 1508 693 1557 γάρ
718 1507 792 1543 ποτ’
808 1506 920 1543 αὐτῶν

21 1573 32 1601 -.1,
76 1556 192 1604 ταύτῷ
206 1556 300 1602 μένει
317 1559 407 1590 Alet.
427 1558 469 1589 fr.
490 1554 555 1598 93,
582 1554 615 1589 3.
643 1575 691 1580 -—
707 1557 722 1599 ΙΙ
739 1557 828 1589 Hinc
851 1560 921 1588 orta

26 1604 48 1648 ’χι
81 1605 116 1637 ἀι·
133 1606 346 1646 significatio.
393 1598 466 1649 μέν’
489 1602 537 1641 είς
563 1603 728 1651 σοφιστὴν
745 1603 802 1638 τὸν
837 1602 920 1649 ἐμόν

51 1667 57 1681 ι
75 1664 84 1684 :
112 1662 190 1684 nam
215 1653 243 1684 si
261 1656 329 1684 tam
353 1653 465 1684 brevis
482 1652 667 1693 particulae
687 1661 824 1683 sensum
842 1661 922 1683 con·-

23 1714 55 1741 1,.ι
85 1701 220 1741 assequi
242 1701 341 1740 licet,
368 1700 429 1732 hoc
452 1699 519 1731 diei
548 1699 698 1731 videtur:
726 1709 823 1731 mane
841 1698 922 1730 dum

23 1744 71 1785 ,ξω
92 1757 122 1779 e.
143 1751 303 1788 exspecta.
346 1747 391 1778 Et
416 1756 492 1779 cum
516 1756 594 1778 casu
620 1749 755 1788 quarto:
784 1744 860 1780 οἵαν
885 1756 920 1778 σε

20 1790 209 1830 ἶπυθέσθαι
248 1791 369 1831 παιδὸς
402 1791 571 1840 δύσφορον
604 1791 687 1828 ἄταν
712 1794 755 1825 Ai
779 1790 917 1825 641cb.

47 1842 175 1874 tenda
190 1842 432 1882 adsignificatio
448 1841 614 1873 vindictae
637 1843 731 1882 quasi
757 1841 922 1872 insidian-

73 1894 147 1920 co:
174 1887 204 1921 εἰ
221 1886 259 1922 δὲ
280 1887 349 1934 μή,
382 1892 476 1933 μενῶ
502 1885 529 1920 σ’
555 1886 623 1933 ἐγὼ
645 1886 704 1921 καὶ
727 1885 847 1933 νέρθεν
873 1886 920 1920 ὢν

13 1942 26 1981 s
43 1933 158 1969 ἐείσαεὶ
181 1933 286 1981 βαρύς
311 1937 367 1968 Tr.
398 1932 499 1968 1201.
549 1933 640 1969 ἀλλά
661 1946 714 1968 τοι
739 1933 828 1969 θεῶν
854 1932 921 1980 ἀρὰ

10 1981 320 2031 [ἀπιστήσαντα
346 1980 447 2015 1240.
492 2001 535 2007 -
569 1985 655 2015 Item
689 1981 853 2014 tolerandi
886 1986 920 2013 et

86 2031 104 2062 “.
154 2027 193 2064 οὐ
226 2028 317 2063 τοῦτ’
349 2027 390 2063 ἂν
430 2024 594 2076 &moy-qe?
633 2028 701 2075 ἐγὼ
732 2027 856 2074 τλῆναί
893 2026 920 2060 σ’

32 2075 136 2122 11ὧδε
151 2074 247 2122 τάμὰ
263 2076 406 2122 πήματα
425 2071 539 2122 μεῖναί
556 2078 617 2110 Ph.
639 2074 719 2109 870.
741 2077 835 2115 Quod
854 2086 920 2108 non

33 2139 48 2170 1-
73 2127 106 2156 at
145 2125 281 2164 fugiens
313 2125 464 2166 Neoptol.
502 2125 579 2156 mali
611 2125 825 2166 adspectum,
862 2123 920 2155 sed

104 2172 348 2204 misericordiae
374 2172 619 2204 documentum
645 2175 697 2203 est
729 2181 795 2203 non
823 2180 919 2203 aver-

39 2218 212 2261 humane
230 2220 453 2251 calamitatem
471 2219 623 2251 alterius.
640 2236 680 2242 -
692 2219 820 2259 Aperte
839 2219 920 2250 salso

36 2279 71 2312 .''.³
105 2267 260 2298 omnibus
293 2267 420 2307 legitur
446 2263 536 2312 λέγ’,
566 2263 705 2311 ἐπείπερ
724 2262 775 2298 ἐπ’
794 2263 922 2311 ἔσχατα

16 2347 24 2354 11
40 2311 111 2345 OG
126 2310 207 2353 217,
230 2313 317 2354 quod
343 2314 397 2345 vel
424 2323 525 2346 versu
551 2314 773 2345 convincitur.
819 2313 918 2344 Tricl.

35 2364 50 2399 '2
66 2369 83 2397 ς
95 2385 103 2400 ,
124 2364 159 2392 et
176 2361 224 2392 sic
241 2370 332 2392 nunc
348 2370 401 2401 ap.
423 2370 539 2392 omnes
557 2361 731 2401 scriptum.
776 2361 863 2391 Item
886 2360 922 2391 in

38 2406 72 2453 1’.
101 2405 211 2452 μένειν
230 2408 386 2439 nonnulli
403 2408 511 2448 codd„
533 2407 592 2440 sed
609 2408 682 2439 rell.
703 2411 792 2439 recte
810 2405 919 2451 νέμοι.

671 2453 721 2497 (11
737 2464 771 2495 p.
792 2451 849 2495 83,
870 2451 924 2497 7.)

46 2527 189 2568 ’,ιμνα
221 2534 321 2565 cura,
365 2524 563 2556 sollicitudo.
618 2523 719 2562 ποίας
754 2523 923 2570 μερίμνης

48 2569 256 2617 ·ρστραφεὶς
274 2565 378 2615 [τοῦτ’
396 2569 614 2617 ἐπιστραφείς
639 2573 742 2604 Dind.
771 2582 799 2603 c.
824 2572 924 2610 Blay-

57 2617 64 2629 ‘
96 2629 166 2660 εις;
201 2618 259 2651 OR
293 2615 361 2651 728
387 2628 469 2660 quae
488 2621 518 2650 te
553 2619 741 2650 sollicitudo
765 2619 918 2658 advertit,

16 2660 200 2711 7ἰ1ἰιεσί-εε.
245 2666 286 2696 V.
308 2666 422 2707 Intpp.
450 2668 519 2698 τῶν
545 2665 607 2710 μὲν
626 2663 776 2711 ἀρσένων
796 2665 844 2710 μή
891 2676 922 2699 οι

18 2745 19 2748 ,
56 2709 211 2758 [προθῄ
233 2713 336 2745 Dind.
373 2723 400 2745 c.
430 2710 570 2756 Elmsl.]
615 2713 781 2758 μέριμναν
817 2710 859 2744 14
885 2710 918 2744 0.

87 2774 93 2787 ι
110 2769 143 2791 e
160 2769 276 2790 curam
299 2769 327 2791 s.
356 2761 496 2800 impone.
542 2757 693 2805 ἔψαυσας
719 2757 917 2807 ἀλγεινοτά-

19 2819 23 2858 3
64 2850 66 2852 1
85 2804 250 2852 μερίμνας
267 2807 349 2838 Ant.
369 2803 439 2839 857
451 2817 496 2839 m.

76 2872 231 2921 ’ίμνάω
247 2876 398 2908 meditor.
436 2873 535 2923 ἔργον
554 2879 730 2923 μεριμνῶν
755 2878 868 2918 ποῖον,
895 2874 919 2922 ἢ
936 2852 938 2907 ί

111 2923 169 2955 οιι
187 2920 290 2956 1124.

60 2980 66 2986 .
80 2987 150 3071 ίιΐέ
159 3003 220 3047 η1μ
231 3004 253 3026 α
269 3002 361 3026 cura.
390 2991 562 3051 ἀνήκεστα
574 2987 806 3051 μεριμνῄματ’
824 2992 842 3027 ἔ
868 3005 916 3051 ων

56 3037 256 3119 .anss
270 3050 463 3120 .‘.²‘⁹12‘l‚².33’.3
477 3039 843 3133 ᾝἙέἓᾜλίῗηαξέὶῖἷὶ
868 3053 920 3119 Ξῖ

27 3204 30 3237 ,
73 3183 169 3237 ’πη
186 3201 221 3223 ιι.
241 3201 292 3232 pr.
338 3189 455 3237 μήτηρ
482 3190 520 3225 δὲ
545 3187 692 3237 Μερόπη
718 3189 830 3239 Δωρίς
863 3194 921 3226 OR

68 3240 203 3283 ’πης,
223 3235 382 3283 Πόλυβος
406 3237 449 3284 ἧς
467 3232 555 3285 ᾤκει
582 3237 667 3284 μέτα
691 3236 771 3272 990.
801 3258 842 3263 -
868 3241 920 3272 Βο

29 3308 31 3336 1,
76 3286 255 3317 ominum
271 3286 307 3316 in
326 3296 395 3331 οπη
413 3291 561 3327 constat,
589 3290 624 3318 et
647 3287 817 3328 praecepit
839 3287 916 3319 Arc.

29 3364 34 3427 'f
148 3399 241 3431 pars.
263 3389 277 3433 ΙΙ
293 3391 404 3423 Prima
428 3391 627 3431 significatio
649 3392 783 3424 videtur
812 3393 920 3432 partis

31 3447 35 3490 g
76 3466 82 3470 .
136 3436 243 3471 ndum
267 3446 367 3482 quam
391 3438 469 3481 quid
493 3438 666 3471 dividitur.
710 3437 759 3476 είς
784 3435 919 3477 ἀναιδὲς

4 383 22 420 [¹
49 387 107 411 ειν.
131 377 206 420 -11
226 377 357 409 Manere
370 387 431 418 per
447 376 581 418 aliquod
605 379 743 417 tempus.
789 376 840 407 De
866 375 924 407 ho·
959 372 1063 420 βορᾶς
1081 371 1185 420 μέρος
1201 373 1263 405 Pb.
1285 370 1365 405 308.
1390 390 1430 396 —
1450 373 1465 416 ΙΙ
1480 383 1579 414 pars,
1608 383 1708 414 quam
1725 375 1798 414 quis
1815 376 1903 414 capit
1920 375 1973 406 vel

959 423 1107 455 sortitur.
1141 419 1172 454 εί
1190 418 1359 466 δειμάτων
1378 418 1451 467 ἔχει
1469 418 1573 466 μέρος
1591 421 1649 452 OR
1665 417 1735 452 294
1782 423 1849 452 nisa·
1871 423 1974 462 plane

960 471 1092 501 terroris
1109 477 1222 508 expers
1239 471 1298 500 est.
1344 465 1435 505 ὅστις
1451 469 1513 501 τοῦ
1530 465 1675 505 πλέονος
1702 466 1827 513 μέρους
1849 461 1973 526 χρῄζει

959 515 1015 549 OG
1042 513 1129 548 1211
1158 516 1208 547 ch.
1255 512 1374 561 ἔχετον
1405 516 1520 548 κοινοῦ
1544 512 1695 548 θανάτου
1730 514 1832 559 μέρος
1866 527 1973 576 ‹tuffo›

959 564 1039 595 Ant.
1072 560 1137 595 147
1154 572 1208 594 an.
1238 559 1315 596 οὔτε
1340 573 1401 595 του
1425 560 1468 608 γά
1499 573 1538 595 ου
1567 560 1670 608 μέρος
1695 559 1870 608 λαγοῦσαν
1896 575 1974 598 ουτε

959 608 1113 644 παιδείου
1129 612 1260 656 τροφῆς
1279 606 1358 642 918.
1389 606 1456 643 ἕως
1494 607 1563 655 οἱβῃ
1582 603 1772 654 φροντίδων
1791 608 1895 655 μέρος
1914 613 1969 645 Tr.

961 654 1037 689 149.
1082 654 1215 702 τύμβου
1246 650 1406 703 πατρῴου
1440 656 1553 691 κοινὸν
1586 654 1739 704 εἰληχὼς
1781 655 1884 702 μέρος
1917 661 1969 692 El.

961 702 1061 737 1135.
1090 723 1132 728 —
1152 705 1166 746 ΙΙ
1184 705 1308 736 Affinis
1326 705 1526 744 significatio
1539 705 1687 744 partium
1705 707 1775 744 est,
1804 715 1885 746 quas
1902 709 1973 748 quis

957 753 1051 791 yerit.
1095 749 1138 784 τὰ
1155 745 1184 784 δ’
1206 749 1296 785 ἄλλα
1312 748 1450 798 πράξω,
1485 749 1549 785 κού
1576 753 1683 797 καμεῖ
1712 749 1842 796 τούμὸν
1868 752 1972 800 μέρος

958 799 1012 831 Τι’.
1036 796 1137 831 1215.
1167 800 1256 831 Hinc
1273 802 1325 830 est
1343 809 1426 830 usus
1443 799 1501 830 ille
1520 799 1732 838 adverbialis,
1754 801 1850 831 cuius
1869 803 1971 834 ratio-

959 856 1034 878 nem
1053 847 1160 888 aperit
1185 844 1314 891 τούμὸν
1332 844 1368 880 ἐν
1393 845 1529 892 σμικρῷ
1547 845 1652 892 μέρος
1687 844 1888 891 ποιούμενοι
1906 849 1968 881 Pb.

958 890 1037 925 498.
1066 894 1124 925 PA
1142 903 1192 934 pr.
1215 903 1258 925 m.
1281 898 1314 925 et
1332 893 1428 925 Suid.
1450 904 1480 925 v.
1504 891 1673 933 διάκονος,
1695 892 1829 939 μέρει.
1860 895 1972 928 Ceteri

956 941 1033 972 libri
1059 941 1151 974 Suid.
1182 951 1212 972 v.
1241 938 1361 978 στόλος
1380 939 1527 986 μέρος.
1580 941 1669 980 Quid
1695 941 1740 972 sit
1765 942 1966 985 elegantius,

958 998 1055 1020 nemo
1081 989 1236 1028 ambigat.
1275 1006 1317 1012 —
1352 986 1490 1022 πάντων
1518 986 1684 1034 ἐρήμους,
1709 985 1802 1046 πλην
1828 986 1908 1024 ὅσον
1932 989 1971 1024 τὸ

957 1034 1015 1068 σὸν
1035 1033 1138 1081 μέρος
1155 1035 1213 1066 ΟΒ.
1244 1032 1333 1067 1509
1367 1039 1528 1076 quantum
1545 1037 1580 1067 in
1597 1039 1628 1067 te
1644 1038 1702 1067 eat.
1748 1045 1812 1069 ουκ
1835 1034 1875 1070 ἂν
1893 1035 1915 1082 ἦ
1933 1036 1972 1071 τὸ

957 1081 1013 1116 σὸν
1034 1081 1137 1127 μέρος
1155 1083 1211 1115 OC
1231 1079 1331 1115 1366.
1369 1079 1460 1116 οὕτω
1477 1081 1541 1128 γὰρ
1558 1080 1627 1128 ἤδη
1642 1081 1700 1116 καὶ
1717 1081 1810 1116 δοκῶ
1823 1110 1830 1122 ,
1857 1083 1895 1118 τὸ
1913 1083 1971 1119 σὸν

959 1128 1062 1174 μέρος
1080 1131 1161 1161 Ant.
1186 1127 1285 1162 1062.
1325 1131 1416 1161 Libri
1445 1135 1576 1163 veteres
1593 1135 1628 1162 et
1646 1131 1749 1163 schol.
1765 1128 1829 1175 [sic
1845 1131 1968 1177 Dind]

956 1178 1182 1216 interrogandi
1217 1178 1312 1217 signo
1345 1178 1452 1218 posito
1485 1182 1560 1219 post
1590 1176 1694 1223 μέρος
1719 1179 1969 1218 frigidissimam

956 1225 1160 1256 sententiam
1177 1225 1320 1256 habent:
1357 1234 1433 1265 eryo
1449 1225 1581 1265 videor,
1615 1229 1777 1266 quantum
1802 1227 1838 1257 in
1862 1229 1893 1258 te
1909 1230 1967 1268 est,

956 1273 1041 1303 lueri
1062 1281 1164 1304 causa
1186 1273 1346 1304 mentiri?
1393 1272 1589 1304 Tricliniani
1622 1273 1755 1313 signum
1785 1274 1970 1314 interroga-

957 1319 1059 1350 tionis
1078 1328 1144 1350 non
1162 1319 1322 1362 habent„
1340 1329 1424 1360 quos
1442 1319 1558 1351 Herm.
1581 1329 1727 1361 sequens
1741 1346 1748 1360 ,
1784 1321 1881 1359 longe
1908 1331 1970 1353 ex—

957 1367 1167 1407 quisitiorem
1191 1375 1327 1398 sensum
1354 1367 1464 1398 elicit:
1501 1377 1580 1398 sane
1604 1368 1690 1399 lucri
1711 1377 1814 1399 causa
1839 1369 1967 1410 loquor,

957 1423 1148 1455 quanquam
1166 1415 1215 1445 tui
1227 1415 1359 1454 potius,
1382 1423 1477 1454 quam
1494 1416 1580 1453 mei5
1607 1415 1730 1455 quibus
1755 1418 1843 1447 tecte
1871 1425 1969 1457 prae-

955 1461 1084 1492 luditur
1100 1462 1259 1492 infaustis
1277 1459 1363 1503 illiss,
1393 1471 1476 1502 quas
1503 1473 1534 1493 v.
1559 1459 1648 1493 1065
1674 1463 1852 1503 expromit,
1873 1473 1971 1504 prae-

956 1508 1170 1540 dictionibus.
1224 1509 1277 1540 De
1294 1509 1347 1540 his
1367 1509 1601 1541 adverbialiter
1623 1510 1723 1541 dictis
1749 1512 1879 1552 copiose
1899 1512 1970 1551 egit

958 1555 995 1588 G.
1017 1556 1071 1588 Fr.
1093 1556 1207 1587 Herm.
1230 1556 1268 1587 ad
1290 1556 1428 1587 Lucian.
1450 1556 1491 1587 de
1509 1557 1587 1589 hist.
1609 1566 1734 1589 consor.
1751 1567 1784 1598 p.
1805 1555 1839 1590 8.

1028 1646 1064 1684 Μ
1076 1660 1091 1682 ε
1102 1647 1303 1695 σόμφαλο
1314 1662 1328 1687 ς
1345 1650 1387 1681 ab
1403 1651 1560 1682 umbilico
1574 1654 1679 1683 terrae
1695 1655 1785 1684 ortua
1796 1663 1806 1682 .·
1823 1649 1868 1685 τὰ
1884 1662 1970 1697 μεσ-

958 1695 1099 1743 όμφαλα
1115 1699 1176 1744 γᾶς
1195 1695 1325 1731 ἀπονοσ
1354 1696 1434 1736 ίζων
1453 1700 1599 1743 μαντεῖα
1619 1698 1677 1730 OR
1694 1696 1822 1731 480011.
1852 1700 1970 1732 Utitur

956 1745 1009 1777 bis
1028 1745 1124 1777 Eust.
1145 1755 1178 1786 p.
1202 1742 1280 1784 694,
1302 1742 1323 1776 2
1352 1770 1358 1776 .
1391 1742 1499 1786 1390,
1520 1743 1577 1777 44.
1630 1746 1792 1778 Vaticinia
1809 1747 1970 1788 Delphica

958 1797 1048 1832 sunt,
1065 1793 1123 1823 sed
1141 1793 1262 1823 mirum
1281 1802 1388 1832 genus
1406 1793 1551 1824 dicendi.
1582 1794 1619 1824 In
1639 1794 1813 1825 adiectivis
1823 1795 1968 1826 maxime

958 1841 1151 1881 compositis
1175 1849 1250 1871 cum
1275 1841 1496 1872 substantivis
1521 1841 1730 1881 colligandis,
1761 1850 1847 1881 quae
1873 1841 1968 1874 modo

957 1888 1010 1918 sui
1036 1887 1119 1918 iuris
1137 1891 1218 1918 sunt
1235 1890 1270 1918 et
1287 1897 1347 1927 per
1363 1897 1399 1918 se
1418 1888 1485 1919 sola
1509 1892 1681 1928 constant,
1709 1889 1803 1920 modo
1827 1891 1867 1921 ab
1894 1889 1968 1921 aliis

957 1935 1231 1975 suspenduntur,
1269 1936 1353 1965 mire
1377 1936 1582 1966 scenicorum
1606 1936 1761 1977 inprimis
1794 1940 1968 1976 poetarum

956 1982 1093 2013 licentia
1108 1982 1278 2013 luxuriata
1295 1985 1358 2013 est.
1396 1983 1447 2013 De
1465 1992 1529 2023 quo
1548 1983 1707 2024 loquendi
1730 1992 1870 2023 genere,
1891 1993 1967 2015 cum

957 2038 1067 2070 neque
1085 2030 1126 2060 ab
1143 2029 1387 2069 interpretibus
1406 2033 1556 2061 veterum
1575 2030 1804 2062 diversissima
1822 2031 1968 2063 miscen-

956 2077 1060 2116 tibus,
1080 2076 1301 2108 Valckenario
1318 2077 1359 2107 ad
1376 2077 1456 2108 Eur.
1479 2077 1604 2108 Phoen.
1627 2074 1708 2110 328.
1753 2076 1903 2110 Seidlero
1929 2079 1969 2110 ad

956 2123 1001 2155 ΙΤ
1019 2120 1053 2154 9.
1086 2123 1233 2155 Iacobsio
1257 2123 1298 2154 ad
1324 2123 1428 2155 Anth.
1458 2124 1529 2155 Pal.
1551 2128 1576 2155 t.
1597 2121 1629 2155 3.
1651 2134 1684 2164 p.
1708 2121 1785 2157 144.
1823 2126 1969 2166 Reisigio

957 2180 1065 2202 enarr.
1087 2170 1142 2202 OC
1158 2180 1191 2211 p.
1213 2166 1270 2210 99,
1301 2180 1412 2211 neque
1438 2182 1456 2202 a
1481 2172 1703 2211 grammaticis
1728 2172 1909 2204 Matthiaeo
1935 2176 1969 2204 et

958 2217 1172 2257 Bernhardyo
1200 2215 1250 2260 (p.
1272 2214 1352 2249 835.
1374 2214 1460 2261 427]
1492 2219 1695 2259 paucissima
1727 2223 1762 2250 et
1794 2220 1970 2252 notissima

958 2266 1292 2297 commemorantibus
1309 2265 1483 2296 materiam
1501 2266 1569 2297 ullo
1586 2267 1682 2298 modo
1699 2266 1897 2298 exhaustam
1916 2268 1969 2298 vi-

958 2312 1065 2352 deam,
1086 2312 1147 2344 hoc
1170 2313 1239 2344 loco
1264 2312 1436 2353 aliquanto
1461 2314 1646 2345 accuratius
1670 2313 1843 2346 disseram.
1892 2313 1968 2346 Pri-

957 2368 1050 2390 mum
1067 2360 1316 2400 simplicissima
1341 2369 1394 2391 res
1419 2362 1471 2391 est
1495 2363 1530 2391 et
1547 2371 1565 2391 a
1582 2361 1698 2392 multis
1723 2361 1966 2403 animadversa,

959 2406 1162 2438 adieetivum
1203 2407 1409 2438 substantivo
1441 2409 1568 2447 reyenti
1600 2408 1857 2449 accommodari,
1894 2419 1970 2441 cum

958 2462 1115 2493 suspenso
1131 2454 1244 2494 potius
1258 2457 1293 2485 et
1309 2457 1394 2485 recto
1411 2455 1599 2487 conveniat.
1640 2455 1768 2486 Tamen
1786 2455 1867 2487 haec
1884 2456 1970 2497 hyp-

958 2501 1064 2540 allage
1103 2501 1358 2541 exquisitiorem
1399 2501 1559 2541 figuratae
1598 2502 1755 2533 dictionis
1787 2503 1967 2542 imaginem

958 2548 1066 2579 affert.
1111 2547 1165 2580 Sic
1182 2548 1270 2579 dicta
1282 2550 1395 2585 νεῖκος
1414 2545 1546 2592 ἀνδρῶν
1563 2545 1724 2592 ξύναιμον
1752 2549 1853 2590 Soph.
1883 2550 1964 2581 Ant.

958 2592 1027 2626 794
1056 2594 1107 2626 ch.
1144 2593 1246 2631 κυνὸς
1268 2592 1446 2640 Λακαίνης
1472 2591 1601 2640 εὔρινος
1627 2593 1724 2640 βάσις
1749 2597 1804 2629 Ai.
1825 2594 1858 2628 8.
1903 2594 1968 2641 βα-

957 2638 1039 2675 θεῖα
1055 2638 1206 2674 κυλίκων
1223 2640 1340 2688 τέρψις
1360 2639 1449 2674 1200
1467 2643 1519 2674 eb.
1546 2643 1644 2682 longe
1661 2644 1752 2674 enim
1770 2644 1883 2675 minus
1900 2645 1970 2676 illic

956 2689 1165 2729 exquisitum
1191 2686 1406 2733 εει-βαθειᾶν
1430 2686 1581 2722 κυλίκων
1604 2688 1741 2736 τέρψιν,
1778 2700 1877 2731 quam
1903 2689 1967 2735 βα-

956 2732 1067 2769 θεῖαν.
1122 2733 1253 2780 μέλανα
1284 2734 1433 2780 στολμὸν
1466 2734 1608 2769 πέπλων
1643 2738 1725 2768 Eur.
1770 2737 1843 2768 Alc.
1881 2735 1963 2769 217.

955 2785 1085 2841 γηγενῆ
1105 2781 1179 2829 μοίχ
1205 2794 1223 2816 ν
1241 2781 1340 2828 δορός
1359 2783 1449 2822 Cycl.
1470 2780 1503 2814 5.
1540 2781 1694 2828 λέκτρων
1711 2782 1868 2830 ἁρπαγὰς
1885 2778 1967 2818 Ἑλ-

955 2828 1100 2874 ληνικας
1126 2831 1172 2861 IA
1214 2827 1302 2870 266,
1340 2831 1427 2871 quod
1460 2835 1643 2862 memoratu
1677 2832 1798 2863 ceteris
1831 2836 1967 2873 propter

955 2886 1076 2909 sensus
1093 2878 1347 2917 ambiguitatem
1365 2878 1522 2918 dignius:
1554 2877 1704 2909 audienti
1732 2879 1822 2909 enim
1849 2878 1967 2910 Graeci

953 2927 1099 2964 raptores
1115 2924 1320 2956 videbuntur
1336 2925 1413 2956 dici.
1457 2922 1700 2970 ταυρόμορφον
1726 2922 1825 2969 ὄμμα
1850 2920 1966 2972 Κηφι-

955 2972 1014 3004 σοῦ
1033 2969 1160 3015 πατρός
1179 2972 1249 3002 Ιοῐι.
1273 2967 1373 3002 1261.
1419 2967 1543 3005 Θάσιον
1561 2968 1655 3004 οἴνου
1675 2969 1836 3016 σταμνίον
1856 2973 1961 3004 Arist.

955 3019 1094 3056 Lysistr.
1127 3015 1204 3050 196.
1258 3019 1308 3049 De
1332 3018 1393 3049 hac
1416 3019 1577 3058 loquendi
1598 3020 1725 3050 ratione
1749 3020 1967 3051 observarunt

955 3066 1037 3096 Lob.
1058 3064 1098 3096 ad
1115 3065 1172 3096 Ai.
1191 3063 1226 3096 7.
1256 3065 1396 3097 Seidler.
1423 3066 1463 3096 ad
1488 3065 1570 3096 Eur.
1593 3066 1637 3096 ΙΤ
1655 3062 1688 3097 9.
1733 3065 1797 3097 Est
1821 3066 1880 3098 ubi
1906 3066 1965 3097 ad-

953 3113 1115 3143 iectivum
1132 3121 1207 3142 cum
1225 3115 1367 3152 utroque
1391 3113 1598 3144 substantivo
1624 3113 1783 3153 coniungi
1806 3114 1879 3144 sine
1904 3114 1964 3145 de-

954 3159 1112 3190 trimento
1139 3159 1330 3190 sententiae
1347 3159 1470 3199 possit,
1498 3160 1533 3190 in
1560 3168 1624 3199 quo
1640 3161 1860 3200 metonymice
1876 3161 1964 3199 figu-

954 3215 1022 3236 ram
1041 3206 1221 3237 consectati
1237 3208 1357 3246 poetae
1370 3209 1461 3237 sunt.
1504 3207 1612 3246 Igitur
1628 3210 1668 3237 ut
1684 3207 1872 3246 elegantius
1892 3208 1963 3238 Eu-

955 3253 1018 3293 rip.
1047 3253 1208 3293 praetulit
1240 3250 1463 3286 παιδοκτόνον
1493 3255 1597 3300 χεῖρα
1619 3251 1746 3299 πατρός
1779 3254 1823 3285 ΙΤ
1859 3251 1960 3295 1083,

956 3309 1031 3331 cum
1049 3308 1116 3330 non
1133 3299 1246 3331 minus
1264 3302 1354 3331 recte
1371 3300 1456 3331 ratio
1473 3303 1658 3340 constaret,
1679 3301 1708 3332 si
1726 3301 1869 3332 dixisset
1885 3311 1963 3333 παι-

956 3343 1118 3379 δοκτόνου
1135 3344 1275 3392 πατρός.
1297 3364 1339 3370 -
1358 3346 1486 3378 Deinde
1502 3347 1689 3388 aliquando,
1710 3350 1749 3378 ut
1766 3349 1866 3379 verba
1882 3357 1964 3388 poe-

954 3397 1065 3424 tarum
1075 3393 1274 3425 Graecorum
1289 3396 1401 3425 nostro
1417 3395 1500 3425 mori
1509 3394 1746 3434 accommodes,
1759 3394 1963 3426 adiectivum

954 3450 973 3472 a
989 3440 1199 3472 substantivo
1216 3441 1433 3481 compositum
1451 3443 1547 3482 quasi
1561 3441 1719 3473 divellere
1745 3445 1892 3483 oportet,
1926 3445 1965 3475 ut
