2288 3600
237 105 332 153 712

232 218 302 254 τόδ’
325 217 428 266 ἄγγος
455 216 526 252 ’ίσθι
544 222 646 276 σῶμα
669 214 845 251 τούκείνου
865 215 982 264 στέγον
1009 218 1063 251 El.
1085 214 1187 251 1118.
1216 216 1244 250 ὧ

236 261 322 313 σῶμ’
354 264 484 312 ἀτίμως
515 263 652 302 κάθεως
687 262 905 311 ἐφθαρμένον
940 262 1042 297 1181.
1087 262 1185 310 ε’ίπερ
1217 264 1246 310 γ’

234 309 392 361 Ὀρέστου
420 318 519 358 σῶμα
545 310 701 358 βαστάζω
725 309 803 345 τόδε
822 309 923 344 1216.
963 312 1034 344 Hoc
1052 313 1244 352 exemplum

234 363 321 394 viam
353 361 658 393 circumlocutionis
688 369 726 391 eo
756 360 892 391 nomine
921 359 1120 391 efficiendae
1149 368 1247 399 prae-

234 410 356 441 munit.
400 405 526 452 τούμὸν
553 404 719 451 ἐξάραντά
745 416 780 442 σε
814 410 915 451 σῶμα
947 407 1001 438 Tr.
1026 403 1127 438 1194.
1172 409 1245 443 πῶς

234 453 391 490 ὑπαίθων
418 448 506 499 σῶμ’
531 450 571 488 ἂν
599 446 709 499 ἰώμην
734 449 773 486 τὸ
799 451 858 487 σόν
886 450 988 485 1210.
1033 457 1134 498 σῶμα
1157 464 1246 497 τυμ-

236 502 352 548 βεῦσαι
367 501 467 547 τάφῳ
481 502 535 534 Ai.
552 486 652 533 1063.
680 497 745 534 κᾶν
760 504 860 545 σῶμα
872 499 1019 546 γεννήσῃ
1038 499 1125 546 μέγα
1141 497 1240 532 1077.

236 548 385 587 δυσειδὲς
404 553 504 593 σῶμα
519 547 578 581 καὶ
597 546 796 592 δυσώνυμον
815 548 931 580 Alead.
953 549 993 580 fr.
1014 544 1091 587 109,
1112 543 1146 579 9.
1166 548 1245 580 νοῦν

237 596 290 631 δεῖ
314 595 399 642 πρὸς
423 593 529 642 ἀνδρί,
557 599 658 639 σῶμα
682 592 879 632 πουλύπους
904 593 998 632 ὅπως
1016 593 1135 640 πέτρᾳ,
1163 605 1246 638 τρα-

237 642 361 678 πέσθαι
385 641 525 690 γνησίου
553 639 775 688 φρονήματος
799 642 910 683 Iphig.
932 643 972 673 fr.
993 639 1074 674 289.
1112 642 1184 673 Aut
1200 643 1248 673 sic

236 702 311 724 cum
329 692 472 723 Porsono
494 691 574 723 νοῦν
593 687 646 722 δεῖ
670 699 729 730 pro
754 687 824 722 νόει
849 690 1074 729 scribendum,
1096 692 1155 720 aut
1173 698 1248 720 cum

236 739 377 779 Bergkio
403 740 531 770 servato
554 734 623 770 νόει
647 737 877 776 corrigendum
903 739 1035 783 σχῆμα,
1073 739 1107 767 et
1123 736 1248 767 distin·-

236 786 408 826 guendum
424 787 503 827 post
518 785 553 816 id
569 784 780 824 vocabulum,
817 787 857 815 ut
882 793 900 815 σ
926 786 1003 829 ῆμα
1027 781 1247 828 προνήματος

237 834 492 873 coniungantur.
522 830 552 864 εἰ
569 834 670 875 σῶμα
688 828 822 871 δοῦλον,
839 828 906 864 ἀλλ
932 829 949 864 ὁ
967 832 1046 868 νοῦς
1065 827 1247 875 ἐλεύθερος

236 882 301 913 inc.
320 877 399 913 677.
429 879 502 918 Quo
518 888 623 911 sensu
641 876 830 911 ἀκόλαστον
850 881 952 922 σῶμα
968 879 1096 910 dictum
1114 879 1159 909 sit
1176 878 1242 908 inc.

236 929 277 960 fr.
298 924 378 967 817,
400 936 465 958 non
484 926 566 957 satis
583 926 708 957 clarum
725 928 788 959 est.
825 923 994 970 [Fortasse
1020 923 1128 970 στόμα
1145 925 1247 956 corri-
1285 932 1400 972 ἀστοῖς
1419 933 1494 968 ἀντὶ
1509 938 1571 979 τῆς
1596 932 1765 980 σωτηρίας
1784 936 1864 967 ΑΜ.
1889 932 1967 967 186.
1997 936 2049 967 De
2065 936 2236 967 sententia
2251 945 2271 967 G

236 975 383 1015 gendum
409 973 487 1015 est.]
532 973 731 1012 Elegantem
758 974 898 1013 figuram
924 973 1124 1004 elocutionis
1153 981 1248 1003 mon-

239 1025 322 1054 strat
339 1021 508 1053 sententia
526 1020 580 1052 Ε1.
601 1017 706 1052 758.:
737 1017 770 1053 ἐν
798 1017 921 1066 βραχεῖ
945 1017 1068 1066 χαλκῷ
1091 1017 1247 1065 μέγιστον

239 1073 339 1114 σῶμα
371 1064 522 1104 δειλαίας
552 1064 680 1100 σποδοῦ
710 1065 879 1113 φέρουσιν.
927 1068 1053 1099 Fictam
1082 1067 1249 1107 quandam

237 1116 420 1157 antiptosin
454 1114 706 1155 deprehendere
748 1115 812 1146 sibi
854 1115 917 1145 visi
958 1117 1039 1146 sunt
1079 1114 1181 1147 schol.
1215 1116 1249 1144 et

237 1164 397 1203 Brunck.,
425 1171 487 1194 nec
504 1162 626 1194 melius
645 1162 775 1194 Schaef.
796 1162 909 1201 iungit
936 1159 971 1195 ἐν
990 1159 1115 1208 βραχεῖ
1130 1158 1257 1207 χαλκῷ

237 1207 385 1247 δειλαίας
419 1207 560 1242 σποδοῦ.
613 1207 676 1241 Sed
710 1213 810 1253 σῶμα
842 1207 970 1242 σποδοῦ
1006 1206 1163 1254 μέγιστον
1198 1211 1250 1239 est

238 1261 339 1302 σῶμα
355 1254 512 1302 μέγιστον
530 1257 588 1289 νῦν
607 1252 784 1289 σποδωθὲν
802 1266 829 1288 s.
852 1254 978 1289 σποδοῦ
997 1253 1046 1288 ὄν.
1067 1273 1112 1279 —-
1137 1256 1191 1286 Vis
1215 1259 1250 1286 et

237 1304 432 1345 maym'tudo
449 1305 591 1344 corporis
609 1304 875 1343 adsignificatur:
913 1300 1023 1347 ὄνομα
1049 1301 1152 1348 μόνον
1179 1299 1250 1335 δεί-

239 1362 356 1389 σαντες
373 1361 379 1367 ·
408 1348 447 1384 οὐ
464 1348 528 1397 γὰρ
554 1348 596 1396 δὴ
614 1348 653 1384 τό
670 1361 707 1396 γε
726 1345 824 1395 σῶμ’,
854 1347 933 1383 οὐδὲ
957 1347 1067 1396 τᾶργα
1083 1348 1178 1395 τάμά
1194 1349 1249 1382 OC

237 1396 318 1431 266.
345 1399 416 1431 Nec
440 1399 481 1430 ad
505 1398 835 1430 circumlocutionem
860 1407 936 1429 cum
963 1398 1135 1429 Erfurdtio
1158 1398 1248 1428 refe-

237 1457 307 1479 ram
324 1446 409 1478 illud
431 1449 500 1478 τῶν
519 1438 547 1477 δ’
565 1442 787 1490 ὀρθουμένων
806 1442 905 1483 σώζει
925 1442 968 1477 τὰ
984 1442 1098 1478 πολλὰ
1115 1437 1251 1489 σώμαθ’

226 1491 262 1538 ἡ
285 1489 473 1540 πειθαρχία
494 1493 577 1524 Ant.
599 1489 678 1524 675.
716 1493 805 1533 Apta
831 1492 875 1523 sit
892 1492 1070 1533 explicatio
1093 1489 1172 1529 τοὺς
1191 1490 1251 1538 ὀρ-

238 1538 448 1586 θουμένουςι
477 1542 512 1572 at
536 1549 614 1571 vero
640 1540 677 1570 in
695 1539 858 1571 servanda
881 1549 942 1580 per
957 1540 1047 1571 bella
1072 1542 1107 1570 et
1123 1540 1251 1580 proelia

237 1589 469 1620 incolumitate
487 1590 522 1619 et
539 1588 647 1618 salute
664 1587 894 1627 percommode
921 1586 1066 1630 σώματα
1083 1583 1251 1625 σώζεσθαι

237 1636 409 1676 dicuntur,
441 1644 526 1676 quae
552 1634 791 1666 interimantur
817 1637 851 1665 et
877 1634 1071 1666 saucientur
1095 1634 1175 1666 sola.
1211 1651 1248 1657 —

236 1680 249 1727 Η
267 1683 381 1714 Talem
398 1682 738 1727 circumlocutionem,
769 1692 788 1713 a
805 1691 871 1722 qua
887 1690 930 1713 ne
947 1681 1087 1722 prosarii
1114 1681 1251 1722 quidem

238 1730 415 1771 scriptores
434 1729 686 1768 abstinuerunt,
707 1729 831 1760 rectius
852 1728 887 1759 in
906 1729 959 1760 his
977 1738 1134 1769 quaeras:
1165 1738 1251 1773 μαν-

238 1776 306 1810 τεῖ’
331 1774 463 1822 ἄγουσα
488 1773 601 1809 πάντα
689 1772 711 1808 ἃ
726 1769 822 1809 τοῦδ’
841 1772 1000 1822 ἐχρήσθη
1019 1775 1179 1821 σώματος
1198 1775 1253 1807 00

239 1820 319 1856 355.
350 1821 391 1857 ἰὼ
415 1821 513 1869 γοναὶ
538 1820 708 1868 σωμάτων
726 1821 805 1867 ἐμοὶ
829 1820 1001 1869 φιλτάτων
1019 1823 1074 1856 El.
1098 1819 1187 1854 1233
1206 1832 1248 1854 m.

240 1872 306 1903 Via
330 1874 366 1903 et
389 1871 474 1903 ratio
499 1871 573 1902 eius
598 1880 681 1902 usus
699 1871 889 1903 ostenditur
908 1867 1019 1902 1333:
1046 1868 1089 1914 ἦν
1115 1866 1154 1903 ἂν
1172 1867 1252 1915 ὗμιν

243 1916 279 1951 ἐν
305 1916 424 1963 δόμοις
447 1914 490 1950 τὰ
514 1912 656 1963 δρώμεν’
685 1914 782 1962 ὑμῶν
807 1913 955 1964 πρόσθεν
980 1914 1003 1962 ἢ
1030 1915 1073 1950 τὰ
1097 1917 1249 1962 σώματα.

243 1965 508 2004 Adsigniflcatur
531 1967 581 1996 vis
598 1968 632 1996 et
648 1964 746 1996 robur
762 1967 926 2005 corporis:
958 1962 1002 1997 τὰ
1024 1962 1087 2011 γὰρ
1111 1962 1255 2009 περισσὰ

242 2010 427 2057 κάνόνητα
448 2010 591 2056 σώματα
623 2009 756 2045 πίπτειν
772 2037 779 2044 .
796 2037 802 2044 .
820 2039 827 2045 .
845 2008 1063 2058 δυσπραξίαις
1095 2012 1149 2044 Ai.
1170 2009 1250 2043 758.

244 2061 374 2092 Rursus
405 2059 599 2100 infirmitas:
633 2057 760 2104 σμικρὰ
792 2057 923 2093 παλαιοὶ
963 2055 1090 2104 σώματ’
1123 2057 1256 2098 εὐνάζει

245 2104 334 2152 ῥοπή
359 2106 417 2139 OR
433 2102 514 2137 961.
559 2106 824 2146 Adsignificatur
848 2107 937 2138 salus
962 2107 1120 2138 universa
1148 2110 1183 2138 et
1200 2107 1254 2138 in-

244 2154 431 2186 columitas.
461 2150 593 2197 δρῶντα
616 2151 680 2199 γάρ
704 2164 753 2186 νιν
840 2157 958 2191 κακῶς
982 2150 1113 2198 εἴληφα
1129 2150 1255 2198 τούμὸν

246 2204 346 2246 σῶμα
364 2199 421 2233 σὺν
444 2198 484 2233 τέ
509 2211 527 2232 ν
578 2200 671 2244 κακῇ
694 2201 751 2233 OR
770 2198 851 2233 643.
872 2202 895 2232 i.
918 2211 948 2233 e.
970 2198 1044 2245 ἐμέ.
1090 2201 1256 2232 Notarunt

244 2248 317 2279 Erf.
339 2248 380 2279 ad
397 2210 578 2280 Ant-&7⁷5-
617 2247 720 2280 Seidl.
741 2248 784 2279 ad
801 2249 884 2280 Eur.
907 2248 1024 2280 Troad.
1044 2244 1125 2279 206.
1155 2250 1190 2279 et
1214 2248 1256 2279 de

245 2304 362 2336 prosae
387 2295 546 2326 orationis
576 2304 641 2326 usu
663 2295 819 2335 inprimis
845 2295 1032 2327 Lobeckius
1063 2295 1102 2326 ad
1128 2295 1251 2334 Phryn.

245 2351 279 2383 p.
300 2338 381 2374 378.
411 2358 452 2364 --
487 2340 502 2383 11
534 2342 586 2373 Ita
609 2341 650 2373 de
674 2342 799 2374 Cerberi
822 2345 969 2374 monstro
992 2342 1119 2374 dictum
1145 2345 1257 2373 exstat

246 2386 347 2434 σῶμά
362 2388 390 2421 τ’
408 2386 568 2422 ἀνικάτου
587 2385 695 2436 θηρός
711 2389 765 2422 OC
786 2386 877 2422 1568
893 2390 944 2422 ch.

317 2455 407 2496 Σῶς
424 2460 547 2490 salvus.
578 2459 782 2499 Legitimum
793 2460 834 2491 de
852 2460 990 2491 homine.
1020 2457 1058 2492 σὺ
1077 2454 1106 2491 δ’
1123 2458 1170 2493 ὢν
1189 2462 1257 2496 σῶς

246 2503 320 2539 ἴσθι
336 2505 392 2537 OG
406 2503 507 2538 1210.
528 2507 621 2537 Libri
639 2510 720 2539 σῶν.
741 2507 899 2547 Scaligeri
915 2508 1184 2539 emendationem
1203 2516 1256 2537 re—

247 2556 410 2594 ceperunt
426 2562 553 2585 omnes.
583 2554 633 2584 De
651 2553 742 2593 fonte
754 2564 764 2583 .-
790 2551 867 2599 τάχ’
884 2550 925 2587 ἂν
942 2551 1029 2591 ἴδοις
1047 2552 1151 2587 ποτὸν
1167 2564 1257 2599 κρη-

246 2601 356 2639 ναῖον,
384 2597 481 2644 εἵπερ
508 2597 577 2632 ἐστὶ
594 2603 662 2633 σῶν
687 2601 748 2632 Ph.
769 2598 826 2633 21.
854 2602 882 2632 εἰ
897 2604 1057 2641 perennat
1074 2601 1190 2633 adhuc.
1213 2619 1254 2624 —

248 2650 315 2678 σῶν
340 2657 377 2679 τε
403 2655 460 2686 pro
486 2644 596 2684 ζῶντα
619 2648 698 2679 olim
715 2648 906 2680 coniectura
922 2648 1092 2680 Schaeferi
1115 2649 1184 2679 fuit
1199 2646 1256 2691 (ad

248 2695 351 2733 Long.
380 2703 414 2734 p.
432 2690 533 2736 346.)
555 2694 595 2725 ad
621 2694 675 2725 Tr.
695 2691 776 2727 235.
820 2694 875 2727 Sic
892 2696 1011 2735 corrigi
1035 2705 1132 2736 posse
1150 2695 1257 2726 videri

247 2740 397 2772 diximus
414 2751 446 2771 v.
467 2737 546 2772 363.
570 2759 611 2764 —
628 2741 680 2773 De
696 2742 801 2773 forma
817 2746 851 2773 et
868 2745 1007 2774 accentu
1025 2742 1148 2785 (unum
1166 2743 1256 2774 enim

246 2788 283 2819 in
313 2798 362 2824 ως
389 2787 509 2818 exiens
538 2789 801 2827 monosyllabum
834 2789 1058 2821 masculinum
1090 2790 1256 2821 inflexum

248 2832 328 2877 est),
357 2845 388 2865 v.
410 2833 510 2866 schol.
531 2835 570 2866 Il.
592 2845 608 2866 ε
625 2831 706 2876 887,
734 2845 819 2876 quae
844 2836 935 2868 haud
959 2836 1060 2868 dubie
1076 2837 1257 2868 Herodiani

247 2883 362 2913 contra
385 2880 621 2925 Ptolemaeum„
636 2883 862 2914 Ascalonitam
886 2883 1071 2924 disputatio
1089 2883 1252 2915 habenda.

248 2927 345 2959 Hanc
369 2928 405 2959 in
431 2929 664 2969 compendium
681 2929 812 2969 redegit
829 2930 891 2961 EM
910 2940 944 2971 p.
965 2927 1046 2971 413,
1067 2927 1124 2963 39.
1153 2931 1252 2962 Eust.

248 2985 282 3015 p.
303 2971 359 3014 63,
382 2972 414 3006 5.
443 2971 523 3012 482,
542 2971 596 3006 19.
626 2972 706 3015 618,
726 2973 779 3007 11.
809 2973 889 3017 959,
907 2974 940 3008 9.
968 2977 1110 3011 Phavor.
1126 2974 1252 3018 p.413.

247 3021 351 3054 Dind.
372 3020 619 3061 Cf.G0ettling.
640 3022 682 3054 ad
696 3022 857 3055 Theodos.
877 3034 911 3065 p.
924 3020 1005 3056 227.
1032 3024 1145 3066 Poppo
1163 3025 1257 3056 Thu-

248 3068 322 3107 cyd.
349 3068 414 3100 vol.
438 3065 470 3099 1.
496 3078 531 3109 p.
550 3065 630 3102 225.
661 3066 720 3113 [cf.
741 3070 824 3102 Lob.
851 3070 978 3103 Pathol.
1002 3068 1032 3102 1.
1062 3081 1095 3112 p.
1117 3068 1183 3103 301
1202 3081 1252 3112 sq.

247 3111 282 3147 2.
307 3124 342 3156 p.
362 3111 439 3159 65.]
955 3115 1006 3161 (ΙΙ
1024 3128 1058 3159 p.
1078 3115 1158 3159 778,
1183 3115 1258 3161 15.)

319 3179 473 3230 Σωτήρ
497 3186 681 3226 sospitator,
708 3189 824 3219 auctor
846 3188 974 3220 salutis.
1011 3189 1169 3233 σωτῆρας
1195 3184 1258 3220 αὐ-

247 3229 329 3269 τοὺς
351 3228 440 3271 (τοὺς
457 3227 575 3275 θεοὺς)
589 3229 714 3276 ἠπίους
731 3229 762 3266 θ’
778 3230 863 3279 ἡμῖν
883 3231 1004 3278 μολεῖν
1028 3234 1090 3267 Ph.
1110 3231 1191 3266 737.
1220 3232 1257 3267 σὲ

247 3279 308 3312 νῦν
327 3275 389 3336 μὲν
405 3274 468 3358 ῇδῖε
486 3279 530 3324 γῆ
549 3274 822 3360 σωτῇραόκλῄζει
839 3281 897 3313 OR
905 3278 961 3339 48.
991 3277 1122 3360 Φ105ἴ(β)ον
1130 3278 1168 3338 *δ’
1185 3277 1259 3338 ἅμα

250 3321 416 3416 Ξΐῶηἰὲθ
424 3335 639 3418 πρῖἒῗὲτῖΐῑ
650 3336 1005 3419 σῖυὲηῗζαπῗὲσᾷηοὲξῖξ
1024 3325 1258 3421 4523&ssss}ss

1050 100 1155 155 Σῶς
1182 128 1243 136 --
1271 99 1479 166 Σώφρων

1966 109 2014 156 [11
2031 121 2064 152 p.
2082 107 2255 144 777-775
2286 76 2288 105 ἒ

1283 213 1362 249 304.
1393 217 1454 250 σοῦ
1481 213 1519 250 δὲ
1543 215 1659 263 σωτήρ
1681 228 1718 263 γε
1740 215 1791 262 τῷ
1807 214 1873 250 τότ’
1899 214 1934 250 ἐν
1978 213 2064 262 ρόνῳ
2083 214 2185 250 1030.
2211 215 2256 264 τῇ

1283 262 1345 309 μὲν
1370 261 1469 297 πόλει
1494 262 1599 310 μέγαν
1625 260 1750 310 σωτῆρ’
1782 261 1923 311 ἀρεῖσθε
1985 264 2010 297 C
2027 261 2107 296 461.
2149 262 2223 298 ἐπεὶ
2255 264 2258 291 ί

1281 308 1385 356 τῆσδε
1401 312 1467 357 γ”ς
1483 313 1623 357 σωτῆρα
1641 310 1762 345 σαυτὸν
1836 308 2064 356 ἐπεμβάλλεις
2081 308 2161 346 464.
2181 311 2210 345 ὦ
2228 323 2260 356 με

1282 356 1427 395 νοςσωτ
1456 368 1473 402 ρ
1492 355 1606 403 δόμων
1633 352 1889 404 Ἀγαμέμνονος
1906 359 1958 390 El.
1982 355 2082 391 1354.
2118 359 2261 391 Praeter·

1282 409 1416 446 propter
1433 406 1634 445 singularem
1650 407 1824 438 verborum
1842 406 2032 437 iuncturam
2049 406 2150 447 paulo
2166 415 2262 438 mem«

1282 453 1436 484 rabiliora
1454 456 1534 484 suut
1550 453 1615 484 duo
1633 453 1799 494 exempla.
1836 449 2000 497 Νύμφαις
2026 450 2172 486 ἁλίαισιν
2190 450 2263 486 ἐπει

1283 496 1422 543 ξάμενοι
1437 497 1557 532 νόστου
1577 502 1734 546 σωτῆρας
1753 497 1887 533 ἱκέσθαι
1901 500 1962 531 Ph.
1978 496 2067 532 1470
2076 509 2131 533 an.
2152 503 2186 532 et
2194 500 2264 539 long

1284 547 1444 578 audacius
1469 547 1613 586 dictum,
1650 548 1776 588 quippe
1801 548 1836 578 in
1861 556 1929 578 una
1947 548 2117 578 sententia
2142 547 2265 587 colliga*

1284 594 1468 625 masculino
1485 597 1520 625 et
1538 595 1701 625 feminino
1719 592 1748 626 εἰ
1772 591 1836 639 γὰρ
1863 591 1897 626 ἐν
1914 591 2004 640 τύγῃ
2029 591 2068 640 γέ
2091 605 2140 638 τῳ
2167 596 2260 639 σωτῆ

1283 637 1363 686 βαίη
1389 640 1446 672 OR
1462 637 1520 673 81.
1558 641 1644 672 Eius
1667 641 1896 682 imparilitatis
1921 634 2094 673 admonuit
2118 641 2267 674 Hemste;

1284 688 1359 720 hus.
1380 688 1421 719 ad
1439 689 1519 719 Luc.
1542 688 1619 720 dial.
1641 688 1731 720 deor.
1751 691 1777 721 t.
1797 685 1830 720 2.
1852 698 1885 729 p.
1907 685 1972 720 341
1991 689 2085 730 Bip.,
2112 691 2267 720 exsecuti

1283 739 1334 767 est
1351 735 1433 767 Lob.
1454 735 1496 766 ad
1513 735 1567 766 Ai.
1590 732 1669 767 323.

1355 789 1567 838 Σωτηρία
1598 795 1699 826 salus.
1750 791 1812 839 ζῆν
1860 792 1974 838 ὥσπερ
2014 790 2084 839 ἤδη
2115 791 2175 841 ζῇς
2215 790 2270 827 ἅνε

1285 838 1454 888 σωτηρίας
1479 841 1540 873 Ph.
1561 837 1662 873 1396.
1707 837 1741 879 ἐξ
1765 838 1783 873 ὺ
1815 844 1862 873 ῶν
1887 838 1966 884 ἐμοὶ
1991 838 2134 886 φαίνοιτ’
2159 836 2199 874 ἂν
2224 837 2270 884 ἥδ

1283 886 1392 934 τέρμα
1415 890 1477 933 τῆς
1496 885 1667 932 σωτηρίας
1689 888 1743 920 OC
1763 886 1783 919 7
1808 886 1840 919 5.
1869 885 1956 933 ἄτην
1979 886 2069 932 ὁρῶν
2097 886 2271 935 στείχουσα

1285 983 1459 1015 Muetzell.
1504 983 1546 1014 de
1580 992 1644 1014 em.
1684 983 1809 1023 Theog.
1839 982 1979 1014 Hesiod.
2008 993 2040 1024 p.
2073 979 2151 1014 118.
2188 979 2273 1015 πάντ

1284 1026 1382 1064 ταῦθ’
1406 1027 1503 1074 ἥσσω
1528 1027 1646 1075 λαβεῖν
1674 1027 1754 1074 ἐμοὶ
1782 1028 1914 1075 πέφυκε
1938 1032 2002 1076 τῆς
2020 1027 2109 1074 ἐμῆς
2128 1039 2221 1075 σωτη
2246 1027 2274 1063 ίο

1286 1073 1366 1109 440.
1420 1074 1589 1122 σωτηρίαν
1624 1074 1748 1123 ἔχοντα
1780 1071 1864 1110 τόνδ’
1903 1075 2064 1110 ἐπίστασο
2097 1077 2152 1108 Ai.
2192 1074 2208 1109 1
2236 1071 2274 1109 8(

1287 1121 1449 1170 ἁμαρτίαι
1466 1121 1657 1169 σφάλλουσι
1682 1123 1745 1170 τὴν
1764 1121 1934 1170 σωτηρίαν
1960 1118 2078 1166 Eripli.
2099 1124 2140 1156 fr.
2160 1120 2240 1165 204,
2261 1120 2274 1156 ἒ

1356 1179 1590 1229 Σωτήριος
1614 1182 1781 1222 salutifer.
1819 1175 1897 1230 τοίγ’
1926 1178 1966 1216 ἂν
1992 1177 2162 1228 γενοίμεθ’
2193 1179 2276 1216 αὐτο

1287 1228 1346 1263 σὺν
1365 1227 1437 1275 θεῷ
1454 1228 1617 1275 σωτήριοι
1642 1230 1695 1262 Ai.
1717 1226 1797 1262 779.
1826 1227 1862 1263 ἐν
1878 1224 1926 1262 ’δὲ
1950 1228 2000 1275 τῷ
2018 1227 2130 1275 λέγειν
2151 1225 2227 1263 κάκ’
2255 1226 2277 1263 ἃ

1285 1275 1405 1322 λάβοις
1422 1275 1466 1310 τὰ
1482 1274 1608 1311 πλείον’
1627 1273 1643 1286 ”“
1668 1275 1821 1322 σωτήρια
1837 1277 1892 1309 OC
1903 1272 1983 1309 796.
2010 1274 2169 1310 τάκείνου
2189 1274 2227 1310 δέ
2245 1286 2278 1310 σι

1287 1319 1419 1370 σωτήρι’
1442 1322 1530 1371 ἔρρει
1548 1325 1601 1356 ΕΙ.
1618 1288 1698 1356 9125.
1726 1325 1819 1355 salus
1837 1326 1938 1363 illius,
1966 1326 2036 1356 vita
2053 1323 2207 1364 deperiit5
2226 1328 2279 1356 me

1286 1375 1460 1404 morantur
1477 1381 1536 1412 pro
1553 1373 1624 1404 vita
1642 1374 1676 1403 et
1693 1372 1801 1403 salute
1818 1371 2007 1411 gignendae
2023 1371 2157 1405 idonea.
2194 1371 2278 1404 Geni

1286 1420 1394 1451 tivum
1423 1420 1546 1451 obiecti
1570 1422 1610 1451 ut
1632 1419 1655 1451 1.
1677 1429 1704 1451 c.
1727 1422 1761 1450 et
1787 1419 1841 1451 Ai.
1865 1415 1943 1450 779.
1972 1419 2047 1450 eius
2072 1418 2280 1455 inclinationi

1286 1467 1463 1498 adiectivis
1489 1468 1592 1499 etiam
1617 1467 1692 1498 aliis
1711 1464 1811 1508 Soph.
1833 1466 1971 1505 adiungi
1989 1466 2107 1506 voluit,
2136 1475 2168 1498 ν.
2189 1462 2279 1511 λυτή

1288 1524 1370 1559 ριος.
1392 1532 1434 1537 -
1454 1514 1544 1546 Hinc
1560 1513 1695 1545 deorum
1716 1516 1967 1553 coynomemum
1983 1516 2041 1545 est.
2078 1509 2159 1550 Διὸς
2185 1511 2288 1559 σωτηιζ

1288 1558 1361 1605 ρίου
1380 1559 1510 1606 σπονδὴ
1528 1559 1642 1606 τρίτου
1660 1563 1832 1605 κρατῆρος
1850 1560 1971 1600 Naupl.
1987 1561 2029 1592 fr.
2050 1557 2130 1600 375,
2153 1557 2184 1600 1,
2213 1562 2288 1600 quon]

1287 1609 1435 1640 illustrat
1460 1609 1561 1640 schol.
1591 1608 1690 1640 Piud.
1710 1608 1828 1640 Isthm.
1849 1604 1882 1647 5,
1905 1604 1960 1638 10.
1989 1605 2040 1651 [et
2065 1607 2166 1639 schol.
2187 1607 2288 1641 Platm

1288 1655 1342 1687 nis
1359 1666 1393 1696 p.
1415 1652 1472 1687 43.
1501 1656 1552 1687 ed.
1576 1652 1753 1698 Siebenk.]
1779 1652 1999 1700 μηλοσφαγεῖ
2022 1652 2150 1688 θεοῖσιν
2176 1651 2288 1699 ἔμμηππ

1290 1700 1363 1748 ἱερὰ
1379 1704 1453 1739 τοῖς
1472 1713 1564 1748 σωτη
1589 1700 1651 1739 ίοις
1669 1703 1723 1734 El.
1736 1699 1818 1735 281.
1836 1719 1877 1725 --
1897 1702 1963 1735 Sed
1979 1703 2109 1733 salvum
2125 1701 2288 1738 manifest-

1289 1751 1454 1789 significat
1487 1750 1541 1782 OC
1583 1747 1628 1782 87
1646 1760 1653 1779 :
1688 1746 1850 1796 δέχεσθαι
1876 1747 1934 1782 τὸν
1970 1747 2085 1794 ἱκέτην
2119 1746 2285 1793 σωτήριον

1289 1798 1409 1829 Bothio
1435 1797 1573 1838 quidem
1598 1801 1632 1828 et
1657 1797 1804 1836 Reisigio
1830 1797 1936 1828 active
1962 1796 2028 1828 dici
2053 1795 2205 1836 videtur,
2243 1802 2286 1828 se·

1289 1845 1430 1876 minime
1455 1848 1546 1876 recte
1573 1844 1798 1884 respiceretur
1822 1843 1864 1875 ad
1886 1844 1972 1875 illud
1997 1842 2086 1884 quod
2114 1842 2198 1875 Oed.
2226 1848 2287 1882 sqq

1291 1892 1434 1925 salutem
1461 1894 1570 1923 terrae
1596 1892 1731 1923 Atticae
1757 1891 1876 1922 afferre
1901 1891 2033 1922 dixerat
2058 1900 2091 1921 v,
2111 1886 2198 1929 4603
2227 1890 2287 1929 eia}

1291 1940 1382 1971 enim
1398 1940 1557 1971 beneficii
1582 1941 1617 1970 in
1635 1939 1781 1979 supplici
1799 1939 1936 1970 deorum
1952 1938 2146 1978 precatione
2162 1935 2288 1975 mentio,

1291 1995 1368 2017 nem
1387 1987 1460 2017 fleri
1477 1987 1517 2018 ab
1534 1996 1569 2018 re
1587 1988 1651 2018 est.
1679 1987 1757 2017 Iure
1776 1989 1888 2017 tamen
1907 1984 2169 2025 significationis
2193 1981 2288 2025 inu}

1290 2036 1380 2065 tatae
1398 2034 1610 2065 fideiussores
1628 2033 1770 2074 requirit
1783 2033 1983 2071 Elmsleius3
2014 2032 2068 2063 cui
2086 2040 2170 2072 quae
2182 2027 2288 2071 Herfi

1292 2081 1430 2122 opponit
1447 2081 1569 2112 Aesch.
1591 2081 1653 2121 Ag.
1675 2077 1755 2111 655.
1776 2079 1923 2121 Ghoeph.
1944 2076 2025 2119 234,
2053 2082 2092 2110 ut
2110 2088 2195 2119 quae
2212 2077 2288 2122 eali}

1293 2130 1356 2159 tem
1373 2129 1555 2168 spectantia
1581 2138 1647 2159 uon
1671 2128 1764 2158 salva
1783 2127 1992 2165 significent,
2021 2135 2087 2158 non
2106 2126 2229 2157 rectius
2245 2122 2288 2175 aff

1293 2176 1463 2206 vocaveris
1480 2185 1579 2216 quam
1598 2175 1699 2216 Soph.
1720 2175 1773 2206 El.
1794 2171 1874 2206 925.
2006 2171 2055 2216 (ΙΙ
2072 2183 2106 2214 p.
2123 2168 2202 2212 779,
2225 2167 2288 2216 125;·

1365 2229 1391 2266 Σ
1402 2246 1430 2266 ω
1441 2243 1465 2279 φ
1477 2244 1520 2278 ρο
1530 2231 1614 2266 νέω
1638 2232 1652 2274 ΙΙ
1672 2232 1830 2273 prudenti
1853 2234 1885 2263 et
1899 2231 2044 2264 modesto
2061 2232 2197 2263 consilio
2212 2231 2288 2268 uto!

1295 2279 1329 2313 ἐν
1347 2278 1405 2313 οὖν
1422 2278 1589 2317 τοιούτοις
1607 2277 1684 2313 οὔτε
1703 2281 1892 2325 σωφρονεῖν
1910 2273 1979 2312 οὔτ’
1996 2276 2071 2311 εὐσε
2096 2281 2146 2311 εῖν
2163 2275 2288 2323 nepaes

1294 2328 1347 2360 El.
1364 2324 1443 2359 308.
1472 2325 1503 2360 εί
1528 2326 1778 2372 σωφρονήσεις,
1805 2323 1938 2370 δράσεις
1962 2323 2042 2358 τάδε
2090 2322 2146 2357 65.
2168 2334 2243 2370 σωφ

1293 2376 1363 2407 νεῖν
1392 2372 1498 2407 καλόν
1523 2375 1576 2406 Αἰ.
1599 2371 1678 2407 586.
1699 2377 1773 2411 πῶς
1791 2371 1830 2406 οὐ
1847 2370 2074 2418 γνωσόμεσθα
2091 2330 2288 2417 &nepo-aeg}

1294 2419 1374 2453 677.
1403 2419 1468 2454 εἴθ’
1485 2419 1564 2466 ὗμιν
1583 2419 1714 2468 ἀμφοῖν
1739 2422 1819 2458 νοῦς
1835 2419 1965 2465 γένοιτο
1992 2421 2180 2466 σωφρονεῖν
2199 2408 2288 2468 12θξ

1294 2467 1384 2506 ὅστις
1403 2471 1591 2515 σωφρονεῖν
1611 2466 1785 2501 ἐπίσταται
1802 2468 1860 2500 OR
1877 2465 1956 2500 589.
1979 2485 2022 2491 —
2038 2467 2053 2509 ΙΙ
2069 2476 2182 2507 sapere
2198 2468 2234 2498 et
2261 2467 2263 2469 '

1292 2517 1459 2595 εἰρὶδῖἒηερ
1490 2513 1734 2562 ἐσωφρόνησας
1756 2516 1817 2547 Ph.
1840 2511 1942 2547 1259.
1977 2512 2017 2547 οὐ
2047 2511 2259 2560 σωφρονήσει
2283 2555 2288 2559 .

1294 2563 1347 2594 Ai.
1415 2570 1435 2595 o
1465 2588 1471 2594 .
2263 2574 2266 2579 ·

1365 2606 1614 2655 Σωφρόνως
1631 2609 1784 2641 modeste.
1821 2603 1887 2641 οὔτ’
1923 2606 1963 2642 ἂν
1998 2605 2138 2654 στρατός
2166 2617 2205 2652 γε
2233 2614 2262 2653 e¹

1294 2655 1428 2703 φρόνως
1445 2652 1573 2703 ἄρχοιτ
1596 2655 1645 2690 ἔτι
1663 2657 1716 2690 Ai.
1739 2653 1840 2688 1075.

1365 2712 1556 2762 Σώφρων
1575 2716 1726 2755 sapiens;
1761 2715 1906 2745 maxime
1931 2717 1969 2745 ut
1993 2714 2115 2753 animi,
2143 2712 2178 2744 di

1292 2764 1323 2794 et
1347 2762 1515 2802 factorum
1532 2765 1690 2802 spectetur
1713 2761 1884 2792 modestia.
1914 2758 1984 2794 οὐδ’
2010 2757 2050 2794 ἂν
2076 2757 2127 2800 σύ,
2157 2758 2260 2804 σώφρ

1292 2807 1495 2890 ἶξέὖσατξῗὲ
1513 2806 1765 2901 Βῖἷςοὲἒῗςσῗ
1782 2805 2062 2900 ἷῗῗξοὲῗςέἔὲξ
2085 2804 2262 2886 &uffa

1292 2902 1326 2938 ἐν
1344 2896 1366 2949 ᾗ
1384 2901 1428 2936 τὰ
1453 2868 1648 2948 μὲνφδίκαια
1671 2900 1729 2936 καὶ
1752 2866 1794 2935 foi
1813 2902 1973 2948 σώφρονα
1996 2899 2126 2946 λοίγδην
2148 2899 2250 2933 πατεῖ

1293 2953 1334 2983 fr.
1356 2951 1498 2983 Phaedr.
1519 2948 1599 2990 606,
1619 2947 1653 2981 2.
1694 2946 1784 2983 οὕτω
1810 2947 1968 2994 γυναικὸς
1995 2946 2094 2982 οὐδὲν
2119 2944 2160 2980 ἂν
2186 2946 2244 2990 μεῖ
2273 2983 2277 2987 .

1292 2996 1400 3031 κακὸν
1417 2999 1530 3044 κακῆς
1548 2995 1634 3042 ἀνὴρ
1651 2991 1799 3042 κτήσαιτ’
1817 2993 1868 3036 ἄν,
1898 2993 1979 3028 οὐδὲ
1995 2995 2172 3040 σώφρονος
2188 2985 2288 3075 xpel}

1295 3055 1351 3078 σον
1370 3042 1450 3084 608,
1471 3041 1504 3078 2.
1543 3042 1728 3090 σωφρόνων
1753 3041 1886 3088 ἀνδρῶν
1912 3040 2011 3079 πόλις
2036 3043 2102 3074 inc.
2131 3036 2200 3072 674
2212 3040 2282 3090 ἰὴ,Ἴ

1294 3092 1349 3125 Sic
1370 3095 1460 3124 recte
1486 3093 1629 3124 correxit
1653 3093 1718 3122 inc.
1747 3087 1828 3131 705,
1849 3087 1882 3122 2.
1920 3090 2024 3122 Piers.
2053 3089 2094 3120 ad
2110 3087 2254 3120 Moerin.

1295 3136 1358 3171 181
1374 3132 1497 3184 ι’ὕβρις
1511 3136 1549 3171 δέ
1560 3149 1612 3171 τοι
1627 3132 1800 3171 οὐπώποθ’
1848 3135 1911 3182 βης
1925 3134 1973 3173 εἰς
1989 3134 2028 3169 τὸ
2042 3139 2179 3181 σῶφρον
2192 3130 2257 3167 lue*

1294 3195 1371 3218 cum
1394 3186 1564 3226 legeretur
1586 3196 1638 3226 ap.
1664 3185 1728 3216 ΕΜ
1749 3195 1781 3225 p.
1804 3181 1825 3215 6
1854 3182 1869 3215 1
1895 3187 1980 3215 extr.
2007 3181 2135 3227 ἡβήσει
2155 3179 2203 3226 τῷ
2242 3215 2244 3219 ‚
2269 3223 2272 3227 γ

1295 3243 1403 3279 φρονι.
1419 3251 1460 3256 -
1479 3232 1670 3274 Aliquando
1688 3235 1799 3263 autem
1817 3232 1936 3262 mentis
1953 3233 1983 3261 et
2001 3226 2206 3269 intelligendi

1295 3281 1407 3312 dentia
1434 3280 1653 3320 significatur.
1693 3277 1731 3311 τὸ
1759 3276 1822 3323 γὰρ
1852 3277 2005 3310 νοσοῦντι
2034 3274 2153 3321 ληρεῖν
2182 3270 2263 3308 ἀνό’

1293 3325 1373 3373 οὐχὶ
1402 3325 1578 3373 σώφρονος
1607 3327 1661 3358 Tr.
1690 3322 1770 3357 435.
1807 3322 1870 3358 οὐκ
1899 3320 2012 3358 ἐνθάδ’
2039 3321 2072 3357 οἱ
2098 3320 2182 3356 πλοῖ
2211 3329 2254 3354 το

1295 3374 1464 3421 σώφροσιν
1484 3372 1616 3419 βροτῶν
1635 3373 1694 3404 Ph.
1717 3369 1796 3404 304.
