2288 3600
238 140 338 190 310
943 130 955 148 ‘
967 136 1282 204 Ηνιοστρόφος

236 257 338 315 κακῷ
387 261 536 313 ειμῶνος
561 254 673 313 ε’ίγετο
701 253 800 288 1144.
830 254 935 310 ἡνίκα
959 252 1124 312 ἐρρύσατο
1154 251 1253 287 1273.
1283 262 1285 266 ’

236 303 317 350 ήνίκ
353 267 396 397 {v
427 315 538 350 μισειν
563 297 670 337 καλον
703 300 805 336 1347.
841 301 926 350 ἡνίχ
967 313 1093 348 ικομην
1120 302 1176 334 ΕΙ.
1197 298 1253 334 32.

236 350 328 400 ἡνίχ’
386 350 452 397 λίῳ
486 350 635 385 δείκνυσι
666 347 791 394 τοῦναρ
817 347 887 382 424
913 351 1001 392 quod
1029 355 1082 382 est
1097 358 1257 391 praesens

235 401 445 432 historicum.
466 396 555 443 ἡνίκ’
572 396 707 432 ὤλλυτο
721 394 802 430 927.
818 399 877 431 νῦν
893 395 921 430 δ’
937 393 1024 442 ἡνίκ’
1042 393 1153 430 οὐκέτ’
1167 395 1257 430 ἔστιν

238 444 318 480 954.
339 440 430 492 ἡνίκ’
447 444 527 489 ἧσθ’
545 443 616 480 ἄνω
638 442 739 477 1167.
763 463 803 469 -
823 445 838 487 ΙΙ
856 445 943 478 Cum
960 446 1106 485 optativo
1124 445 1206 476 alias
1223 448 1258 476 et

236 496 273 526 in
299 504 334 526 re
352 494 431 526 olim
455 494 590 535 saepius
614 494 756 533 iterata,
784 493 872 534 quod
890 502 996 532 genus
1014 503 1033 523 a
1051 491 1152 532 Soph.
1173 492 1257 523 alie-

237 552 332 582 num,
362 544 396 574 et
418 541 454 572 in
478 541 627 573 oratione
652 541 788 580 obliqua
813 540 925 572 addito
949 537 989 573 ἄν
1015 540 1151 579 dicitur,
1181 549 1258 570 cum

236 593 326 621 recta
352 589 499 620 oratione
525 591 662 620 utentes
689 582 779 632 ἡνίκ’
802 585 842 620 ἄν
860 597 936 619 cum
965 587 1178 618 coniunctivo
1195 596 1255 627 po·-

237 637 336 668 situri
354 639 480 668 essent.
509 633 634 682 χρόνον
654 633 824 680 προτάξας
850 634 898 671 ὡς
922 632 1088 680 τρίμηνον
1107 630 1197 678 ἡνίκ’
1216 630 1256 666 ἂν

241 681 359 763 [ἓνίκα
376 683 480 715 Dind.
503 693 530 714 c.
553 680 706 727 Dawes]
732 679 836 727 ἀπείη
853 679 1049 718 κάνιαύσιος
1068 678 1178 725 βεβώς
1197 681 1253 713 Tr.

241 729 255 762 1
286 727 306 763 3
340 741 371 761 v.
392 730 509 763 Herm.
538 722 604 763 ”Αν
634 730 736 761 etiam
760 730 950 770 omittitur,
986 732 1025 760 ut
1051 729 1087 759 in
1110 729 1257 760 oratione

235 782 336 810 recta.
385 774 482 823 εἷρπε
512 774 592 810 ὅθεν
621 774 769 823 εὐμάρει’
799 774 966 829 ὑπάρχοι,
1005 773 1131 821 πόρον,
1170 769 1258 808 ἁνίκ’

237 822 369 870 ἐξανείη
404 821 602 869 δακέθυμος
628 821 694 857 ἄτα
723 824 784 856 Ph.
813 821 881 856 705
906 834 950 855 m.
980 824 1074 855 Libri
1108 821 1258 868 ἐξανίησι

236 873 324 914 quod
341 883 359 904 a
376 882 478 904 sensu
497 872 647 903 alienum
665 869 790 915 [ἐξανει
803 888 812 897 ·
830 881 889 917 ησι
906 872 966 903 LA
984 880 1049 911 pr..
1072 871 1212 902 fortasse
1236 867 1256 902 λ

236 924 314 952 ante
339 931 362 966 η
388 917 507 964 eraso].
538 919 639 951 TrIcl.
661 917 775 965 ἐξανίῃ
789 944 796 958 ,
826 919 914 959 quod
932 928 1008 950 cum
1026 918 1186 949 orationis
1204 921 1257 948 te-

237 977 318 999 nore
336 977 470 999 concors
488 976 554 998 non
573 970 643 998 est:
673 966 788 998 Herm.
811 963 944 1011 ἐξανείη
963 962 1126 1006 probabili
1138 974 1254 996 emen-

237 1015 381 1046 datione.
405 1032 446 1038 —
474 1013 488 1055 ΙΙ
513 1013 599 1045 Cum
623 1014 836 1045 coniunctivo
870 1013 1089 1053 coniungitur
1114 1012 1154 1044 ad
1179 1021 1255 1053 pro-

237 1063 411 1094 ferendam
437 1071 508 1093 rem
534 1062 656 1092 incerto
681 1064 831 1101 tempore
856 1062 910 1092 vel
936 1060 1051 1100 futuro
1070 1060 1124 1091 vel
1148 1060 1256 1100 quali-

238 1119 365 1150 cunque
388 1108 660 1150 exspectandam.
699 1109 802 1139 Recte
825 1108 929 1147 igitur
952 1107 1120 1146 Hesych.:
1158 1104 1257 1150 ἡνί-

235 1167 308 1196 κα,
338 1154 393 1189 ὅτε
417 1153 440 1200 ἢ
467 1153 559 1188 ὅταν.
590 1155 683 1187 Suid.
715 1152 866 1199 ήνίκα;
896 1152 1012 1188 ὁπότε.
1036 1173 1076 1177 -
1097 1153 1211 1186 ἐκεῖνο
1231 1150 1258 1185 δ’

239 1201 361 1242 οὐδεὶς,
391 1201 482 1248 ἡνίκ’
510 1199 549 1236 ἂν
577 1199 733 1247 μνησθῶ,
763 1199 870 1241 θέλει,
900 1200 1007 1235 σῶσαί
1033 1195 1067 1246 μ’
1086 1200 1120 1238 ἐς
1140 1198 1258 1234 οἴκους

236 1251 295 1282 Ph.
319 1248 387 1283 310
418 1251 600 1282 noluerunt
624 1259 776 1291 semper,
810 1260 872 1281 nec
888 1250 1047 1281 videntur
1065 1249 1163 1280 aliter
1181 1258 1258 1280 sen-

238 1299 318 1330 suri.
347 1295 402 1338 ἵν’,
422 1291 513 1342 ἡνίκ’
531 1294 571 1330 ἂν
589 1294 697 1334 κόπος
717 1294 750 1341 μ’
768 1294 949 1344 ἀπαλλάξῃ
969 1294 1064 1335 ποτὲ,
1084 1299 1256 1342 χωρῶμεν

236 1342 318 1378 880.
359 1346 552 1377 Verisimile
578 1347 666 1384 erat,
699 1349 907 1376 cessaturum
932 1345 1096 1383 dolorem,
1130 1343 1256 1384 quippe

236 1394 371 1433 saepius
402 1393 566 1424 acciderat
593 1392 693 1423 idem.
739 1388 829 1435 ἡνίκ’
865 1388 906 1424 ἂν
942 1389 984 1435 δὴ
1019 1390 1103 1435 πρὸς
1136 1388 1256 1436 γάμων

234 1433 336 1485 ἥκητ’
361 1437 494 1484 ἀκμάς,
532 1437 582 1476 τίς
617 1436 717 1476 οὗτος
750 1437 863 1479 ἔσται;
901 1438 956 1471 OG
978 1435 1068 1470 1492
1084 1448 1128 1470 sc.
1167 1435 1257 1475 ὅστις

236 1484 326 1532 ὑμᾶς
342 1488 460 1533 γαμεῖ.
482 1484 572 1531 ἡνίκ’
593 1483 634 1519 ἄν
651 1496 702 1523 τις
721 1483 843 1520 ἐσθλὸς
856 1484 903 1519 ὢν
922 1483 1016 1531 αὑτῷ
1034 1483 1168 1533 ξυνειδῄ
1185 1486 1251 1517 inc.

236 1531 316 1575 670,
336 1534 351 1567 1
372 1535 543 1566 sententia
560 1533 710 1566 absoluta
727 1543 793 1566 non
811 1538 874 1566 est.

304 1598 542 1648 ‘Hvtoorpd
590 1614 634 1641 ος
675 1605 805 1643 auriya.
855 1600 914 1643 οὑξ
954 1597 1116 1648 Ἀθηνῶν
1152 1600 1259 1636 δεινὸς

235 1649 465 1698 ἡνιοστρόφος
481 1651 536 1683 El.
583 1648 638 1684 31.
993 1648 1025 1693 (1
1043 1660 1077 1691 p.
1100 1647 1180 1690 774,
1204 1647 1258 1694 3.)
1275 1645 1278 1670 ¹

299 1703 454 1756 ‘Hnap
472 1712 570 1742 iecur.
601 1706 736 1743 παίσασ’
759 1706 815 1756 ὑφ’
839 1707 935 1755 ἧπαρ
961 1707 1123 1756 αὐτόχειρ
1149 1706 1257 1754 αὑτήν

240 1759 321 1790 Ant.
345 1755 446 1790 1315.
475 1755 625 1803 πλευρὰν
643 1751 700 1802 ὑφ’
724 1755 820 1802 ἧπαρ
838 1755 896 1790 καὶ
913 1755 1038 1802 φρένας
1063 1754 1258 1802 πεπλεγμέ-

239 1815 302 1850 νην
321 1806 376 1838 Tr.
394 1801 475 1837 931.
504 1805 636 1837 Tralate
654 1805 781 1836 dictum
799 1803 837 1835 de
853 1808 980 1844 pectore
997 1808 1031 1835 et
1049 1805 1164 1835 intimo
1183 1805 1258 1835 ani-

241 1862 315 1885 mo:
341 1854 452 1900 χωρεῖ
473 1851 558 1898 πρὸς
575 1850 670 1898 ἧπαρ
696 1849 833 1898 γενναία
851 1849 916 1896 δύη
935 1852 988 1883 Ai.
1011 1847 1080 1883 937
1098 1853 1140 1883 cf.
1162 1851 1257 1890 Wyt-

242 1901 334 1932 tenb.
355 1900 396 1932 ad
413 1899 503 1931 Plut.
524 1899 564 1931 de
582 1908 647 1931 ser.
669 1909 761 1931 num.
784 1898 876 1930 vind.
897 1908 930 1939 p.
955 1895 1010 1930 17.

305 1962 526 2016 ”Ηπειρος
548 1971 730 2002 commem.
760 1966 924 2002 δισσαῖσιν
949 1966 1103 2013 ἀπείροις
1128 1965 1278 2001 κλιθείς

242 2018 297 2050 Tr.
321 2014 385 2050 101
406 2018 457 2049 ch.
486 2015 672 2062 ἀπείροισιν
691 2017 750 2048 LA
775 2020 810 2048 et
827 2017 918 2048 codd.
948 2017 1116 2057 plerique.
1145 2016 1278 2047 Asiam.

242 2069 276 2098 et
294 2065 463 2106 Europam
480 2065 639 2105 intelligi,
659 2066 694 2096 in
714 2073 796 2105 quas
813 2068 925 2105 partes
943 2064 1041 2094 multi
1059 2064 1170 2094 orbem
1188 2066 1258 2094 ter-

242 2121 354 2144 rarum
372 2112 574 2151 dividebant,
597 2111 744 2143 ostendit
762 2111 892 2144 Schaef.
913 2112 991 2142 mel.
1014 2120 1058 2142 cr.
1079 2120 1113 2151 p.
1135 2107 1191 2142 36.
1214 2128 1255 2133 —-

242 2159 365 2192 Eodem
384 2157 479 2191 modo
504 2159 631 2191 dictum
657 2159 699 2190 fr.
726 2160 792 2190 inc.
814 2154 894 2190 760.
935 2155 1099 2203 ἐδοξάτην
1127 2167 1185 2202 μοι
1209 2157 1259 2190 τὼ

243 2200 290 2239 δύ’
307 2204 442 2251 ἠπείρω
461 2203 593 2251 μολεῖν,
611 2215 695 2246 quae
708 2206 893 2238 secundum
909 2205 1011 2237 schol.
1024 2204 1145 2236 Aesch.
1165 2205 1254 2236 Pers.

244 2250 307 2285 181
328 2262 370 2285 ex
389 2254 447 2285 illo
461 2254 562 2286 huius
580 2253 744 2285 versiculo
761 2253 930 2294 expressit
948 2251 1047 2293 Soph.
1064 2264 1070 2283 ε
1095 2249 1258 2297 ἐδοξάτην

243 2311 302 2345 μοι
324 2298 384 2334 δύο
408 2294 541 2346 γυναῖκ’
564 2298 634 2333 εὐεί
664 2311 730 2333 ονε.
761 2300 925 2341 Corrupte
948 2300 1007 2331 illa
1024 2300 1185 2339 leguntur
1202 2309 1254 2340 ap.

241 2347 364 2380 Herod.
386 2347 537 2380 Piersoni
553 2358 587 2390 p.
608 2344 630 2379 4
656 2344 690 2380 4.

306 2397 444 2441 ''H-nto
456 2417 472 2443 ς
497 2407 598 2447 lenis,
618 2407 802 2446 propitius,
832 2406 872 2438 de
890 2407 1000 2438 animo
1019 2409 1053 2437 et
1070 2405 1253 2437 voluntate.

243 2463 291 2487 σω
339 2464 399 2499 ρας
439 2451 564 2490 αὐτοὺς
596 2451 722 2497 ἠπίους
755 2450 783 2485 δ’
814 2450 901 2498 ἡμῖν
937 2449 1057 2496 μολεῖν
1091 2452 1152 2484 Ph.
1175 2448 1253 2483 737.

241 2464 387 2545 (θεῖός).
429 2501 572 2533 Lentem
594 2506 707 2533 autem
733 2501 920 2532 remedium
947 2500 1067 2532 doloris
1092 2500 1258 2539 significat

240 2546 372 2593 ἠπίοισι
390 2545 533 2593 φύλλοις
551 2548 612 2581 Ph.
625 2544 694 2580 698
704 2547 756 2580 ch.
777 2547 961 2588 Utramque
979 2547 1257 2586 significationem

242 2596 476 2636 complectitur
500 2595 670 2634 Hesych.:
706 2592 832 2639 ἤπια,
863 2591 1047 2637 μαλθακὰ,
1084 2596 1252 2639 προσηνῆ,

240 2639 366 2688 ἥμερα.
388 2660 429 2666 -
447 2642 559 2688 πρᾷος
574 2638 596 2686 ἢ
616 2639 760 2687 λιπαρός
774 2641 869 2674 Phot.
884 2651 918 2682 p.
933 2638 989 2681 72,
1005 2638 1058 2673 18.
1080 2641 1257 2682 Proprium

240 2692 354 2722 autem
378 2694 431 2722 est
454 2690 495 2721 de
520 2690 667 2721 remedio
689 2689 828 2729 doloris,
857 2699 889 2720 v.
910 2689 1036 2720 Iacobs.
1068 2688 1162 2719 lectt.
1183 2687 1258 2719 Sto-

241 2738 336 2768 bens.
357 2747 391 2778 p.
413 2733 469 2769 32.

311 2792 480 2830 Ἠπίως
497 2797 621 2828 leniter.
652 2789 701 2828 δι’
718 2792 806 2831 ὠτὸς
823 2791 864 2827 ἂν
882 2791 997 2839 παῦροί
1020 2791 1049 2838 γ’
1074 2793 1120 2831 ὡς
1144 2790 1257 2837 ἠπίως

241 2840 390 2876 ἐννέπειν
426 2841 604 2888 συμφέροι.
641 2841 694 2873 ΕΙ.
726 2837 816 2873 1439
834 2841 886 2873 ch.
922 2841 975 2873 Gi.
1007 2837 1082 2874 λίαν
1116 2838 1252 2886 πράως,

241 2891 366 2922 rectius
392 2893 463 2922 erat
480 2890 576 2930 quasi
602 2890 726 2920 leniter
743 2892 777 2920 et
793 2891 980 2930 temperata
996 2891 1123 2928 mente,
1153 2885 1258 2920 οἱονεὶ

240 2934 405 2974 εὐκόλως.
443 2938 494 2968 Ab
512 2936 534 2970 S
551 2937 586 2968 in
606 2936 666 2968 LA
682 2939 734 2968 est
757 2945 810 2981 γρ.
830 2932 958 2980 νηπίωι
981 2933 1166 2976 (super-scr.
1187 2931 1254 2977 ον),

242 2993 327 3024 quae
352 2985 451 3016 lectio
468 2984 616 3024 profecta
642 2987 694 3014 est
710 2984 751 3014 ab
768 2983 810 3014 iis
827 2983 886 3023 qui
902 2979 994 3027 ἠπίῳ
1022 2983 1185 3022 scriptum
1202 2990 1257 3013 re-

241 3031 414 3071 perientes
431 3031 472 3063 ad
484 3031 687 3071 Aegisthum
704 3030 880 3062 referrent.

312 3082 462 3122 Ἠπύω
495 3100 526 3120 v.
556 3085 692 3122 ἀπύω.

306 3140 359 3180 Ἤ
372 3157 390 3192 ρ
407 3157 473 3179 ver.
495 3144 530 3186 ἐξ
545 3145 630 3191 ἦρος
647 3145 695 3183 εἰς
712 3143 899 3192 ἀρκτοῦρον
918 3145 975 3176 OR
996 3142 1096 3177 1137.

307 3198 423 3250 ‘'Hpot
446 3206 518 3237 dea.
547 3197 562 3211 ‘'
589 3214 659 3283 {az
693 3202 711 3238 ὁ
735 3201 868 3238 κλεινὸς
895 3202 976 3241 ναός
1001 3204 1053 3235 El.
1082 3200 1114 3235 8.
1145 3195 1257 3248 (Ἥρας

242 3249 362 3297 πάγοις
385 3252 498 3284 Inaoh.
528 3253 568 3283 fr.
613 3248 667 3291 56,
691 3248 723 3283 3.
753 3252 870 3292 Argis,
899 3251 952 3282 vel
969 3251 1003 3282 in
1025 3249 1190 3290 Argolide.
1213 3268 1254 3274 —

244 3299 294 3330 De
313 3302 390 3330 tono
407 3309 439 3330 v,
461 3299 557 3331 Eust.
580 3308 612 3339 p.
635 3295 715 3338 580,
735 3294 793 3330 46.

313 3361 455 3413 *Ἦρα
495 3368 580 3410 quod
612 3370 740 3400 attinet.
791 3368 845 3399 Ai.
886 3364 951 3399 177
985 3367 1035 3398 ch.
1078 3367 1254 3408 probatum

244 3413 429 3448 Schaefero.

1300 166 1362 175 --
1381 134 1575 188 ‘'Hoowv
1997 146 2029 194 [1
2043 159 2078 192 p.
2095 145 2288 184 wisa-“1⁸15⁴

1364 249 1638 301 ‘dexieum
1657 255 1742 296 quod
1760 256 1913 288 Herculis
1929 259 1989 288 est.
2021 254 2086 301 τὴν
2107 249 2288 301 Ἡράκλεια

1295 299 1411 341 ἔξοδον
1437 303 1492 334 Τι’.
1515 299 1571 335 51.
1603 303 1717 335 Herm.
1746 298 1951 348 Ἡρακλείαν
1976 305 2125 335 suaviter
2147 303 2188 335 a'd
2213 311 2288 335 aure

1295 350 1447 382 accidere
1456 353 1563 391 putat.
1594 349 1714 395 φρενὸς
1728 353 1790 395 τῆς
1806 345 2012 396 Ἡρακλείας
2025 347 2105 383 576.
2125 348 2184 384 τὸν
2200 345 2244 385 Ἡ
2268 347 2288 383 ά

1294 394 1408 430 κλειον
1427 394 1586 442 θάλαμον
1603 394 1685 429 913.
1713 396 1770 431 τὸν
1788 392 1991 443 Ἡράκλειον
2009 394 2119 431 ἆθλον
2136 397 2197 430 Ph.
2220 395 2236 430 1
2265 394 2286 430 3

1295 455 1339 476 m.
1362 445 1421 476 LA
1438 442 1572 484 ἄθλιον,
1594 445 1680 486 quod
1701 445 1845 477 Brunck.
1862 449 1896 477 et
1912 445 2116 477 recentiores
2130 454 2286 486 recepere

1295 493 1487 532 agnoscitur
1505 492 1606 524 etiam
1624 503 1642 524 a
1660 493 1760 524 schol.
1783 493 1881 533 min.‚
1904 492 1959 524 sed
1977 502 2028 538 γρ.
2050 488 2158 526 ἆθλον
2177 492 2216 524 ab
2235 492 2256 524 S
2274 492 2285 523 i

1295 540 1444 579 margine
1461 539 1563 571 habet
1580 540 1650 579 LA,
1671 549 1828 580 perverse
1846 540 1929 571 illud
1946 540 2151 581 explicatum
2168 549 2187 570 a
2204 538 2288 571 schol

1294 587 1350 618 alt.
1372 583 1535 631 [ἅρθμιον
1555 587 1681 618 Nauck.
1704 597 1731 618 c.
1753 586 1840 627 Erf.,
1870 585 2038 632 σύννομον
2053 583 2176 631 Dind.]
2200 580 2288 630 Ἡρά

1292 630 1406 666 κλειον
1425 630 1533 667 ἆθλον
1552 634 1640 666 dixit
1653 644 1765 666 arcum
1782 635 1822 666 ab
1841 634 1986 666 Hercule
2004 633 2150 675 praemio
2168 634 2234 665 sibi
2251 633 2288 666 da

1294 684 1378 712 tum.
1412 682 1453 712 V.
1476 682 1592 713 Herm.
1616 699 1656 704 --
1676 685 1744 714 τῶν
1769 675 1983 727 εΗρακλείων
2009 678 2126 714 ὅπλων
2144 680 2205 712 Ph.
2226 677 2288 713 262

1293 731 1361 761 τῶν
1385 722 1600 772 Ἡρακλείων
1619 726 1732 762 πόνων
1751 729 1806 760 Tr.
1831 725 1908 761 170.
1930 725 2079 772 δεμνίοις
2103 729 2180 761 τοῖς
2202 722 2288 773 Ἡρα

1294 773 1422 812 κλείοις
1440 772 1519 808 916.
1543 794 1583 798 -
1605 773 1717 820 βέλεσι
1740 777 1814 812 τοῖς
1839 770 2056 821 Ἡρακλείοις
2073 776 2194 807 vitiosa
2209 776 2288 807 libro

1296 832 1370 854 rum
1397 823 1562 863 scriptura
1590 822 1650 854 Ph.
1674 820 1764 855 1406
1788 834 1807 854 a
1834 823 2002 854 Brunckio
2025 827 2115 854 recte
2140 823 2177 854 in
2202 816 2288 868 Ἡρα

1294 867 1419 907 κλέους
1444 874 1572 902 mutata
1598 874 1660 901 est.
1708 871 1795 903 Num
1829 865 1871 903 ‘H

1296 918 1395 958 Soph.
1414 927 1467 958 ap.
1485 917 1630 956 Hesych.
1646 915 1703 961 (fr.
1723 918 1788 949 inc.
1806 881 1892 961 8863

1296 974 1429 996 vocasse
1457 968 1597 996 constat.
1636 965 1688 996 De
1714 968 1853 996 accentu
1873 975 1904 996 V.
1927 964 2029 996 schol.
2051 965 2192 997 Lueian.
2213 964 2288 1004 Sym

1295 1021 1367 1052 pos.
1388 1008 1445 1043 25.
1467 1008 1522 1044 66.
1545 1015 1569 1043 t.
1592 1008 1612 1043 9
1631 1012 1705 1052 Bip.
1728 1012 1846 1043 Arcad.
1867 1022 1900 1053 p.
1922 1008 1980 1052 45,
2004 1009 2034 1044 1.

1294 1123 1301 1136 ‹
1365 1075 1721 1126 [“Ηρακλεῖσκος
1752 1083 1910 1114 vitiatum
1934 1083 2067 1115 fabulae
2096 1091 2220 1114 nomen
2252 1092 2288 1124 pr

1296 1125 1506 1208 ἂὶακέξρὶιρς
1520 1131 1727 1221 1σαᾶἕ5ιΐοῦ.
1756 1141 1788 1160 v.
1810 1130 1913 1162 Dind.
1942 1130 1983 1162 ad
2009 1125 2288 1220 fr.(12}‚6.77S5ed35

1370 1202 1376 1207 .
1489 1202 1495 1208 .
1543 1202 1550 1217 ‚
1641 1202 1647 1208 .
2133 1202 2140 1208 .
2230 1202 2238 1218 ‚
2285 1203 2288 1208 .

1295 1231 1954 1334 admittier&14³3·0.²*5‘11⁷'}‚‘.5i‘⁷23‘},
1972 1232 2288 1327 ῗῖἔῖἕῖἒξήῗένἚΞ

1294 1327 1462 1382 λούμενος
1481 1335 1500 1359 ἴ)
1527 1327 1559 1362 Ο.
1591 1328 1640 1375 μὴ
1660 1327 1756 1367 πόσις
1775 1330 1837 1385 μὲν
1862 1324 2040 1376 Ἡρακλῆς
2065 1329 2149 1374 ἐμὸς
2163 1328 2288 1375 καλῆτι

1295 1374 1542 1458 05οᾎἔαῖὶεῖ
1563 1374 1757 1456 τοῗ4Ζ1γγν3όῐς
1790 1374 2069 1460 ῌρακλέουζῖξῧ
2090 1374 2174 1457 94ὶζῗἐ
2196 1375 2288 1457 validis}

1293 1423 1374 1504 406.
1413 1435 1511 1504 gertr}
1528 1436 1767 1504 gssendatione
1788 1435 2288 1531 {1553}ngprgfffipalzfeffio}

1294 1515 1687 1604 Ξῖῖρὲἳῗέῡῗίὶιῖῗῗιῗὼ
1705 1515 2288 1608 §02gssstisffgffllsffffgjgggigffi

1294 1614 1441 1646 Brunck.
1463 1614 1599 1656 quidem
1625 1623 1668 1645 ex
1685 1614 1808 1655 quibus
1826 1614 1998 1646 veteribus
2015 1613 2107 1646 codd.
2135 1608 2288 1660 Ἡρακλέ

1294 1661 1492 1703 protulerit,
1520 1662 1707 1700 i11certum3
1738 1661 1767 1693 si
1794 1665 1892 1702 sunt,
1921 1661 1975 1693 vel
2000 1661 2200 1694 Tricliniani
2230 1671 2288 1693 sun

1296 1709 1347 1740 vel
1382 1709 1652 1740 emendationem
1685 1709 1776 1748 passi
1810 1706 1934 1752 [deleto
1974 1701 2186 1754 Ἡρακλέους
2218 1708 2288 1740 dedi

1294 1756 1398 1821 pind.
1429 1751 1544 1821 Ζηνὸς
1559 1752 1919 1835 γκέλωρύάγαῑῗλειὲὲὲν
1944 1752 2071 1834 τὲ.].-
2093 1755 2177 1834 ξιιιῑ.
2206 1752 2288 1835 λέχὶρ

1295 1799 1839 1895 ξὲἔὲῗείιΐρρᾶ-ἷίζῖἳέξεῗῖἒπῗ·
1863 1828 1926 1883 0223.
1940 1812 2137 1896 ...θὲἒμῗρὲ
2151 1812 2288 1896 ἐξὲἒὶε

1295 1892 1463 1954 ῗΗΡῖαλεῖ
1475 1895 1779 1978 νέἒύᾜὲλὲἕῗῖἐ.
1795 1894 1903 1977 ἰῑὲὃε
1922 1894 2126 1977 ᾐῖἱῖζέῗέῖ
2142 1891 2188 1976 ἓξ
2212 1893 2288 1954 Ἡλ-

1297 1951 1560 2049 Ξῖῦῖοῗιᾶραῗιὶιεί
1586 1955 1802 2036 δῶρηβάτων
1829 1955 1981 2046 668.φῖτρ
2004 1954 2116 2048 ῐδῶρον
2141 1957 2288 2046 Ἠρακλέ

1295 2049 1530 2131 ἶῖᾕεῖἶὲΐᾞΐέἷῗ
1541 2034 1940 2131 «ὃᾶξᾲ-ΣῑῆΑὲἴτ-ῗίὲξῖἔὲ
1957 2035 2288 2127 ςῗὲἕῖἒῗὲιῖἔιὶῗῐ

1295 2135 1366 2192 ipso
1386 2135 1453 2188 tine
1472 2134 1594 2165 senarii
1611 2134 1759 2173 legatur,
1788 2134 1988 2186 necessitate
2005 2141 2164 2189 expressa
2182 2136 2245 2189 est'.
2269 2150 2288 2156 —

1295 2178 1597 2307 {Essssisffffssffl'sssft
1612 2180 1722 2258 333¹:
1747 2176 2288 2267 Ξῗᾶἒιῗίαέσλέἓῖἷῖἑιῖῗέαῑᾞ

1344 2282 1374 2307 ί).

1367 2273 1583 2379 []Ἤρεμία
1600 2336 1687 2375 quies
1713 2334 1766 2364 Ai.
1787 2329 1856 2364 208
1870 2333 1920 2364 ch.
1944 2343 1974 2363 v.
1995 2329 2171 2378 ἡμέρως]

1896 867 2034 902 ακλείαν
2060 865 2157 903 λίθον
2187 870 2288 902 dixer:

1907 918 2073 949 incertum
2090 921 2161 949 est:
2182 913 2288 951 Λυδία

1367 2401 1604 2450 [Ἠριγόνη
1628 2413 1661 2435 n.
1683 2413 1733 2444 pr.
1771 2404 1822 2435 De
1850 2404 2044 2442 cognomine
2071 2402 2172 2445 Soph.
2199 2403 2288 2436 fabul

1296 2463 1327 2484 v.
1349 2452 1453 2484 Dind.
1475 2456 1552 2483 ante
1570 2453 1610 2483 fr.
1633 2451 1722 2482 Alet.
1744 2447 1789 2482 88
1807 2454 1841 2481 et
1858 2451 1898 2481 fr.
1922 2449 2013 2490 Erig.
2033 2447 2190 2494 224.sq.]

1365 2516 1617 2565 Ἠσσάομαι
1639 2522 1763 2560 vincor,
1791 2520 1976 2552 succumbo.
2004 2519 2034 2554 εί
2060 2518 2149 2554 κούκ
2173 2518 2288 2565 ἀρκέσε

1295 2563 1375 2602 ποθ’
1397 2566 1477 2613 ὗμιν
1504 2563 1570 2601 οὐδ’
1598 2566 1807 2613 ’ἡσσημένοις
1831 2565 1936 2600 εἴκειν
1956 2568 2010 2599 Ai.
2035 2564 2137 2599 1242.
2165 2565 2251 2601 ὅπου
2277 2578 2288 2600 t

1295 2614 1460 2662 φύσαντες
1477 2613 1651 2659 ἡσσῶνται
1669 2614 1797 2648 τέκνων
1817 2615 1856 2646 fr.
1877 2615 1943 2646 inc.
1961 2611 2042 2655 674,
2065 2613 2095 2646 1.

1364 2681 1372 2692 ‘
1382 2683 1413 2720 H
1424 2696 1442 2718 σ
1454 2696 1500 2731 ση
1511 2697 1530 2718 τ
1539 2683 1556 2718 έ
1567 2697 1583 2718 0
1593 2696 1620 2722 ς.
1649 2682 1767 2718 κοῦτοι
1792 2684 1951 2730 γυναικὸς
1976 2682 2138 2729 οὐδαμῶς
2156 2682 2287 2729 ἡσσητέ

1294 2734 1374 2765 Ant.
1397 2730 1466 2765 678
1482 2732 1663 2764 cedendum
1679 2742 1748 2764 non
1764 2737 1822 2764 est.
1852 2732 1940 2764 Num
1954 2731 2191 2773 Aristophanis
2208 2729 2288 2774 (Lys

1288 2777 1380 2824 450)
1403 2790 1445 2811 an
1472 2780 1641 2821 Sophoclis
1666 2789 1801 2811 versum
1828 2781 2014 2820 respexerit
2040 2778 2138 2810 Eust.
2169 2788 2202 2820 p.
2224 2774 2288 2810 759

1295 2824 1350 2867 38,
1382 2836 1447 2858 non
1473 2827 1553 2858 satis
1569 2831 1708 2858 certum.

1359 2890 1534 2931 ἰἨσσων
1552 2898 1679 2935 minor,
1700 2896 1848 2936 infe-rior,
1877 2900 2003 2936 aetate,
2025 2896 2165 2936 viribus,
2185 2896 2288 2935 pretio

1293 2946 1353 2977 τοῦ
1378 2942 1473 2989 τῆσδ’
1499 2942 1626 2989 ἔρωτος
1652 2942 1700 2980 εἰς
1725 2939 1848 2975 ἅπανθ’
1871 2940 1988 2987 ἥσσων
2014 2941 2032 2976 ἔ
2060 2953 2078 2975 υ
2098 2943 2154 2974 Τι’.
2175 2938 2255 2974 489.
2283 2953 2288 2960 ’

1295 2989 1394 3024 φύσιν
1411 3002 1459 3036 γε,
1480 2990 1537 3024 τὸν
1555 2988 1591 3023 δὲ
1609 2992 1688 3023 νοῦν
1711 2987 1825 3034 ἥσσων
1843 2988 1920 3022 τότε
1939 2990 1991 3021 ΕΙ.
2016 2954 2116 3022 1023.
2138 2988 2155 3023 ὁ
2208 2987 2288 3032 ρυσὸ

1293 3025 1400 3082 ἧσσον
1423 3040 1542 3082 κτ’μα
1563 3039 1624 3070 τοῦ
1649 3035 1766 3070 κλάειν
1793 3034 1833 3069 ἂν
1856 3035 1898 3080 ἠν
1916 3038 1957 3068 fr.
1980 3037 2069 3075 Scyt.
2091 3033 2170 3076 501,
2217 3037 2288 3068 ,πᾶ

1294 3082 1451 3122 οἰνωθεὶς
1467 3049 1556 3129 22⁴³?
1582 3082 1696 3127 ἥσσων
1723 3081 1784 3127 μὲν
1805 3082 1908 3128 ὀργῆς
1932 3081 2002 3116 ἐστί
2019 3084 2085 3114 inc.
2107 3079 2188 3122 668,
2208 3080 2240 3114 2.
2264 3101 2288 3106 -

1294 3129 1405 3164 πάντα
1426 3125 1524 3164 ταῦθ’
1550 3129 1646 3163 ἥσσω
1663 3129 1782 3175 λαβεῖν
1809 3129 1886 3174 ἐμοὶ
1904 3129 2036 3175 πέφυκε
2052 3133 2114 3174 τῆς
2134 3127 2220 3174 ἐμῆς
2237 3139 2285 3162 σω

1292 3176 1410 3223 τηρίας
1433 3180 1516 3210 Aut.
1537 3153 1616 3209 489.
1646 3175 1734 3210 κούκ
1759 3174 1799 3209 ἂν
1824 3180 1993 3222 γυναικῶν
2020 3174 2163 3220 ἥσσονες
2187 3172 2287 3209 καλοί

1294 3219 1369 3270 μεθ’
1394 3223 1434 3258 ἅν
1460 3222 1539 3257 680.
1562 3221 1600 3257 οὔ
1618 3221 1679 3257 τᾶν
1699 3221 1788 3260 ἕλοις
1805 3221 1901 3267 ἥσσω
1927 3234 1963 3269 γε
1980 3227 2048 3256 τῶν
2075 3221 2226 3269 αἰσχρῶν
2243 3220 2287 3266 έμ

1293 3269 1361 3303 747
1386 3281 1454 3303 non
1471 3281 1617 3312 unquam
1643 3272 1780 3310 turpiter
1802 3270 1936 3310 faciam.
1960 3287 2000 3293 —-
2020 3268 2156 3314 ἧσσον
2187 3270 2287 3300 adver

1292 3320 1385 3350 bium
1404 3323 1466 3350 est.
1495 3316 1598 3362 ἡμεῖς
1625 3315 1656 3351 θ’
1681 3315 1809 3361 ὁμοίως
1835 3316 1933 3350 οὐδὲν
1951 3315 2056 3360 ῆσσον
2081 3313 2104 3360 ἢ
2123 3315 2230 3359 πάρος
2248 3315 2288 3346 Ai

1292 3362 1372 3398 276.
1394 3364 1448 3398 σοὶ
1473 3363 1581 3410 μηδὲν
1600 3363 1705 3409 ἧσσον
1722 3361 1745 3408 ἢ
1772 3363 1879 3408 πάρος
1898 3363 2117 3408 ξυνηρετμεῖν
2139 3359 2238 3395 1329.
2262 3379 2288 3385 -

1291 3410 1507 3458 ἥκισταν.
1538 3421 1597 3444 suo
1623 3412 1704 3444 loco.
1737 3429 1775 3434 —-
1804 3413 1926 3443 Mirum
1952 3412 2123 3443 dubitasse
2148 3409 2288 3451 quosdam
