2288 3600
277 159 376 208 324

273 272 399 321 ήναρές
439 284 481 318 με
522 274 603 305 Ant.
625 269 691 304 871
712 282 755 303 m.
802 270 846 317 ἦν
878 269 1072 318 πρόφαντον
1105 269 1190 316 πρὸς
1220 273 1289 303 τῶν

274 321 447 356 πνεόντων
465 318 612 366 μηδενὸς
630 317 746 353 θανεῖν
774 316 839 352 ὕπο
863 320 917 351 Tr.
934 315 1024 350 1160
1041 316 1160 363 [Dind.
1174 328 1202 350 c.
1215 318 1286 350 Erf.

274 371 395 402 omisso
418 366 502 414 πρός
526 368 620 399 dedit
643 370 711 400 τῶν
737 363 980 411 ἐμπνεόντων].
1009 367 1200 412 μηχαναῖσι
1227 363 1290 409 μὲν

275 415 435 457 θανόντα,
455 417 513 448 νῦν
532 413 569 448 δὲ
588 416 763 462 μηχαναῖς
781 411 994 458 σεσωσμένον
1013 414 1065 445 ΕΙ.
1082 410 1183 445 1229.
1205 414 1291 444 Item

275 461 482 498 ἀνελθεῖν
501 466 535 494 et
552 459 800 495 ἀνιστάναι.
822 458 1053 506 πεισθήσομαι
1065 458 1130 506 γὰρ
1143 458 1211 493 ὦδε
1227 456 1291 499 κάξ

268 504 392 546 ῐἈιδου
417 508 532 544 θανὼν
557 508 641 568 πρὸς
667 513 742 554 φῶς
768 506 924 542 ἀνελθεῖν
950 509 1011 541 Ph.
1034 505 1112 540 624.
1141 506 1199 541 τὸν
1224 504 1292 540 θα-

273 557 375 592 νόντα
392 555 555 603 δακρύοις
573 555 746 590 ανιστάναι
772 555 862 597 Scyr.
884 557 925 587 fr.
947 553 1028 596 501,
1048 552 1083 588 2.
1120 556 1292 586 Postremo

275 604 398 653 δρᾶν,
426 605 516 647 quod
531 606 599 637 vivi
617 607 651 637 et
667 606 806 644 viyentis
824 607 886 635 est.
915 601 962 640 ὥς
986 613 1018 635 τι
1045 601 1179 648 δράσων
1196 599 1293 648 εἷρπε

273 651 338 687 κού
371 649 584 697 θανούμενος
619 652 673 683 Tr.
699 648 776 683 160.
804 669 844 674 --
879 652 919 682 In
944 659 1053 691 poena
1081 649 1294 682 memoranda

275 702 430 748 φυγεῖν
457 704 490 732 et
516 697 727 745 θνήσκειν
753 699 1004 731 consociantur:
1043 695 1224 743 θνήσκειν,
1253 694 1292 729 οὐ

276 749 396 795 φυγεῖν
421 758 457 780 σε
482 744 652 791 βούλομαι
677 747 734 779 OR
752 743 832 778 623.
856 764 897 770 -—
916 747 939 777 f.
968 746 1008 776 In
1034 745 1200 786 exemplis
1225 745 1293 776 fre-

275 799 418 837 quenter
431 795 645 827 confusorum
661 795 838 825 verborum
854 794 990 826 κτανεῖν
1004 796 1038 824 et
1055 790 1172 826 θανεῖν
1187 792 1288 824 Seidl.

277 844 316 875 ad
333 843 378 875 ΙΤ
397 839 463 874 471
483 843 652 874 referebat
668 842 770 873 etiam
789 841 841 872 ΕΙ.
858 837 939 872 821.
969 839 1015 876 ὡς
1033 838 1133 887 χάρις
1153 837 1226 884 μέν,
1247 835 1292 882 ἢν

274 889 396 938 κτάνῃ,
425 887 519 935 λύπη
538 886 577 928 δ’,
608 886 666 921 ἐὰν
684 886 743 927 ζῶ.
773 888 838 920 Sed
854 889 1000 920 Brunck.
1023 888 1112 919 solus
1130 887 1196 918 sibi
1213 896 1291 928 per-

275 941 425 970 suaserat
441 934 537 971 θάνω
563 937 610 968 ibi
627 936 823 968 scholiastae
841 936 977 975 lectum,
1008 935 1095 975 quod
1112 944 1207 966 secus
1226 936 1289 973 est,

275 995 352 1018 cum
370 985 574 1017 sententiam
590 984 666 1024 ille,
693 992 759 1015 non
777 984 878 1015 verba
902 982 1156 1023 interpretando
1174 991 1291 1013 conse—

274 1036 384 1065 ctatus
401 1033 456 1064 sit.
1010 1028 1042 1073 (Ι
1059 1039 1093 1071 p.
1115 1026 1196 1069 808,
1216 1025 1293 1071 29.)

347 1099 400 1137 Θν
410 1113 486 1185 τὲτο
495 1114 514 1148 γ
524 1113 564 1135 εν
573 1100 598 1148 ή
610 1113 626 1148 ς
642 1102 774 1133 mortali
787 1110 903 1141 genere
915 1103 1018 1132 ortus.
1039 1097 1144 1145 ἡμεῖς
1159 1097 1196 1132 δὲ
1211 1096 1293 1145 βρο-

274 1148 328 1184 τοὶ
345 1148 406 1184 καὶ
448 1151 642 1196 νητογενεῖς
659 1150 741 1181 Ant.
763 1145 831 1181 835
849 1158 903 1180 an.

348 1216 513 1266 Θνητός
529 1221 690 1252 mortalis.
711 1219 725 1262 ΙΙ
743 1219 911 1251 Adiective
925 1218 1061 1249 dictum.
1090 1214 1200 1250 θνατὰ
1225 1213 1293 1262 φύ-

278 1277 328 1305 σις
354 1264 485 1314 ἀνέρων
511 1267 569 1299 OR
586 1263 654 1300 869
673 1268 725 1299 ch.
754 1276 830 1298 cum
853 1266 1028 1307 hypallage
1052 1265 1209 1304 inprimis
1233 1264 1293 1296 So-

276 1315 426 1356 phoclea.
455 1313 617 1348 ἁπάντων
634 1309 659 1347 τ’
680 1311 834 1359 εὐσέβεια
850 1311 984 1347 θνατῶν
998 1313 1051 1344 El.
1064 1308 1134 1343 250
1146 1322 1189 1343 m.
1211 1312 1295 1344 πᾶσι

277 1359 418 1400 θνατοῖς
442 1359 506 1408 ἔφυ
534 1360 638 1407 μόρος
661 1359 730 1394 860
748 1362 799 1393 ch.
834 1358 962 1406 θνητοῦ
986 1357 1143 1404 πέφυκας
1167 1356 1295 1404 πατρός

283 1406 384 1442 1171.
415 1407 540 1488 θνητὶξ
589 1406 597 1419 ’
630 1405 792 1455 Ὀρέστης
826 1405 928 1440 1172.
960 1404 1087 1452 θνητὸν
1123 1403 1205 1439 ὄντα
1237 1406 1295 1438 OR

282 1453 383 1489 1528.
413 1458 495 1489 Ant.
542 1454 562 1489 5
592 1481 599 1489 .
628 1454 754 1502 θνητὸς
782 1455 829 1489 ὤν
856 1457 898 1487 fr.
926 1455 1044 1495 Eriph.
1065 1450 1146 1485 205.
1170 1450 1294 1497 [saepe

277 1505 426 1545 positum
442 1505 576 1544 tragicis
599 1501 724 1549 θνητὸς
750 1502 818 1544 ὤν,
847 1500 881 1537 θ.
903 1513 940 1549 γε
963 1499 1041 1545 ώς.]
1074 1499 1141 1546 ἐγὼ
1167 1498 1294 1546 θνητός

278 1549 307 1597 γ’
324 1548 365 1585 ἂν
384 1549 425 1585 ἐκ
442 1548 574 1597 θνητῆς
592 1549 630 1585 δὲ
648 1548 712 1597 φύς
731 1545 854 1596 [ἔγωγ’
879 1547 920 1583 ἂν
941 1513 1072 1595 θνητὸς
1097 1547 1144 1582 ὢν
1163 1545 1294 1593 θνητῆς

275 1609 312 1631 τε
330 1595 394 1645 φύς
412 1599 517 1631 Dind.
536 1609 563 1631 c.
577 1596 744 1642 Meinek.]
762 1598 878 1637 Polyx.
895 1594 976 1637 470,
990 1594 1023 1630 6.
1044 1594 1176 1641 θνητὴν
1195 1593 1294 1641 φύσιν

278 1646 356 1678 Ter.
380 1642 460 1684 515,
488 1643 504 1678 1
541 1643 667 1691 θνητὸν
696 1643 829 1689 ἀνδρῶν
858 1643 918 1678 καὶ
944 1642 1164 1689 ταλαίπωρον
1195 1640 1294 1689 γένος

276 1693 343 1724 inc.
366 1689 445 1725 682.
464 1690 495 1725 1.
533 1690 640 1738 ἄνδρα
669 1690 794 1737 θνητόν
825 1689 905 1733 725,
929 1689 959 1723 1.
993 1691 1007 1734 ΙΙ
1034 1693 1078 1722 In
1100 1692 1290 1731 partitione.

277 1737 383 1774 ἄλλον
409 1737 525 1774 οὔτινα
556 1738 689 1774 θνατῶν
715 1740 776 1771 ΡΙι.
799 1736 867 1771 683
885 1739 937 1771 ch.
975 1736 1112 1784 θνητῶν
1148 1735 1294 1783 μηδενὸς

276 1784 688 1880 ῗεὲᾷήϊεὲῑὲξὲξέέ.
709 1780 1294 1879 fiili..“meivcsffgfiufiff

277 1879 346 1914 822
363 1891 417 1914 an.
446 1879 583 1915 κούδενί
607 1892 663 1915 πω
693 1873 803 1926 λῴονι
826 1878 963 1927 θνητῶν
987 1881 1043 1912 Ai.
1068 1876 1157 1912 1416
1180 1889 1234 1911 an.
1264 1876 1296 1912 οἱ

278 1927 408 1975 μακρὸν
437 1925 510 1972 βίον
535 1926 671 1974 θνητῶν
699 1927 817 1975 ἔχουσι
839 1929 880 1960 fr.
904 1927 1020 1960 Oreus.
1043 1924 1124 1968 325,
1145 1924 1177 1959 3.
1207 1924 1295 1972 θνη-

277 1980 345 2010 τῶν
373 1973 401 2009 ὃ’
423 1974 533 2009 οὐδείς
557 1978 624 2008 inc.
645 1972 724 2017 769,
748 1973 780 2007 3.
801 1975 816 2018 ΙΙ
834 1975 1047 2007 Substantive
1064 1974 1190 2006 dictum
1207 1985 1235 2006 a.
1257 1974 1296 2005 de
1313 1958 1316 1978 ¹

278 2024 417 2056 homine.
447 2023 475 2057 ὦ
493 2021 651 2068 παλάμαι
668 2020 804 2068 θνητῶν
823 2023 884 2055 Ph.
905 2019 970 2054 177
982 2023 1033 2054 ch.
1063 2019 1170 2066 [θεῶν
1188 2022 1292 2053 Dind.
1312 1981 1315 2061 Ι

278 2081 307 2102 c.
330 2068 586 2115 Lachmanno.].
615 2071 823 2102 Boeckhium
848 2070 889 2101 de
907 2071 1024 2101 metris
1042 2069 1139 2101 Pind.
1161 2079 1195 2110 p.
1213 2065 1292 2100 323.

278 2115 682 2207 ἓὲἳῗωῖῃίἷῖῗέᾚῖῖῖ
698 2116 1297 2204 ἑῖἱῗῖᾏῖἷῗὲἳὶιέὲθζυὲξὲΒῶΜδὲζ

279 2222 384 2246 στανα
399 2211 482 2259 γένη
500 2210 642 2259 βροτῶν.
665 2230 705 2236 -
723 2209 767 2245 τὰ
789 2208 927 2257 θνητῶν
974 2208 1098 2245 ένεθλα
1114 2211 1173 2243 OR
1192 2207 1292 2242 1424.

279 2257 320 2293 οὗ
338 2257 471 2294 nomm:
489 2257 596 2304 σεμνὰ
609 2256 830 2305 τιθηνοῦνται
845 2256 931 2304 τέλη
949 2223 1121 2292 θνατοῖσιν
1139 2254 1293 2290 001051

281 2307 333 2339 ch.
351 2318 383 2339 v.
403 2307 519 2365 'Herm
548 2303 683 2341 θνατῶν
709 2303 813 2352 βιότῳ
840 2307 922 2338 Ant.
940 2302 1010 2363 61’4
1027 2306 1079 2338 ch.
1108 2303 1296 2363 πεπρωμέ-

280 2364 459 2447 ἓᾞὲλὲξῖἶα
473 2364 543 2447 ξῖἕὲ
556 2351 948 2446 οὲἔῃὲἕὲῇαἷὲᾕὲἓῗές
965 2349 1298 2446 ἰξῖἲιλὲἔέπτῖ.3ἷὲε

281 2450 334 2482 ch.
363 2445 495 2494 θνητὴν
521 2450 712 2495 φρονοῦσαν
731 2444 842 2492 θνητά
864 2444 946 2488 473,
967 2457 1068 2488 quem
1086 2447 1201 2478 eadem
1218 2456 1297 2478 sen-

282 2497 390 2528 tentia
413 2493 520 2529 καλὸν
551 2497 689 2542 φρονεῖν
714 2493 771 2529 τὸν
794 2491 920 2541 θνητὸν
948 2491 1144 2539 ἀνθρώποις
1169 2491 1228 2527 ἰ’σα
1252 2494 1293 2525 fr.

283 2543 396 2576 Colch.
418 2539 497 2575 311.
527 2540 662 2588 θνητῶν
681 2539 759 2587 πέρι
774 2542 864 2574 Alet.
886 2538 943 2583 94,
964 2539 998 2574 5.
1027 2540 1195 2586 *μνᾶστις
1212 2538 1298 2575 θνα-

281 2592 355 2628 τοῖς
389 2586 641 2634 εὐποτμότατος
667 2589 770 2629 Synd.
800 2585 879 2630 146,
901 2585 922 2621 3
954 2586 1062 2633 [locus
1088 2588 1300 2629 corruptissi-

282 2635 386 2682 mus].
402 2634 500 2670 κᾶστι
517 2635 602 2684 πρὸς
617 2635 660 2670 τὰ
676 2634 842 2684 χρήματα
859 2633 1016 2682 θνητοῖσι
1031 2633 1142 2669 τᾶλλα
1159 2633 1299 2680 δεύτερα

284 2684 402 2717 Oreus.
416 2681 496 2725 325,
511 2681 544 2717 5.
565 2681 702 2730 θνητῶν
718 2681 779 2717 καὶ
795 2680 884 2717 θεῶν
904 2679 1123 2728 βουλεύματα
1132 2683 1199 2714 inc.
1214 2679 1296 2722 678,

287 2729 341 2764 17.
363 2728 404 2765 οὗ
420 2729 589 2765 τίκτουσιν
609 2729 644 2765 αἱ
661 2728 786 2776 θνηταὶ
803 2727 905 2768 θεούς
921 2727 1002 2770 778,
1015 2727 1049 2762 2.
1067 2747 1108 2753 -
1125 2731 1157 2761 b.
1181 2729 1233 2760 De
1249 2738 1294 2769 re,

284 2789 366 2821 quae
388 2780 542 2810 mortalem
570 2778 669 2811 decet.
705 2779 895 2824 φρονοῦσαν
928 2774 1040 2822 θνητά
1074 2777 1129 2808 Tr.
1159 2773 1227 2808 473
1260 2779 1300 2807 ut

283 2824 395 2873 θνητὰ
467 2827 556 2859 ονεῖν
580 2826 657 2858 Ter.
687 2826 727 2857 fr.
748 2821 829 2865 515,
853 2821 884 2856 1.
913 2825 956 2856 cf.
978 2824 1084 2857 Stanl.
1105 2823 1146 2854 ad
1172 2823 1294 2854 Aesch.

284 2871 379 2907 Pers.
395 2835 477 2906 822.
499 2872 671 2905 Contraria
682 2872 734 2904 his
747 2875 828 2904 sunt
841 2868 978 2917 ἔργματ’
996 2868 1075 2917 οὐχὶ
1090 2866 1201 2915 θνητοὶ
1214 2878 1301 2902 mor-

284 2921 403 2953 talium
420 2921 508 2952 vires
524 2920 734 2960 excedentia,
765 2929 818 2960 ap.
838 2918 922 2950 Eur.
942 2918 1061 2949 Bacch.
1085 2913 1185 2949 1022.
1208 2934 1249 2940 —-
1269 2915 1283 2958 ΙΙ

285 2968 457 3009 Superest,
484 2970 521 2999 ut
538 2966 577 2999 de
594 2966 735 2998 dori-mio
759 2969 890 3006 ayatur.
926 2965 1103 2997 Ordiamur
1118 2975 1138 2996 a
1154 2964 1300 2995 mirabili

285 3015 471 3047 Hermanni
487 3015 609 3055 placito
627 3013 668 3045 ad
684 3013 803 3045 Bacch.
824 3008 904 3053 393,
933 3012 1136 3044 Elmsleium
1161 3011 1298 3052 vitupe-

283 3065 379 3094 rante
395 3061 484 3102 quod
501 3064 614 3093 contra
629 3061 730 3092 libros
753 3057 862 3093 θνατὰ
879 3060 1016 3104 φρονεῖν
1033 3058 1207 3099 scripserit
1222 3067 1298 3098 pro-

284 3113 360 3149 pter
376 3106 551 3142 θνατοῖσιν
569 3118 600 3139 v,
622 3103 709 3139 403:
739 3116 807 3139 non
823 3107 924 3138 licere
951 3107 1046 3138 enim
1063 3106 1130 3136 nisi
1148 3105 1300 3145 scriptori

288 3156 406 3188 Dorico
430 3156 467 3186 in
485 3155 546 3186 hac
562 3155 705 3187 formula
723 3154 866 3186 dorismo
882 3153 947 3184 uti.
983 3153 1028 3184 Et
1044 3153 1146 3184 libros
1163 3151 1299 3192 quidem

285 3203 464 3234 dissentire
482 3202 603 3233 mirum
630 3210 697 3233 non
715 3204 786 3233 est:
815 3201 876 3232 tali
892 3202 1088 3239 argumento
1111 3202 1223 3230 autem
1248 3198 1301 3229 uti

285 3259 352 3282 non
377 3249 608 3287 conveniebat,
637 3248 695 3289 qui
722 3245 756 3280 ἐν
782 3244 933 3293 ἁσυχαίᾳ
957 3248 1135 3287 scripserat
1158 3244 1214 3277 OC
1235 3241 1300 3276 197

286 3300 321 3328 et
338 3292 481 3341 ἁμερίας
496 3295 551 3327 Ai.
569 3291 639 3326 208
656 3298 692 3326 et
709 3291 862 3339 ἁδυεπής
879 3290 1026 3325 OR151.
1044 3289 1224 3326 ἁδυπνόων
1242 3291 1296 3322 ΕΙ.

285 3340 367 3384 480,
388 3343 453 3374 etsi
469 3342 510 3374 de
527 3342 662 3373 homine
689 3338 858 3385 ἡδύπολις
876 3340 1006 3372 dicatur
1021 3339 1080 3371 ΟΒ
1097 3335 1166 3371 510
1181 3341 1222 3370 ut
1238 3338 1302 3370 alia

286 3393 423 3422 taceam.
453 3388 552 3421 Certe
571 3389 653 3420 haec
669 3389 806 3420 nonnisi
822 3387 983 3419 librorum
996 3395 1163 3418 consensu
1179 3388 1214 3417 et
1231 3394 1303 3416 me-

286 3440 411 3468 trorum
436 3444 558 3476 genere
576 3435 888 3475 sententiarumque
913 3434 1074 3474 gravitate
1091 3431 1303 3474 ponderanda

1049 153 1340 221 Θνητογενής
1356 182 1423 189 -—
1440 151 1637 220 Θόρνυμι

2025 158 2058 206 [1
2075 159 2171 206 p.80

1327 274 1417 302 sunt.
1454 270 1499 302 Et
1515 271 1550 301 in
1569 271 1757 310 anapaestis
1779 269 1915 310 quidem
1933 269 2156 301 narrationem
2173 268 2228 300 vel

1327 321 1424 359 cepta
1448 318 1699 350 continentibus
1725 318 1797 348 sine
1822 317 1914 357 gravi
1938 316 2043 348 animi
2069 316 2246 348 affectione
2266 311 2267 314 ’

1327 365 1460 397 videtur
1476 365 1638 406 praeferri
1654 361 1780 410 θνητός
1798 363 1853 396 OC
1874 359 1975 396 1762.
1996 363 2051 396 Ai.
2074 358 2178 395 1416.
2199 363 2267 395 Ter

1328 410 1409 454 515,
1432 410 1448 444 1
1477 422 1540 444 nec
1564 412 1746 452 vestigium
1770 412 1916 444 dorismi.
1946 411 1993 442 At
2016 411 2052 442 in
2069 410 2206 450 lugubri
2232 416 2268 442 re

1327 460 1486 501 ploranda
1502 456 1636 494 θνατῶν
1661 459 1773 491 editur
1790 459 1870 491 Ant.
1890 455 1961 491 822
1977 467 2030 490 an.
2061 455 2112 502 [at
2129 457 2232 489 Dind.

1327 504 1411 551 τῶν]
1437 517 1499 539 nec
1523 516 1659 539 rursum
1676 507 1813 538 alterius
1843 506 2027 547 scripturae
2045 505 2183 536 mentio.
2212 504 2253 536 In

1328 555 1402 586 licis
1420 552 1554 589 θνατῶν
1573 554 1627 586 El.
1648 550 1729 586 250.
1749 550 1830 586 860.
1851 549 1990 590 θνατοῖς
2007 553 2065 585 Tr.
2088 548 2165 592 128,
2195 551 2251 583 cui

1329 603 1405 634 dem
1419 602 1543 642 versui,
1561 602 1590 633 si
1602 602 1796 642 glyconeus,
1817 604 1856 632 ut
1869 601 2016 641 videtur,
2031 598 2242 641 polyschema

1329 660 1405 682 cum
1430 650 1503 681 basi
1526 650 1696 688 trisyllaba
1721 652 1789 688 est,
1821 657 1887 679 non
1911 648 2026 679 minus
2052 648 2139 678 bene
2157 655 2263 678 comm

1330 698 1433 729 forma
1451 697 1620 738 convenit,
1650 706 1751 737 quam
1768 693 1904 741 θνητῶν
1922 695 1983 726 Ph.
2008 691 2092 735 177,
2120 693 2179 734 qui
2198 694 2256 725 bre

1330 745 1388 776 sed
1402 754 1445 775 ex
1459 744 1577 776 eodem
1590 753 1725 784 genere.
1747 745 1787 775 In
1805 743 1970 783 logaoedis
1988 739 2122 775 θνατῶν
2139 740 2264 781 legitur

1330 789 1397 824 683
1430 793 1465 823 in
1491 791 1689 824 choriambis
1715 801 1791 822 cum
1823 791 1939 822 baseos
1970 789 2114 830 quodam
2140 796 2264 828 genere

1329 836 1410 871 869.
1439 838 1494 871 OC
1515 836 1617 871 1051.
1645 839 1727 870 Ant.
1757 835 1844 870 614:
1881 837 1973 869 hunc
1995 837 2087 868 enim
2113 845 2189 867 cum
2205 844 2246 876 pr

1329 887 1431 918 dente
1445 896 1578 918 versum
1591 886 1857 918 contrahendum
1872 886 1908 916 in
1926 894 2033 916 unum
2047 883 2196 916 arbitror.
2218 882 2250 914 H

1329 933 1384 966 OG
1407 930 1492 965 1051
1521 937 1610 965 certa
1627 933 1763 965 dorismi
1787 933 1888 973 fides;
1915 933 1953 963 in
1972 932 2031 963 LA
2055 931 2217 971 scriptum
2280 928 2284 929 ⁷

1327 991 1453 1022 τοισιν,
1481 981 1582 1022 idque
1615 982 1655 1013 ab
1681 980 1796 1012 eadem
1821 989 1923 1011 manu
1948 976 2122 1013 θνατοῖσιν
2146 985 2255 1009 correo

1329 1030 1380 1060 Ita
1396 1029 1470 1060 iure
1488 1030 1658 1069 suspicere
1676 1029 1780 1060 etiam
1797 1029 1837 1059 de
1856 1027 1959 1066 Synd.
1978 1027 2024 1058 fr.
2046 1021 2126 1065 146,
2146 1020 2170 1056 2
2186 1024 2245 1056 ubi

1329 1073 1468 1113 θνατοῖς
1482 1077 1655 1116 scriptum.
1676 1076 1762 1106 Item
1778 1075 1815 1106 in
1832 1075 1886 1106 ΕΙ.
1900 1070 1970 1106 860
1987 1074 2077 1105 solus
2096 1071 2185 1104 Flor.
2201 1067 2230 1105 Δ

1327 1127 1408 1156 τῶν.
1438 1124 1484 1155 At
1501 1123 1558 1156 OR
1574 1119 1655 1155 869.
1676 1122 1763 1154 Flor.
1785 1118 1810 1156 Γ
1828 1119 1953 1167 θνητή,
1981 1116 2010 1155 Δ
2026 1117 2150 1165 θνα-Γῆ.
2269 1116 2288 1160 οἱ

1401 1190 1562 1232 Θοάζω.
1591 1190 1702 1238 [Curt.
1723 1193 1780 1224 Et.
1802 1202 1837 1224 n.
1855 1188 1935 1224 313.
1966 1191 2046 1223 Lob.
2063 1190 2128 1222 Rh.
2143 1186 2221 1234 23.]
2238 1187 2266 1228 Q

1331 1242 1420 1273 varie
1433 1242 1571 1273 verbum
1585 1241 1760 1280 ambiguae
1775 1239 2030 1280 significationis
2044 1238 2191 1279 explicet
2198 1235 2251 1268 He

1328 1289 1351 1320 i.
1372 1299 1430 1329 w,
1461 1298 1562 1329 quem
1589 1288 1725 1329 quidem
1751 1297 1812 1320 sua
1843 1296 1887 1318 ex
1911 1287 2021 1318 lexico
2045 1285 2168 1325 tragico
2193 1284 2257 1326 dep

1330 1337 1438 1376 psisse
1464 1339 1561 1378 putat
1583 1336 1701 1368 Valck.
1730 1336 1772 1367 ad
1793 1334 1921 1366 Phoen.
1948 1329 2036 1375 800,
2071 1335 2189 1364 notum
2215 1328 2268 1364 est

1329 1380 1423 1420 τίνας
1440 1380 1519 1417 ποθ’
1545 1380 1645 1429 ἕδρας
1668 1380 1771 1416 τάσδε
1796 1392 1856 1427 μοι
1873 1378 2015 1419 θοάζετε
2039 1379 2098 1412 ΟΒ.
2114 1375 2148 1411 2.
2177 1379 2255 1420 Intp

1332 1431 1464 1463 diversa
1488 1431 1626 1463 abeunt.
1655 1430 1727 1462 Erf.
1756 1434 1790 1462 et
1814 1430 1930 1461 Herm.
1952 1437 2050 1470 quam
2072 1427 2153 1459 mihi
2175 1427 2253 1458 sess·

1332 1477 1498 1518 festinatis
1515 1479 1538 1509 i.
1562 1487 1591 1510 e.
1614 1486 1676 1519 quo
1701 1477 1810 1509 studio
1826 1477 1945 1508 venitis
1969 1484 2091 1507 sessum
2115 1471 2243 1518 [contra

1331 1525 1454 1557 Wund.
1467 1534 1599 1558 excurs.
1621 1525 1662 1557 ad
1678 1535 1711 1557 v.
1729 1521 1806 1569 16]:
1828 1524 1886 1555 alii
1904 1522 2090 1555 secundum
2099 1521 2189 1553 Plut.
2210 1521 2251 1553 de

1331 1576 1421 1614 poet.
1450 1583 1482 1614 p.
1504 1569 1549 1604 22
1566 1572 1607 1604 Ε.
1637 1575 1672 1604 et
1688 1572 1756 1603 EM
1780 1582 1814 1613 p.
1827 1567 1908 1612 460,
1925 1567 1969 1602 10
1994 1566 2051 1602 διὰ
2072 1565 2106 1601 τί
2121 1564 2234 1614 προσθ
2267 1607 2269 1611 Ι

1330 1617 1433 1653 τάσδε
1448 1617 1509 1657 τὰς
1528 1616 1638 1665 ἕδρας,
1666 1616 1699 1652 τί
1715 1611 1949 1666 προσχρῄζετε
1964 1613 2104 1654 ταύταις
2128 1617 2204 1653 ταῖς
2221 1610 2239 1648 ἔ

1332 1670 1371 1699 ut
1384 1667 1546 1707 Brunck.,
1564 1667 1688 1706 Reisig.
1704 1676 1812 1698 enarr.
1830 1665 1885 1698 OG
1899 1661 1989 1697 1162
2002 1667 2037 1695 et
2049 1663 2204 1704 inprimis
2216 1662 2255 1694 Bt

1332 1715 1442 1746 Lexil.
1464 1711 1499 1756 2,
1518 1711 1599 1747 205.
1629 1711 1686 1758 [Κ.
1709 1714 1873 1746 Schwarz.
1894 1714 2036 1744 accusat.
2058 1710 2093 1742 d.
2112 1710 2186 1742 inh.
2214 1718 2249 1751 p.

1330 1763 1375 1793 Et
1392 1762 1450 1793 ille
1466 1762 1604 1804 quidem
1621 1762 1694 1793 iure
1712 1771 1788 1793 cum
1813 1758 1945 1799 θάσσω,
1966 1756 2086 1799 θᾶκος,
2116 1754 2236 1792 θακεῖν

1330 1810 1433 1851 plecti
1459 1810 1603 1842 videtur.
1648 1809 1794 1840 Mediam
1818 1809 1907 1839 viam
1934 1806 2028 1839 Suid.
2057 1808 2172 1837 tuetur
2205 1799 2229 1848 ἢ

1331 1853 1571 1903 προκάθησθε,
1606 1857 1695 1897 quod
1713 1855 1925 1888 scribendum
1949 1848 2208 1898 προσκάθησθε.

1332 1913 1454 1936 manno
1471 1905 1619 1936 maxime
1631 1903 1696 1935 duo
1712 1904 1948 1935 adversantur:
1970 1900 2058 1942 quod
2075 1896 2211 1938 θοάζειν
2224 1897 2245 1930 d

1333 1961 1406 1983 esse
1423 1952 1548 1992 posuit,
1577 1952 1719 1983 alterum
1732 1950 1891 1991 Euripidi
1909 1958 1952 1980 ex
1969 1945 2052 1984 θοός
2069 1947 2240 1986 effectum,
2285 1978 2288 1979 γ

1333 2008 1407 2030 rum
1426 2010 1445 2031 a
1469 1995 1593 2044 τίθημι
1622 1999 1808 2039 profectum
1833 2001 1868 2029 et
1892 1995 2138 2036 antiquioribus
2163 1984 2288 2132 minz

1333 2046 1412 2078 dein
1439 2046 1527 2087 quod
1552 2050 1685 2087 praeter
1711 2045 1802 2077 hunc
1828 2047 1980 2075 nostrum
2006 2051 2097 2073 unus
2114 2041 2206 2073 locus
2223 2040 2272 2084 A·

1334 2093 1451 2135 Suppl.
1473 2089 1541 2125 603
1559 2092 1692 2124 sedendi
1708 2095 1824 2124 tuetur
1849 2090 2147 2131 significationem3
2176 2095 2261 2129 quae

1332 2141 1419 2172 bene
1440 2141 1487 2172 ibi
1505 2140 1681 2181 convenit,
1710 2140 1774 2171 alia
1790 2139 1913 2170 mutari
1937 2137 2096 2178 postulat.
2133 2135 2247 2167 Herm.
2265 2132 2288 2174 fl

1333 2191 1388 2219 tur
1413 2187 1522 2228 Jschol.
1549 2187 1659 2228 Apoll.
1690 2187 1753 2218 Rh.
1785 2183 1825 2227 1,
1851 2181 1920 2217 743
1952 2181 2111 2231 ταχύνειν
2143 2181 2236 2223 expli

1333 2244 1419 2275 quae
1445 2236 1514 2266 sola
1546 2235 1738 2276 explicandi
1763 2234 1816 2264 via
1846 2232 2014 2271 Hesychio
2038 2230 2159 2262 omissa
2188 2231 2250 2260 est.

1332 2282 1589 2321 Wyttenbachio
1607 2281 1773 2322 perversis
1791 2280 1950 2320 analogiis
1968 2279 2058 2318 niso,
2087 2278 2145 2318 qui
2167 2277 2240 2318 ipse

1334 2339 1400 2370 que
1431 2330 1559 2371 duplex
1584 2326 1667 2362 θοός
1689 2330 1814 2369 quietus
1839 2330 1874 2358 et
1904 2327 1998 2357 velox
2031 2324 2137 2356 fuisse
2167 2325 2254 2355 statu

1334 2377 1422 2408 Plut.
1443 2377 1467 2408 1.
1489 2387 1516 2408 c.
1537 2373 1580 2418 (t.
1601 2377 1627 2407 I.
1648 2385 1681 2416 p.
1707 2372 1801 2418 171),
1823 2378 1927 2406 taceo.
2072 2369 2105 2415 (Ι
2121 2380 2155 2412 p.
2171 2365 2250 2410 810,

1405 2432 1596 2480 Θολερός
1613 2433 1773 2466 turbidus.
1795 2428 2003 2478 θολερόντ
2030 2426 2242 2477 ταραχῶδες,

1334 2479 1477 2527 θαρτον,
1508 2479 1740 2528 βορβορῶδες,
1768 2476 2017 2525 τεταραγμένον
2035 2476 2182 2516 Hesych.
2204 2491 2245 2498 -

1334 2526 1469 2576 θολερῷ
1496 2531 1610 2563 κεῖται
1642 2531 1789 2575 χειμῶνι
1820 2524 1969 2571 νοσήσας
2001 2524 2056 2557 Αἰ.
2081 2519 2161 2556 206.
2194 2517 2256 2556 τεθ

1335 2574 1428 2622 μένῳ
1463 2578 1564 2608 schol.
1593 2577 1661 2608 Pal.
1699 2576 1751 2607 De
1777 2575 1909 2606 turbata
1933 2573 2045 2604 Aiacis
2070 2573 2185 2602 mente
2217 2578 2272 2605 su*

1333 2625 1468 2656 locutio.
1490 2625 1533 2656 cf.
1546 2623 1662 2655 Markl.
1685 2623 1725 2654 ad
1742 2622 1861 2663 Suppl.
1879 2616 1960 2652 222.
1980 2618 2092 2651 Monk.
2113 2617 2155 2650 ad
2170 2617 2244 2649 Alc.
2266 2655 2267 2658 Ἴ

1333 2668 1443 2714 (1077
1461 2669 1611 2713 Matth.).
1633 2670 1754 2701 Blomf.
1775 2669 1875 2709 gloss.
1895 2668 2005 2699 Prom.
2027 2661 2107 2697 910.
2282 2671 2288 2688 12

1406 2725 1486 2763 Θοό
1497 2740 1513 2766 ς
1530 2730 1635 2760 velox.
1665 2726 1768 2762 θοαῖς
1784 2724 1914 2763 πώλοις
1931 2725 1986 2757 ΕΙ.
2006 2721 2086 2756 738.
2107 2720 2188 2757 θοὸν
2206 2719 2288 2768 εἰριῇ

1335 2774 1435 2821 ζυγόν
1453 2777 1508 2808 Ai.
1519 2772 1588 2808 249
1597 2776 1649 2807 ch.
1671 2785 1747 2806 cum
1760 2775 1953 2815 hypallage;
1973 2769 2004 2805 εἰ
2026 2769 2101 2804 εσιά
2116 2771 2208 2802 enim
2224 2769 2288 2853 rea

1336 2820 1417 2868 θοή.
1437 2841 1477 2846 -
1497 2820 1582 2856 θοᾶν
1597 2820 1765 2855 ὠκυάλων
1778 2821 1936 2854 νεῶνᾋὶ.
1952 2816 1994 2851 71
2029 2818 2081 2850 ch.
2110 2819 2149 2849 In
2163 2813 2248 2850 θοὰν
2275 2818 2288 2859 'V

1337 2881 1402 2915 φαν
1422 2871 1478 2902 Tr.
1490 2867 1559 2902 857
1577 2870 1628 2901 ch.
1657 2871 1748 2901 inest
1763 2870 1923 2900 iuventae
1939 2866 2079 2907 pavidae
2096 2862 2288 2904 adsignfflofl'

1335 2917 1427 2955 Quae
1444 2918 1572 2948 Buttm.
1593 2917 1795 2957 explicatius
1812 2915 1853 2947 de
1869 2915 1903 2945 h.
1925 2924 1957 2944 v.
1978 2912 2163 2954 disputavit
2179 2906 2288 2949 Lexih‘

1335 2961 1399 3004 60,
1429 2964 1531 2995 huius
1556 2964 1619 2995 loci
1635 2973 1702 2995 non
1730 2966 1820 2994 sunt.
1859 2962 1910 2993 De
1927 2963 2067 2992 accentu
2083 2957 2246 3000 praecipit
2260 2949 2288 3004 [1

1335 3011 1462 3043 rodian.
1483 3008 1539 3051 41,
1561 3007 1638 3054 29.]
1672 3010 1739 3041 ΕΜ
1760 3020 1795 3050 p.
1814 3005 1896 3048 453,
1919 3004 1936 3038 1
1963 3010 1998 3038 et
2020 3006 2097 3038 Arc.
2124 3014 2159 3046 p.
2182 2999 2288 3043 103‚⁸!

1335 3058 1394 3098 qui
1408 3067 1493 3099 quae
1505 3058 1546 3090 de
1558 3058 1721 3089 feminino
1739 3054 1806 3102 θοή
1825 3055 1908 3087 dicit
1920 3063 1959 3086 eo
1971 3054 2041 3086 loco
2058 3061 2156 3084 nemo
2167 3047 2288 3105 deside}

1406 3123 1433 3161 Θ
1444 3137 1488 3172 ορ
1501 3119 1516 3159 ΐ
1531 3137 1554 3159 κ
1564 3137 1600 3160 ιο
1611 3132 1627 3159 ς
1656 3126 1835 3158 Thoricius.
1871 3125 1931 3157 τοῦ
1956 3120 2116 3169 Θορικίου
2141 3105 2288 3167 πέτρουῆ

1340 3170 1440 3206 1595.
1470 3173 1546 3205 Etsi
1563 3174 1750 3205 secundum
1767 3174 1869 3204 situm
1886 3171 1949 3202 loci
1962 3174 2051 3202 recte
2068 3170 2219 3201 observat
2230 3146 2288 3199 Hd

1337 3230 1426 3261 non,
1454 3223 1493 3252 ut
1514 3221 1588 3252 vult
1612 3220 1738 3260 schoL,
1775 3230 1794 3250 a
1818 3216 1921 3263 δήμῳ
1955 3213 2091 3262 Θορίκῳ
2116 3215 2242 3247 dictum
2257 3202 2288 3264 e)

1338 3268 1396 3309 qui
1414 3267 1644 3299 Acamantidis
1662 3267 1769 3298 tribus
1785 3274 1888 3307 prope
1907 3264 2049 3296 Sunium
2067 3263 2153 3294 situs
2169 3263 2250 3293 erat.
2277 3265 2285 3273 ¹·

1408 3330 1576 3382 *Θόρνιῖ
1587 3348 1632 3381 μι
1658 3337 1750 3367 salio.
1780 3336 1930 3366 Medium
1949 3332 2087 3365 coeundi
2105 3323 2288 3371 significati

1339 3386 1433 3416 extat
1450 3384 1516 3415 inc.
1539 3383 1578 3414 L.
1599 3379 1632 3414 9.
1655 3384 1753 3415 Brck.
1782 3379 1864 3425 [loco
1881 3379 2186 3420 Pseudosophocleo
2207 3388 2239 3409 v.
2259 3370 2288 3421 β1

1340 3427 1430 3475 μός].
1450 3427 1534 3476 ὅλην
1552 3427 1580 3462 δ’
1599 3427 1732 3475 ἐκείνην
1758 3426 1926 3475 εὐφρόνην
1945 3424 2118 3473 ἐθόρνυτο,
2147 3434 2200 3465 ap.
2220 3422 2288 3458 Eu!
