2288 3600
213 142 312 191 298

208 253 308 306 τρῴῳ
329 257 417 305 Ζηνί
431 260 487 292 Tr.
504 257 586 292 288.
618 257 707 305 Ζηνὶ
725 257 895 297 σύνθακος
913 258 1046 305 θρόνων
1064 259 1118 292 OC
1141 255 1230 291 1267

210 312 246 339 et
263 309 299 339 in
317 309 505 348 anapaestis
522 304 612 352 Ζηνὶ
637 306 793 353 τροπαίῳ
815 308 896 339 Ant.
919 304 999 339 658.
1023 325 1064 331 -
1083 308 1230 338 Accusa-

212 357 298 386 tivus
329 350 418 388 Δία.
459 352 652 400 ἐφυμνείτω
686 351 752 388 Δία
784 352 945 399 ξύναιμον
979 355 1061 386 Ant.
1084 351 1163 386 658.
1188 372 1228 377 —

212 399 346 448 Ζῆνα.
385 399 485 447 Ζῆνα
509 400 535 435 δ’
561 401 578 436 ὅ
603 413 677 435 κιον
702 400 800 436 καλῶ
818 402 880 434 Ph.
903 398 1005 434 1324.
1027 395 1113 447 Ζῆν’
1139 398 1156 433 ἔ
1173 411 1230 446 -ων

213 447 394 494 ἐπώμοτον
428 450 483 482 Tr.
508 447 574 482 118
621 453 655 482 et
679 450 714 481 in
740 451 865 481 melicis
888 447 940 486 τίς
972 446 1120 481 τέκνοισι
1177 442 1227 493 ἦν’

211 494 359 541 ἄβουλον
385 493 472 530 εἶδεν
498 497 554 529 Tr.
586 494 653 529 140
671 497 722 529 ch.
752 515 794 521 -
827 497 936 528 Vocat.
967 493 1036 529 Ζεῦ
1062 493 1230 541 ἀλεξῆτορ

213 543 268 576 OG
286 541 352 576 143
363 554 416 576 an.
440 542 481 578 ἰὼ
499 542 677 577 παντόπτα
691 541 760 577 Ζεῦ
782 541 870 576 1085
885 544 936 575 ch.
955 540 1025 576 Ζεῦ
1043 540 1107 576 ἀνα
1124 540 1225 575 1485.

212 588 282 626 Ζεῦ
312 589 503 625 παυσίλυπε
527 592 648 633 Naupl.
679 593 720 623 fr.
741 588 821 623 375.
852 590 879 624 ὦ
908 588 978 624 Ζεῦ
1001 592 1146 635 τροπαῖε
1170 590 1226 621 Tr.

211 636 292 671 303.
320 638 348 672 ὦ
373 636 444 672 Ζεῦ
469 639 531 670 Ph.
552 635 631 671 908.
664 635 766 671 1233.
794 638 852 670 OR
869 635 950 670 738.
983 634 1072 670 1198
1090 638 1142 669 ch.
1174 637 1229 669 OC

211 683 278 718 221
299 686 350 718 ch.
381 683 460 718 310.
483 682 550 718 533
570 686 621 718 ch.
651 682 731 726 642,
763 682 853 717 1456
871 695 924 717 an.
957 682 1043 716 1471
1065 685 1115 716 ch.
1140 681 1230 716 1748

211 743 258 764 m.
287 734 341 764 El.
363 730 443 765 766.
463 730 564 765 1466.
588 734 642 765 Tr.
665 730 744 765 200.
762 729 830 765 983
849 742 903 764 an.
925 729 992 763 995
1011 742 1064 763 an.
1086 733 1139 763 Ai.
1162 729 1230 764 387

213 791 258 812 m.
280 778 348 812 708
366 781 417 812 ch.
439 778 519 812 824.
540 778 620 812 831.
642 781 713 812 Pel.
735 782 777 812 fr.
797 777 878 812 442.
900 776 970 813 Ζεῦ
988 779 1070 811 Ant.
1093 776 1161 811 604
1175 779 1226 810 ch.

211 826 270 861 τὸν
300 827 328 861 ὦ
344 829 406 860 τᾶν
432 826 617 872 πυρφόρων
642 826 820 872 ἀστραπᾶν
846 825 958 872 κράτη
975 825 1090 871 νέμων
1114 826 1142 860 ὦ
1161 823 1231 859 Ζεῦ

212 873 319 919 πάτερ
338 875 395 908 OR
412 872 482 907 202
500 875 551 906 ch.
574 874 601 908 ὦ
620 876 656 906 in
674 876 799 916 optimo
817 875 904 906 Flor.
927 871 953 908 Γ
970 875 1143 914 omissum,
1166 883 1231 905 un-

211 923 254 954 de
279 921 349 957 Ζεῦ
372 920 442 956 Ζεῦ
468 923 545 964 quis
571 923 785 954 scribendum
810 923 1020 962 suspicetur:
1050 932 1081 952 v.
1111 922 1226 953 Herm.

211 971 271 1002 OR
288 967 356 1002 903
380 970 457 1002 libri
482 970 509 1003 ὦ
533 967 731 1016 κρατύνων,
762 966 855 1014 εἴπερ
874 966 948 1015 ὄρθ’
966 966 1120 1009 ἀκούεις,
1143 965 1226 1009 Ζεῦ,

211 1013 308 1051 πάντ’
330 1015 498 1050 ἀνάσσων.
528 1018 628 1049 Tricl.
658 1015 788 1060 (tacent
811 1017 903 1048 enim
923 1016 1024 1048 schol.
1046 1014 1151 1060 vett.)
1174 1017 1230 1047 in-

210 1068 418 1106 terpretatur
435 1062 521 1104 ἀλλ’,
543 1061 665 1105 ὦΖεῦ,
687 1062 705 1098 ὁ
722 1062 901 1110 κρατύνων
921 1062 1033 1097 πάντα
1048 1061 1107 1096 καὶ
1125 1061 1232 1096 ἀνάσ-

212 1122 281 1145 σων
293 1138 300 1152 ,
330 1109 427 1157 εἴπερ
446 1109 558 1158 ὀρθῶς
577 1109 666 1149 Ζεὺς
690 1109 828 1149 ἀκούεις
845 1109 904 1144 καὶ
923 1109 1094 1156 ὀνομάζει,
1116 1109 1231 1156 ὥσπερ

214 1156 273 1193 οὖν
292 1157 333 1192 εἷ.
364 1159 526 1200 Sequitur
543 1160 684 1199 Neuius,
714 1156 805 1196 Ζεύς
823 1160 964 1200 cupiens
981 1159 1137 1198 intelligi.
1160 1158 1232 1189 Me-

214 1208 281 1239 lius
300 1208 448 1240 Brunck.
469 1207 617 1248 explicat
641 1206 801 1248 siquidem
824 1209 908 1237 recte
933 1207 1059 1238 vocaris
1086 1207 1235 1237 omnium

214 1258 329 1286 rector.
352 1254 417 1287 Sed
431 1264 506 1286 cum
518 1252 675 1287 ἀνάσσειν
694 1263 722 1285 ο.
738 1263 847 1286 accus.
870 1263 936 1285 non
951 1254 1094 1293 dicatur,
1114 1254 1229 1284 Herm.

215 1302 320 1334 eiecto
333 1298 417 1341 Ζεῦ,
438 1300 574 1335 πάντων
592 1302 740 1343 scripsit,
755 1312 787 1333 V.
803 1299 952 1334 ἀνάσσω.
973 1299 1005 1344 (Ι
1014 1310 1049 1342 Ρ.
1063 1297 1234 1344 743,230.)

286 1369 382 1406 Ζέω
399 1369 510 1416 [Curt.
531 1373 586 1404 Et.
609 1382 643 1404 n.
665 1369 751 1417 567]
768 1372 962 1413 effervesco.-
989 1372 1031 1403 de
1049 1372 1100 1402 ira
1115 1371 1234 1402 tralate

214 1420 344 1452 dictum
362 1416 498 1464 ὁπηνίκ’
515 1417 582 1459 ἔζει
597 1416 679 1465 [ἕξει
691 1416 767 1463 LA]
781 1416 891 1464 θυμός
903 1419 959 1451 OC
969 1415 1051 1451 434.
1073 1419 1167 1450 Idem
1186 1419 1233 1450 si-

215 1467 343 1499 militer
359 1467 449 1498 dixit
465 1467 546 1499 Eur.
569 1468 653 1499 Hec.
672 1464 772 1499 1055.
795 1468 837 1498 cf.
856 1467 997 1498 Dorvill.
1019 1467 1059 1498 ad
1078 1465 1175 1498 Char.
1196 1476 1230 1506 Ρ.

214 1511 296 1547 233.
316 1515 442 1547 Iacobs.
464 1515 505 1546 ad
522 1515 660 1547 Anthol.
681 1511 714 1546 2.
736 1524 768 1555 p.
791 1511 824 1546 2.
854 1524 886 1555 p.
908 1511 989 1546 203.

287 1582 435 1629 Ζῆλος
452 1583 563 1641 [Curt.
585 1585 642 1617 Et.
665 1595 698 1617 n.
717 1582 800 1629 567]
818 1585 996 1616 aemulatio
1015 1583 1146 1624 cupida.
1166 1586 1234 1616 τῶν

213 1631 308 1677 ἐμῶν
327 1630 432 1678 ζῆλος
450 1644 490 1666 αν
509 1631 654 1677 ἐμπέσοι
671 1630 842 1677 ξυναίμων
856 1631 911 1664 OC
926 1629 1006 1663 943.
1025 1649 1066 1654 ——-
1081 1630 1232 1670 fortuna,

214 1690 314 1721 quam
331 1679 492 1712 invidiose
508 1682 657 1720 cupiunt.
688 1677 762 1717 οἵας
787 1677 946 1725 λατρείας
972 1674 1045 1712 ἀνθ’
1071 1676 1151 1711 ὅσου
1172 1675 1234 1721 ζή-

212 1724 275 1760 λου
293 1726 409 1773 τρέφει
421 1727 475 1759 Ai.
490 1723 571 1760 503.
594 1728 702 1760 Schol.
721 1725 952 1773 μακαρισμόν,
972 1723 1234 1770 εὐδαιμονισμόν

213 1775 374 1815 explicat,
392 1774 451 1806 sed
463 1776 613 1816 oportuit
623 1772 855 1819 εὐδαιμονίαν,
877 1775 919 1805 de
933 1774 1131 1805 Tecmessae
1143 1773 1234 1803 enim

215 1822 361 1863 pristino
394 1825 483 1854 statu
519 1822 611 1854 felici
635 1823 774 1854 dictum.
806 1840 846 1845 —
874 1823 915 1853 In
941 1821 999 1853 ΟΒ
1026 1817 1116 1851 1526
1133 1820 1231 1851 libri:

214 1864 377 1909 λεύσσετ’,
408 1865 572 1906 Οἰδίπους
599 1866 667 1910 ὅδε,
697 1866 788 1906 ὅστις
814 1866 853 1902 οὐ
881 1866 978 1913 ζήλῳ
1003 1865 1152 1900 πολιτῶν
1176 1865 1235 1900 καὶ

214 1914 334 1962 τύχαις
361 1914 569 1961 ἐπιβλέπων.
590 1917 687 1948 Unus
705 1917 791 1948 Flor.
814 1912 841 1949 Δ
861 1913 953 1953 ὅστις
972 1915 1118 1954 omittit,
1151 1924 1232 1946 con-

217 1964 347 2005 spirant
364 1964 465 1995 etiam
483 1964 545 1996 EG
563 1974 595 2005 p.
615 1961 694 2004 659,
716 1961 761 1996 30
778 1967 813 1995 et
830 1964 968 1995 Maxim.
992 1963 1159 1994 planudes
1177 1971 1231 2002 ap.

218 2011 318 2043 Bach.
338 2011 412 2043 AN.
440 2007 475 2051 2,
497 2007 554 2043 99.
584 2012 656 2043 Erf.
685 2021 751 2044 sec.
774 2011 903 2043 Coraen
929 2020 1015 2041 vers.
1046 2009 1132 2041 Gall.
1154 2009 1233 2040 cha-

216 2062 297 2090 ract.
319 2058 486 2098 Theophr.
508 2068 541 2099 p.
562 2055 630 2090 261
658 2056 756 2104 ζήλῳ
784 2055 935 2092 πολιτῶν
961 2054 1156 2101 ἐπιβλέπειν
1174 2066 1235 2087 ex-

215 2106 362 2147 plicabat
379 2107 500 2137 civium
512 2107 724 2146 prosperitati
742 2105 899 2145 invidere,
927 2108 961 2136 et
977 2105 1068 2135 hunc
1081 2104 1236 2145 sequitur

216 2153 349 2192 Pflugk.
371 2152 412 2184 ad
437 2153 521 2184 Eur.
551 2153 628 2185 Hel.
652 2150 755 2185 1108.
785 2150 959 2197 ζηλωταῖς
983 2150 1104 2198 τύχαις
1126 2152 1235 2182 inter-

217 2203 369 2241 pretatus
386 2209 446 2241 per
459 2199 662 2239 hendiadyn.
682 2201 755 2232 Hoc
772 2210 837 2232 non
856 2210 904 2240 eo,
928 2208 993 2240 quo
1003 2200 1230 2238 HermannuS‚

216 2248 420 2288 impugnabo
443 2251 658 2287 argumento,
689 2248 725 2279 in
752 2247 979 2288 epanaphora,
1008 2250 1047 2278 ut
1072 2249 1170 2285 ante,
1198 2243 1254 2281 ὅςι

217 2295 282 2326 dici
299 2295 475 2335 debuisse,
504 2304 571 2326 non
591 2293 700 2336 ὅστις,
729 2295 788 2326 sed
806 2291 902 2340 ζήλῳ
926 2291 1121 2338 ἐπιβλέπειν
1151 2292 1235 2324 mihi

219 2351 284 2373 non
303 2342 426 2374 melius
443 2342 570 2387 dictum
588 2343 732 2382 videtur,
754 2351 854 2382 quarn
881 2341 1058 2372 obtrectare
1076 2339 1232 2372 invidiae.

220 2389 288 2421 Nec
311 2390 437 2431 optime
461 2390 641 2421 convenire
674 2389 846 2420 sententia
868 2389 1062 2420 Hermanno
1087 2388 1234 2426 videtur,

219 2446 295 2468 cum
320 2446 386 2468 non
406 2436 560 2468 bonitatis
577 2437 701 2477 magis,
730 2446 829 2477 quam
847 2436 1004 2476 fortunae
1028 2435 1238 2467 desideretur

219 2484 427 2524 exemplum.
457 2483 585 2524 Musgr.
606 2484 710 2523 igitur
729 2481 765 2516 ὃν
782 2481 834 2516 τίς
860 2481 899 2516 οὐ
923 2480 1020 2528 ζήλῳ
1047 2484 1111 2528 τῆς
1127 2479 1238 2528 τύχης

221 2528 428 2575 ἐπέβλεπεν,
458 2532 543 2563 bona
566 2532 753 2570 sententia,
783 2531 840 2562 sed
866 2531 1011 2562 violenta
1036 2530 1235 2561 mutatione.

220 2579 362 2610 Barbare
386 2578 512 2618 Reisig.
542 2575 642 2615 ὅσσος
665 2588 723 2618 pro
749 2575 852 2615 ὅστις.
888 2578 1006 2609 Herm.
1035 2577 1169 2608 divisim
1203 2573 1239 2612 ὃς

219 2623 269 2662 τὶς
285 2622 362 2668 [cur
378 2629 475 2657 acute
493 2623 593 2668 hoc‘?]
611 2625 785 2657 subaudiri
802 2626 925 2656 iubens
949 2622 1004 2667 ἦν,
1034 2624 1097 2655 hoc
1114 2633 1216 2654 sensu
1230 2634 1236 2653 :

222 2673 277 2713 qui
295 2672 361 2712 fuit
374 2673 492 2713 aliquis
508 2682 577 2703 nort
589 2672 739 2704 invidens
756 2671 874 2703 studiis
887 2675 917 2702 et
933 2671 1078 2711 fortunis
1095 2672 1239 2702 civium:

222 2720 264 2752 cf.
294 2719 440 2751 cundem
474 2720 510 2751 in
534 2721 639 2760 praef.
668 2729 702 2760 p.
732 2716 785 2751 15.
831 2720 1010 2759 Ingeniosa
1035 2718 1238 2757 emendatio,

222 2767 279 2798 sed
297 2767 378 2798 dura
395 2771 530 2808 propter
548 2767 645 2798 iuxta
662 2767 769 2808 posita
795 2764 832 2803 ὅς
851 2770 885 2798 et
901 2763 952 2802 τὶς
970 2766 1085 2797 oratio.
1114 2762 1236 2808 [Dind.

1106 141 1207 191 Ζέω
1223 171 1292 178 —
1310 142 1453 209 Ζυγόν

182 2824 184 2827 ’
221 2814 314 2846 dedit
330 2815 398 2846 πᾶς
413 2812 449 2846 ὃν
469 2811 595 2859 ἐζήλου
619 2811 768 2847 πολιτῶν
794 2811 854 2846 καὶ
878 2810 999 2860 τύχαις
1017 2808 1240 2856 ἐπέβλεπον]

223 2861 269 2892 Ut
287 2871 393 2893 meam
414 2862 617 2893 sententiam
633 2862 812 2902 proferam,
840 2864 918 2901 apte
943 2861 983 2891 de
1001 2860 1144 2891 bonitate
1168 2859 1243 2889 ani-

222 2909 268 2939 mi
294 2907 439 2940 invidiae
464 2909 576 2940 aliena
601 2908 665 2940 dici
684 2908 837 2946 videtur,
859 2908 923 2939 etsi
942 2907 1137 2938 adversatur
1154 2906 1242 2937 Her-

225 2965 380 2988 mannus,
409 2956 523 2996 Magni
548 2956 638 2987 enim
658 2955 854 2994 infortunii,
883 2955 919 2985 in
938 2954 1026 2995 quod
1051 2963 1095 2985 ex
1113 2962 1243 2985 summa

226 3003 359 3034 fortuna
375 3002 526 3043 Oedipus
551 3002 721 3042 inciderit,
744 3002 871 3033 mentio
895 3002 962 3032 iam
981 3001 1148 3042 prioribus
1166 3009 1242 3030 ver-

223 3049 275 3080 bis
293 3047 329 3086 ὃς
354 3047 396 3082 τὰ
412 3043 518 3082 κλείν’
542 3046 711 3095 αἰνίγματ’
735 3041 804 3096 ἤδη
821 3046 882 3081 καὶ
898 3046 1077 3094 κράτιστος
1093 3045 1136 3092 ἠν
1154 3044 1243 3092 ἀνήρ

226 3097 311 3128 facta
335 3100 408 3136 est,
449 3096 582 3128 additur
615 3097 655 3128 ad
681 3096 1003 3128 commiserationem
1040 3094 1238 3134 augendam,

225 3146 357 3174 tantum
374 3145 484 3175 virum
501 3143 629 3175 invidia
646 3147 680 3175 et
697 3143 936 3176 obtrectatione
954 3143 1094 3173 aliorum
1110 3141 1244 3172 liberri-

225 3199 318 3221 mum
336 3191 461 3230 fuisse,
491 3194 531 3222 ut
547 3191 781 3231 indignissime
807 3199 881 3221 eam
899 3190 1052 3221 fortunae
1070 3189 1244 3220 vicissitu-

225 3237 339 3268 dinem
365 3247 484 3278 passus
509 3237 564 3269 sit.
604 3238 739 3269 Deinde
766 3235 802 3274 ὅς
826 3239 861 3268 et
886 3234 975 3273 ὅστις
1000 3237 1071 3277 pari
1090 3244 1191 3266 sensu
1211 3237 1246 3265 et

225 3284 340 3315 eodem
367 3285 462 3316 modo
493 3285 651 3324 coniungi
682 3284 829 3316 vidimus
856 3293 886 3314 V.
917 3281 1019 3319 ὅστις.
1064 3281 1183 3314 Cetera
1206 3284 1246 3312 ut

227 3334 343 3362 coeant
360 3331 419 3362 vix
436 3331 541 3362 unius
560 3332 677 3363 literae
695 3331 881 3362 mutatione
899 3339 981 3371 opus
1000 3329 1153 3361 videtur:
1185 3326 1245 3361 ὅσ-

226 3387 277 3413 τις
307 3375 346 3410 οὐ
378 3375 474 3422 ζήλῳ
500 3375 650 3410 πολιτῶν
675 3379 775 3414 ταῖς
799 3374 921 3423 τύγαις
944 3373 1153 3421 ἐπιβλέπων.
1192 3375 1246 3407 Sic

228 3424 397 3465 iungenda
423 3422 487 3457 οὐκ
514 3422 707 3469 ἐπιβλέπων
733 3421 810 3469 (ἦν)
841 3418 918 3462 τἀῖς
944 3421 1094 3457 πολιτῶν
1123 3420 1246 3469 τύχαις

1966 154 1998 200 [1
2016 167 2050 199 p.
2066 154 2286 203 κιο-7454

1269 257 1383 305 ζήλῳ;
1414 262 1468 301 qui
1492 269 1561 292 non
1586 260 1746 293 invideret
1769 263 1890 294 civium
1917 262 2062 302 fortunis
2074 266 2209 304 propter
2228 263 2286 295 ob-

1268 307 1428 339 trectandi
1453 307 1611 339 studium.

1339 363 1497 411 Ζηλόω
1523 366 1671 399 admiror
1688 377 1762 398 cum
1780 367 1918 399 invidia.
1949 365 2044 414 ζηλῶ
2063 377 2098 400 σε
2122 369 2183 402 τοῦ
2210 369 2282 409 νοῦ,

1266 415 1329 459 τῆς
1355 410 1392 446 δὲ
1417 411 1544 451 δειλίας
1568 418 1679 459 στυγῶ
1706 415 1759 445 ΕΙ.
1783 411 1883 447 1027.
1921 415 2007 447 Cum
2025 415 2180 447 irrisione
2204 415 2286 448 haec

1267 460 1356 492 dicta
1381 465 1473 493 sunt.
1508 459 1620 494 καίτοι
1640 471 1676 493 σε
1697 459 1757 494 καὶ
1781 463 1840 494 νῦν
1865 460 1964 495 τοῦτό
1997 472 2035 509 γε
2063 459 2187 506 ζηλοῦν
2213 459 2286 510 ἔχω

1267 507 1321 539 Ai.
1352 504 1431 539 552.
1476 505 1589 541 πολλά
1616 519 1651 541 σε
1677 506 1772 554 ζηλῶ
1802 506 1876 553 βίου
1912 509 1988 541 Ter.
2018 510 2059 541 fr.
2082 505 2163 550 516,
2187 507 2218 541 1.
2243 527 2283 534 -

1266 554 1396 595 felicem
1409 555 1574 595 praedico.
1598 553 1715 601 ζηλῶ
1730 568 1736 587 :
1768 554 1947 601 μακαρίζω
1963 556 2024 588 Ph.
2045 556 2133 589 Troi.
2146 557 2188 588 fr.
2203 553 2284 589 630.

1267 602 1321 634 Sic
1338 602 1485 641 Hesych.
1506 603 1600 634 Phot.
1623 613 1655 644 p.
1678 599 1734 644 53,
1759 600 1801 635 19
1817 603 1910 636 Suid.
1934 613 1965 635 v,
1986 601 2093 649 ζηλῶ.
2116 601 2184 648 [De
2196 604 2284 636 coni.

1267 649 1369 681 Dind.
1389 647 1515 693 ἐζήλου
1533 650 1591 682 OR
1611 647 1699 682 1526
1724 661 1756 682 V.
1778 648 1915 696 ζῆλος]

1338 705 1548 754 Ζηλωτός
1567 708 1694 740 invidia
1712 709 1842 750 diynus.
1871 705 1996 754 Κρέων
2013 706 2078 755 γὰρ
2101 707 2144 754 ἦν
2171 707 2288 755 ζηλω-

1266 753 1335 797 τός,
1366 754 1413 793 ὡς
1432 753 1524 801 ἐμοί,
1556 754 1640 790 ποτέ
1657 757 1736 788 Ant.
1761 753 1862 792 1161.

1339 822 1495 871 Ζημία
1518 836 1617 858 noxa.
1654 823 1693 860 οὐ
1718 824 1782 872 γὰρ
1812 824 1859 864 εἰς
1885 824 2016 860 ἁπλοῦν
2043 824 2066 872 ἡ
2095 824 2202 873 ζημία
2229 837 2288 872 μοι

1267 875 1326 907 τοῦ
1356 871 1397 907 λό
1422 884 1461 906 ου
1498 871 1620 907 τούτου
1651 872 1746 920 φέρει
1775 873 1833 906 OR
1850 871 1918 906 520
1941 883 2010 906 non
2033 875 2158 906 modice
2181 878 2285 907 nocet.

1269 918 1393 966 ζημίαν
1433 918 1547 965 αβεῖνι
1569 918 1643 954 ἀντὶ
1659 923 1720 954 τοῦ
1756 918 1970 967 ημιωθῆναι.
1991 918 2101 959 οὕτως
2121 918 2169 956 Σο
2202 946 2209 953 .
2226 919 2285 965 (fr.

1268 970 1334 999 inc.
1356 965 1442 1012 884)
1459 968 1556 1000 Phot.
1585 978 1618 1009 Ρ.
1640 965 1696 1009 53,
1718 965 1775 1000 25.
1804 969 1950 1001 Antiatt.
1977 969 2084 1000 Bekk.
2110 979 2144 1010 p.
2189 966 2221 1009 8,
2252 966 2286 1000 7.

1268 1013 1496 1059 [Sententiam
1522 1025 1587 1056 quo
1611 1017 1782 1057 pertineat
1806 1016 1907 1047 habet
1936 1020 2108 1056 grammat.
2139 1017 2285 1048 Vindob.

1270 1063 1389 1102 Bergk.
1413 1063 1513 1094 ZAW
1533 1059 1633 1095 1855.
1655 1073 1688 1104 p.
1715 1060 1797 1095 110:
1828 1061 1966 1107 ἄμεινόν
1986 1062 2056 1097 ἐστι
2073 1061 2198 1109 ζημίαν
2223 1060 2288 1097 λα-

1271 1108 1340 1155 βεῖν
1357 1107 1380 1154 ἢ
1399 1108 1522 1156 κέρδος
1539 1108 1679 1155 κακόν.]
1706 1110 1760 1143 Sic
1776 1120 1931 1151 poenam,
1961 1120 2027 1143 non
2044 1120 2169 1142 noram
2184 1111 2288 1143 inter-

1270 1158 1467 1198 pretaberis.
2085 1155 2118 1201 (Ι
2135 1168 2168 1200 p.
2191 1155 2288 1203 745]

1342 1213 1501 1262 Ζητέω
1522 1214 1633 1260 [Curt.
1656 1217 1711 1248 Et.
1733 1226 1767 1257 p.
1790 1213 1858 1248 552
1876 1217 1929 1248 ed.
1950 1213 1988 1260 2]
2017 1226 2137 1258 quaero
2155 1220 2189 1249 et
2205 1227 2288 1258 quae

1270 1265 1305 1295 in
1325 1273 1462 1295 sensum
1489 1264 1613 1296 cadunt
1636 1267 1671 1295 et
1688 1273 1774 1305 quae
1797 1267 1911 1295 mente
1936 1266 2219 1304 pervestigantur.
2247 1261 2288 1298 τὰ

1272 1304 1299 1342 δ’
1317 1308 1437 1357 εὑρετὰ
1456 1309 1473 1350 ζ
1499 1315 1548 1344 τῶ
1566 1312 1606 1342 fr.
1626 1312 1695 1343 inc.
1716 1307 1795 1351 723,
1820 1307 1850 1342 1.
1871 1308 2015 1357 τάνδρὸς
2045 1309 2085 1345 οὗ
2105 1309 2220 1357 ζητεῖς
2235 1311 2288 1344 ΟΒ

1272 1355 1351 1390 362.
1382 1357 1419 1392 ὃν
1437 1356 1486 1391 ποί
1510 1369 1545 1391 αι
1563 1356 1677 1403 ζητεῖς
1693 1355 1845 1391 ἀπειλῶν
1862 1354 1944 1390 450.
1973 1355 2075 1404 ὅνπερ
2103 1356 2210 1392 πάλαι
2228 1357 2288 1404 ζη-

1270 1407 1395 1450 τοῦμεν
1424 1403 1524 1437 1112.
1556 1423 1596 1428 -
1624 1403 1771 1445 ἐπίστω,
1808 1401 1906 1438 ταῦθ’
1932 1402 2012 1438 ὅταν
2038 1403 2147 1462 ζητῇς
2165 1432 2174 1446 ,
2212 1403 2288 1450 ἐμοὶ

1273 1450 1384 1498 ζητῶν
1410 1450 1555 1498 ὄλεθρον
1582 1449 1661 1484 659.
1686 1470 1726 1475 -
1747 1445 1872 1498 ζητεῖτ’
1897 1450 2001 1489 ἰόντες
2026 1451 2148 1498 ἀνορὸς
2174 1450 2288 1492 ἔξοδον

1270 1498 1384 1544 κακήν
1402 1501 1457 1532 Ai.
1478 1498 1559 1533 805.
1590 1498 1702 1545 ζητῶν
1725 1498 1784 1533 τὸν
1810 1497 1996 1546 αὐτόχειρα
2019 1502 2080 1533 τοῦ
2099 1499 2203 1546 φόνου
2227 1498 2288 1534 λα-

1273 1545 1344 1591 βεῖν
1370 1548 1427 1580 OR
1444 1545 1524 1579 266.
1555 1546 1705 1592 ζητοῦσα
1727 1546 1790 1592 τὴν
1818 1545 1881 1592 σὴν
1906 1541 1972 1579 ποῦ
1996 1545 2196 1594 κατοικοίης
2211 1558 2288 1592 τρο-

1273 1593 1341 1640 φήν
1373 1595 1429 1627 OC
1447 1592 1527 1627 362.
1566 1591 1719 1629 ὁθούνεκ’
1757 1591 1858 1627 αὐτὸν
1893 1591 2075 1639 ἐξεύρομεν
2110 1593 2288 1640 ζητοῦντες

1272 1639 1382 1688 ἐχθίω
1401 1638 1546 1687 Φρυγῶν
1566 1644 1620 1674 Ai.
1637 1638 1737 1674 1054.
1755 1642 1869 1673 Reisk.
1887 1642 1973 1673 coni.
1992 1638 2155 1682 ξυνόντες,
2177 1642 2287 1674 Eldik.

1271 1700 1360 1731 spec.
1391 1699 1484 1730 susp.
1513 1699 1546 1730 Ρ.
1569 1687 1589 1721 3
1616 1686 1769 1734 ζητοῦντ’
1800 1682 1862 1721 ἕτ’;
1893 1693 2027 1730 praeter
2055 1689 2288 1721 necessitatem

1274 1742 1434 1778 uterque;
1471 1741 1561 1768 recle
1587 1737 1678 1768 enim
1705 1736 1807 1767 schol.
1837 1732 2048 1774 ἐξετάζοντες
2073 1737 2231 1777 explicat.
2260 1733 2288 1767 v]

1274 1786 1353 1817 Lob.
1371 1785 1410 1815 ad
1423 1794 1454 1814 v.
1474 1781 1574 1815 1054.
1589 1801 1629 1807 —
1650 1783 1833 1814 Passivurn.
1854 1781 1894 1816 τὸ
1913 1781 1950 1816 δὲ
1967 1780 2177 1829 ζητούμενον
2196 1781 2288 1817 ἀλω-

1271 1830 1330 1865 τόν
1356 1831 1414 1863 OR
1433 1827 1518 1871 11ος
1549 1832 1731 1863 illustravit
1748 1831 1895 1862 Brunck.

1344 1899 1537 1947 Ζήτημα
1560 1911 1611 1932 res
1636 1902 1794 1941 quaesita.
1822 1899 1860 1934 τὸ
1886 1898 1923 1933 δὲ
1947 1899 2088 1946 ζήτημα
2114 1903 2174 1934 τοῦ
2201 1899 2288 1945 πέμμ-

1272 1948 1399 1995 ψαντος
1425 1947 1467 1993 ἦν
1494 1945 1623 1992 Φοίβου
1646 1946 1717 1981 τόδ’
1749 1946 1868 1988 εἰπεῖν,
1898 1946 1989 1984 ὅστις
2015 1946 2188 1994 εἴργασταί
2213 1944 2288 1982 ποτὲ

1272 1998 1330 2029 OR
1346 1994 1428 2028 278.
1459 1996 1568 2029 Schol.
1599 1996 1671 2027 cod.
1692 1997 1786 2036 Lips.
1809 2006 1828 2027 a
1845 1999 1936 2027 recte
1954 1996 2126 2027 intellexit
2155 1993 2288 2041 ζήτημα

1272 2045 1499 2076 accusativum
1517 2053 1590 2074 esse
1608 2044 1648 2074 ab
1666 2041 1774 2075 εἰπεῖν
1793 2052 2010 2083 suspensum,
2038 2044 2094 2074 cui
2118 2043 2288 2084 sequentia

1271 2092 1394 2123 deinde
1412 2091 1593 2131 epexegesi
1622 2091 1799 2122 addantur.

1344 2159 1494 2206 Ζήτησ
1505 2171 1514 2193 ι
1525 2167 1541 2192 ς
1566 2161 1787 2200 investiyatio.
1816 2163 1890 2197 πῶς
1907 2158 2030 2205 ἀνδρὸς
2045 2158 2136 2193 κατὰ
2152 2157 2288 2206 ζήτησιν

1272 2207 1311 2242 οὐ
1330 2207 1476 2253 πέμπεις
1492 2206 1566 2240 τινά
1584 2208 1639 2239 Tr.
1661 2204 1717 2239 55.
2282 2207 2288 2218 ¹·

1344 2264 1374 2301 Z
1382 2279 1405 2312 η
1413 2278 1432 2299 τ
1439 2277 1462 2311 η
1472 2278 1491 2299 τ
1500 2264 1516 2299 έ
1526 2277 1542 2299 ο
1554 2278 1569 2303 ς
1583 2265 1798 2307 quaerendus.
1817 2263 1920 2311 πεῖρά
1928 2276 1979 2303 τις
1989 2263 2140 2311 ζητητέα
2150 2249 2288 2307 Amoj

1347 2335 1376 2371 Z
1386 2349 1409 2383 η
1419 2349 1469 2382 τη
1479 2348 1499 2369 τ
1510 2335 1527 2369 ό
1538 2348 1554 2374 ς
1571 2339 1741 2377 expetitus.
1764 2335 1802 2369 σὲ
1818 2338 1892 2373 τοῖς
1907 2335 1982 2370 ἐκεῖ
1996 2335 2142 2382 ζητητὸν
2157 2333 2288 2382 ἀνθρώ-Ἴ

1274 2397 1350 2423 ποις
1368 2383 1451 2418 ποτὲ
1470 2381 1603 2417 θανόντ’
1622 2382 1759 2417 ἔσεσθαι
1777 2383 1833 2416 OC
1851 2380 1930 2415 390.

1347 2441 1436 2489 Ζοή
1464 2455 1494 2475 v.
1526 2442 1612 2487 ζωή.

1348 2501 1605 2548 Ζύγαστρον
1640 2502 1733 2533 cista.
1771 2499 1801 2539 ζ.
1829 2499 1997 2545 κίβωτος·
2040 2499 2168 2546 κυρίως
2201 2497 2239 2533 δὲ
2269 2495 2288 2587 ξ

1277 2549 1394 2595 ξυλίνη
1422 2548 1538 2595 σορός,
1576 2546 1669 2593 παρὰ
1692 2546 1732 2580 τὸ
1758 2544 1952 2593 ἐζυγῶσθαι
1984 2548 2079 2580 Phot.
2108 2557 2142 2588 p.
2164 2544 2221 2587 54,
2253 2544 2283 2588 1,

1277 2608 1353 2630 cum
1371 2597 1546 2638 Euripidis
1564 2596 1773 2628 auctoritate.
1802 2592 1939 2640 ξυλίνην
1959 2593 2057 2640 σορόν
2079 2595 2180 2626 etiam
2199 2589 2288 2635 Suifflfj

1276 2647 1530 2685 interpretatur.
1567 2644 1634 2683 Ap.
1661 2642 1808 2681 Hesych.
1830 2643 1950 2674 vitiose
1975 2643 2132 2673 scribitur
2159 2639 2288 2686 ζύγαέ

1278 2702 1414 2737 στρος.
1439 2708 1479 2713 —
1499 2688 1643 2734 κᾶθηκα
1660 2699 1698 2721 συ
1729 2682 1867 2728 πτύξασ’
1892 2687 2051 2733 ἀλαμπὲς
2067 2686 2169 2733 ἡλίου
2186 2685 2288 2733 κοίλᾳ

1278 2737 1453 2784 ζυγάστρῳ
1473 2735 1583 2782 δῶρον
1601 2737 1655 2768 Tr.
1674 2700 1754 2768 69¹2.
1775 2737 1886 2768 Verba
1902 2734 2010 2781 κοίλῳ
2029 2734 2204 2781 ζυγάστρῳ
2222 2739 2288 2773 me!

1278 2790 1407 2818 morant
1431 2786 1529 2817 Eust.
1563 2795 1595 2825 p.
1617 2780 1696 2820 956,
1720 2780 1753 2815 6.
1782 2784 1846 2814 ΕΜ
1871 2793 1905 2824 p.
1923 2780 2004 2823 412,
2025 2780 2083 2814 28.
2111 2783 2229 2814 Zonar.
2257 2776 2288 2823 ΡΖ·

1278 2830 1359 2873 962,
1387 2833 1441 2864 hic
1468 2832 1587 2863 vitiose
1612 2831 1735 2872 scripto
1761 2827 1865 2876 Εύλῳ.
1893 2831 1936 2861 V.
1958 2830 2074 2862 Valck.
2096 2830 2136 2861 ad
2155 2829 2288 2868 Theocr.

1278 2881 1440 2912 Adoniaz.
1460 2889 1494 2920 p.
1516 2875 1596 2910 335.

1352 2947 1410 2983 Ζυ
1423 2946 1508 2994 γόν.
1541 2946 1640 2992 ζυγός
1658 2956 1834 2979 commune
1851 2946 1976 2978 dicitur
1994 2946 2054 2978 EG
2072 2956 2106 2986 p.
2127 2942 2207 2986 233,
2230 2935 2288 2991 12»ιῇι

1280 2997 1497 3037 distinguunt
1514 2994 1613 3040 ζυγός
1631 2999 1665 3026 et
1683 2992 1795 3039 ζυγόν,
1818 2994 1877 3025 sed
1891 3003 1956 3025 non
1970 3003 2036 3035 qua
2054 2992 2288 3033 signification!

1281 3045 1381 3086 Soph.
1402 3043 1502 3083 dixit,
1522 3042 1723 3074 Ammonius
1741 3051 1774 3082 p.
1790 3037 1847 3072 65.
1868 3041 1932 3072 ΕΜ
1950 3051 1984 3082 p.
2001 3037 2081 3080 412,
2098 3036 2131 3071 9.
2154 3029 2288 3076 Thomu}

1282 3102 1311 3123 v.
1342 3088 1454 3136 ζυγός.
1476 3108 1520 3113 -
1546 3088 1561 3131 11
1587 3091 1702 3129 iuyum
1726 3089 1859 3129 proprie
1884 3088 2023 3119 dictum.
2051 3084 2156 3120 ἵππον
2181 3083 2288 3125 difien]

1280 3135 1478 3182 (ύπάξεται)
1491 3133 1690 3182 ἀμφίλοφον
1705 3133 1804 3180 ζυγόν
1816 3136 1897 3166 Ant.
1912 3131 1974 3166 351
1988 3135 2039 3166 ch.
2058 3132 2156 3178 ζυγοῖ
2163 3133 2264 3165 Herm

1282 3186 1446 3217 violenter
1456 3184 1764 3222 ceterareflngens:
1786 3193 1818 3213 v.
1841 3179 1914 3226 ἄγω
1932 3186 1966 3213 et
1983 3178 2191 3226 άμφίλοφος.
2211 3138 2288 3221 'mag

1283 3232 1463 3268 ισώσαντες
1493 3228 1577 3275 ζυγὰ
1606 3227 1800 3274 ἠλαυνέτην
1839 3229 1891 3260 El.
1919 3225 2000 3260 738.
2032 3245 2072 3251 --
2100 3226 2288 3268 transtrum

1282 3276 1364 3313 θοὸν
1382 3277 1412 3311 εἰ
1435 3275 1526 3310 εσίας
1545 3275 1662 3322 έζυγὸν
1681 3274 1822 3320 ζόμενον
1841 3273 2045 3319 ποντοπόρῳ
2062 3271 2118 3306 ναῒ
2142 3268 2288 3318 μεθεῖνή

1283 3327 1338 3358 Ai.
1358 3322 1404 3358 24
1445 3325 1498 3357 ch.
1526 3336 1557 3356 v.
1580 3325 1660 3356 Lob.
1691 3327 1725 3355 et
1742 3323 1858 3354 Herm.
1882 3339 1922 3345 —
1947 3321 1962 3363 ΙΙ
1989 3322 2121 3353 Tralate
2139 3318 2288 3365 dicuntds

1282 3373 1375 3404 haec.
1413 3383 1437 3405 π
1461 3370 1497 3406 ὸς
1529 3369 1587 3404 οἷα
1617 3367 1773 3406 δουλείας
1803 3368 1886 3415 ζυγὰ
1913 3370 2097 3415 χωροῦμεν
2129 3368 2184 3399 Ai.
2213 3359 2288 3404 9443

1280 3418 1361 3457 τοὺς
1380 3417 1418 3452 δὲ
1456 3416 1595 3452 ουλείας
1612 3416 1711 3463 ζυγὸν
1731 3415 1830 3463 ἔσχεν
1849 3414 1999 3462 ἀνάγκας
2013 3415 2089 3447 Ter.
2107 3415 2148 3446 fr.
2166 3409 2244 3453 518,
2258 3404 2288 3447 A&

2252 3484 2288 3600 fi
