2288 3600
74 274 82 288 5
117 259 129 291 i
145 259 274 292 dicunt.
302 260 363 291 Illa
380 259 510 291 ratione
526 259 653 292 dictum
671 255 831 297 ὀξυτόνου
850 255 906 290 διὰ
922 255 1027 291 πνεύ-

92 317 124 343 ς
141 306 200 338 Ph.
225 302 313 338 1093
330 316 374 339 m.
403 307 520 338 Altera
533 303 701 345 ὀξυτόνων
718 303 808 352 γόων
827 305 880 336 El.
898 301 1022 336 244m.

18 357 24 364 '
47 362 52 365 ·
102 368 108 381 ι
135 363 194 390 ους
211 348 306 398 ᾠδὰς
323 351 488 400 θρηνήσει
504 353 559 386 Ai.
581 350 650 385 630
666 353 718 384 ch.

85 415 333 469 Ὀξύφωνος
356 424 456 456 acuta
475 421 628 466 (canora)
651 433 738 456 voce.
778 420 953 502 ὀξόςὲωνος
977 422 1026 459 ὡς

0 466 132 524 ζξρηδών
157 470 211 502 Tr.
232 466 300 501 963
318 469 369 502 ch.
724 470 771 512 (ΙΙ
791 480 824 511 p.
870 466 928 511 23,
952 466 1028 513 18.)

21 552 30 566 ι
83 516 365 574 [ῩὉξύχολος
392 539 421 561 v.
444 525 647 576 ὀξυχόλως]

84 593 332 645 ῸΕυχόλως
357 600 426 631 acri
443 600 495 631 vel
514 601 610 631 celeri
628 601 688 631 ira.
724 596 857 646 ζεύχθη
884 591 920 630 δ’
947 594 1028 636 ὀξυ-

0 642 130 693 ,ῇῦλως
146 647 229 683 παῖς
248 644 266 680 ὁ
281 642 453 692 Δρύαντος
466 648 548 678 Ant.
566 643 635 677 955
653 646 703 677 ch.
734 645 787 677 Sic
802 646 917 678 Herm.
936 654 1028 676 nunc

3 687 58 725 ὀἳ
75 692 134 724 LA
162 691 271 734 [cuius
295 703 345 734 pr.
366 703 411 725 m.
433 691 609 740 ὀξυλόχως
632 694 767 734 babath
797 694 875 725 olim
902 690 1027 738 ὀξυχό-

0 735 88 786 ὗ,λαις
105 740 162 771 ille
179 741 220 772 de
239 741 448 782 coniectura,
486 751 562 772 cum
582 738 699 786 ὀργαῖς
712 765 719 779 ,
748 741 837 781 qnod
856 740 1024 780 sequitur,

0 786 234 832 gvoniungens.
265 785 423 834 ὀξυλόχῳ
442 788 544 819 schol.
566 791 601 819 et
620 797 721 827 marg.
743 788 850 819 'l'urn.
865 812 873 827 ,
902 783 1028 833 ὀξύχο-

1 829 75 871 ’νλος
91 842 168 866 cum
187 833 351 874 Scaligero
378 836 479 867 Dind.

87 886 269 937 [⁸²’Oood2
285 893 340 925 OC
358 890 428 926 220
445 894 532 925 coni.
553 894 657 925 Dind.
681 904 711 924 v.
735 894 756 924 i.
778 883 839 938 ὠ]

80 956 268 1000 Ὄπᾶὃός
301 966 450 996 sectator.
490 963 638 996 Comites
663 967 698 995 et
723 963 871 994 ministri
897 962 1028 1002 signill-

0 1011 152 1042 “mnturz
181 1003 321 1055 *αἴρετ’
344 1008 468 1044 ὀπαδοί
493 1011 549 1043 Tr.
573 1008 662 1043 1264
686 1020 741 1042 an.
773 1010 1027 1052 [interpolatum

12 1055 121 1089 locum
150 1057 279 1089 iudicat
296 1058 415 1099 Dind.]
456 1059 522 1091 Sed
548 1060 748 1091 venatricem
774 1058 915 1089 Dianam
945 1057 1027 1088 dicit

6 1101 216 1150 ,κασιγνήταν
233 1098 489 1149 (Ἀπόλλωνος)
511 1102 768 1138 πυκνοστίκτων
796 1102 925 1138 ὀπαδὸν
944 1101 1028 1136 ἐλά-

14 1159 89 1197 φων
111 1151 167 1183 OC
195 1148 285 1183 1092
309 1152 360 1184 ch.
389 1154 432 1184 cf.
460 1154 573 1194 intpp.
602 1169 643 1174 —
670 1153 846 1184 Dorismus
870 1152 972 1183 etiam
991 1151 1025 1181 in

6 1196 74 1241 ‚hae
98 1207 178 1230 voce
204 1207 269 1231 non
289 1199 370 1231 solis
394 1200 550 1241 tragicis,
579 1200 638 1231 sed
666 1200 789 1231 Atticis
808 1199 1027 1240 scriptoribus

0 1245 170 1277 :omnibus
196 1247 296 1277 unice
322 1246 468 1287 placuit:
507 1258 538 1279 v.
568 1247 650 1279 Lob.
676 1247 716 1278 ad
744 1247 866 1286 Phryn.
888 1255 921 1287 p.
942 1241 1023 1277 431.

2 1289 63 1334 {et
84 1292 190 1324 Dind.
215 1293 251 1324 in
278 1293 379 1325 Thes.
400 1294 487 1325 LGr.
514 1291 547 1325 5.
568 1304 602 1335 p.
622 1290 744 1335 2079.]
788 1293 900 1332 Quare
925 1292 1024 1323 Eust.

0 1346 140 1372 *errasse
157 1340 348 1372 censendus
366 1342 517 1373 scribens
543 1339 596 1374 ὀπ
640 1338 712 1378 δός
738 1335 821 1386 παρ’
849 1333 1024 1380 Ἀττικοῖς,

0 1383 179 1424 ῗύπαὸός
204 1385 243 1420 δὲ
264 1391 391 1425 κοινῶς
413 1398 447 1430 p.
479 1385 581 1429 1376,
604 1352 675 1428 Ῡ4,
702 1391 761 1419 aut
786 1389 855 1420 loca
879 1387 1026 1418 vocabu-

0 1430 120 1479 k(ibrum
144 1435 379 1467 commutanda
403 1438 495 1467 sunt.
539 1435 815 1476 Aspirandumne
834 1435 899 1475 sit,
928 1434 1028 1475 paulo

0 1476 195 1524 pirmenius,
219 1490 282 1513 nec
297 1491 366 1514 uno
383 1482 478 1515 modo
496 1483 597 1514 scribi
614 1483 650 1514 in
667 1483 742 1515 edd.
758 1482 835 1514 Aldi
854 1485 890 1513 et
907 1482 1028 1513 Lasca-

0 1526 60 1574 j‘rla
85 1528 204 1560 Elmsl.
234 1530 424 1561 observavit
452 1530 494 1562 ad
517 1530 598 1562 Eur.
626 1530 717 1561 Med.
739 1527 795 1561 51.
832 1527 899 1561 Sed
916 1538 1026 1569 quan-

0 1582 114 1621 qunam
131 1575 220 1607 haud
237 1575 340 1608 dubie
354 1576 550 1617 quaerenda
562 1578 597 1608 in
611 1573 741 1621 ἕπομαι
753 1576 904 1608 vocabuli
921 1576 1022 1616 origo,

2 1622 295 1666 {quemadmodum
320 1623 398 1655 Orio
422 1625 560 1656 tradidit
583 1634 617 1666 p.
641 1621 726 1665 120,
754 1620 811 1655 22.
839 1621 899 1667 [cf.
927 1624 1022 1655 Curt.

0 1663 69 1711 βε.
90 1679 123 1710 p.
145 1666 227 1711 576]
240 1695 248 1710 ,
283 1674 396 1702 tamen
414 1672 505 1702 inter
521 1671 581 1702 hoc
606 1675 641 1703 et
658 1669 788 1708 ὀπαὸός
810 1670 958 1702 medium
977 1671 1026 1701 lo-

0 1710 89 1761 {in'nm
113 1719 148 1748 et
170 1718 268 1757 quasi
287 1718 374 1749 viam
400 1719 572 1750 formando
591 1719 746 1750 vocabulo
771 1717 1027 1758 ingrediendam

0 1758 190 1823 {pompavit
206 1761 326 1802 ὀπάζω
339 1763 422 1807 (ΕΜ
434 1775 467 1806 p.
485 1761 564 1806 627,
585 1763 661 1808 10.)
679 1765 769 1796 unde
787 1762 919 1805 ὀπάων,
939 1773 1026 1805 quae

0 1813 91 1851 mm
107 1819 274 1843 consensu
291 1812 475 1844 efferantur
491 1813 561 1843 leni
575 1813 709 1853 spiritu,
731 1813 773 1843 de
791 1810 918 1849 ὀπαδός
936 1812 1025 1842 idem

0 1852 160 1893 &disertus
176 1859 275 1890 testis
293 1862 346 1891 est
362 1862 477 1890 auctor
501 1860 602 1891 lexici
619 1869 656 1892 π.
677 1870 801 1904 πνευμ.
833 1869 867 1900 p.
888 1856 969 1890 234.
991 1869 1022 1890 ν.

0 1898 144 1949 ἳόπάων.
179 1906 350 1938 Accentus
377 1907 563 1938 verbalium
580 1915 743 1947 personae
761 1907 1024 1946 significantium

0 1951 199 1983 &eommunis
217 1955 280 1984 est.

0 2010 28 2051 ᾗῇ
78 2004 248 2044 Ὀπάων
282 2021 409 2052 comes,
439 2013 603 2045 minister.
648 2009 682 2046 οἵ
709 2009 745 2045 τ’
771 2009 916 2048 ὀπάονες
941 2005 1025 2044 οἵτ’

0 2052 106 2103 fine<
123 2054 157 2090 οἵ
171 2055 199 2090 τ’
216 2055 362 2096 ἀπόντες
379 2059 461 2091 Ant.
481 2056 582 2092 1008.
603 2070 634 2091 v.
655 2057 786 2104 ἄπειμι.
810 2077 850 2082 -
871 2056 944 2092 αἵδε
983 2057 1025 2104 ἀρ

0 2101 112 2154 ζ-χέρες
129 2101 272 2150 Θησέως
290 2103 422 2139 ἔσωσαν
440 2103 614 2151 φιλτάτων
626 2103 654 2139 τ’
672 2104 829 2139 ὀπαόνων
847 2106 902 2138 OC
919 2070 1021 2138 1153.

1 2157 60 2196 ξφ·-
84 2151 136 2182 De
160 2153 284 2193 spiritu
307 2153 459 2195 locuples
484 2154 581 2185 testis
604 2156 658 2185 est
685 2154 786 2185 schol.
814 2153 853 2184 ll.
879 2150 911 2185 λ.
939 2150 1020 2185 257.

0 2196 55 2240 fus.
76 2198 145 2230 lex.
166 2209 203 2231 π.
222 2210 347 2244 πνευμ.
367 2210 400 2241 p.
420 2196 501 2232 234.

0 2272 29 2299 μς
82 2250 221 2302 -Ῐ-Ὀπή
246 2258 392 2298 fenestra
420 2268 463 2290 ex
488 2258 591 2291 Eust.
618 2269 653 2300 p.
689 2256 798 2301 1908,
827 2256 883 2291 39.
924 2261 1024 2292 resti—

0 2303 178 2357 -sswendum
195 2305 350 2346 Sophocli
368 2306 475 2337 videri
492 2307 642 2338 diximus
661 2317 692 2339 ν.
714 2305 880 2352 ἐφέστιος.

0 2387 32 2418 <-
73 2365 187 2420 ”Οπῃ
214 2385 279 2416 qua
301 2377 368 2408 via.
398 2373 554 2421 ἐμβαλοῦ
580 2370 615 2421 μ’
640 2375 710 2422 ὅπῃ
727 2374 841 2414 θέλεις
858 2377 918 2409 Ph.
940 2374 1020 2409 481.

0 2413 93 2467 {cobb'
119 2419 192 2468 ἔχω
215 2421 266 2468 πᾷ
288 2419 363 2462 θῶ,
388 2421 458 2469 ὅπᾳ
483 2422 650 2470 πρότερον
673 2421 738 2458 ἴδω
763 2425 844 2456 Ant.
870 2421 958 2456 1342
976 2434 1020 2455 m.

0 2470 81 2510 „Qua
95 2470 153 2500 υἱα
170 2471 266 2509 quasi
282 2469 431 2503 incedere
449 2469 577 2510 faciam
593 2471 706 2505 oculos
717 2497 725 2511 ,
761 2475 799 2502 ut
817 2472 928 2512 aliquo
944 2481 1023 2512 per-

4 2512 164 2554 neniam.
204 2513 284 2549 ὅποι
313 2525 376 2548 nec
399 2518 514 2549 minus
538 2521 656 2559 aptum
674 2522 737 2550 est.
775 2519 864 2558 Aug.
883 2519 916 2550 b.
938 2515 1020 2564 ὅπη.

11 2552 82 2604 ὅπα
109 2560 274 2608 πρότερον
302 2561 369 2596 ἴδω
397 2566 460 2598 πᾶι
488 2563 548 2597 καὶ
580 2560 633 2598 θῶ
666 2566 739 2597 LA.
767 2566 924 2606 Plerique
956 2563 1025 2610 ὅπᾳ

10 2606 98 2654 πρὸς
116 2607 259 2656 πότερον
276 2607 355 2651 ἴδω,
379 2611 429 2656 πᾷ
441 2609 499 2644 καὶ
511 2607 576 2653 θῶ,
596 2612 632 2643 in
653 2622 719 2653 qua
731 2613 896 2653 scriptura
916 2616 950 2644 et
965 2611 1025 2646 καί

5 2659 228 2698 qmpectum,
261 2661 296 2689 et
318 2655 388 2703 ὅπᾳ
410 2656 496 2703 πρὸς
519 2657 685 2704 πρότερον
709 2660 762 2691 bis
788 2659 879 2691 idem
896 2660 1023 2691 dictum

13 2696 150 2741 liabent.
180 2703 292 2742 Quare
310 2705 393 2736 illud
410 2705 525 2738 Herm.
547 2707 709 2746 reposuit.
739 2703 857 2750 [Dind.
881 2707 976 2738 dedit
992 2717 1021 2739 c.

12 2743 162 2799 ssaysero
179 2748 255 2784 οὐδ’
276 2748 349 2797 ἔχω
367 2749 436 2785 ὅπα
452 2750 536 2797 πρὸς
553 2750 679 2798 πότερα
694 2750 838 2797 κλιθῶ]
880 2753 1023 2786 Sensum

12 2797 163 2876 ⁸§inplicat
179 2798 224 2837 gl.
244 2798 280 2829 in
298 2799 419 2830 Dresd.
440 2809 471 2831 a.
490 2803 527 2831 et
544 2801 631 2839 Aug.
651 2801 684 2831 b.
700 2825 708 2840 ‚
735 2797 783 2837 είς
798 2799 857 2833 τὸν
875 2798 983 2854 παῖδα
997 2797 1023 2845 ἢ

4 2859 6 2861 ,
29 2852 64 2880 ,ς

86 2842 247 2923 Ι13841105.
268 2891 384 2924 Unum
401 2902 512 2934 apogr.
534 2890 616 2938 ὅπη.
646 2890 733 2926 ὅπου
751 2894 822 2925 LA.
850 2891 962 2937 [ὅπως
979 2894 1019 2926 G.

8 3074 91 3111 &um
107 3087 245 3120 versus,
272 3082 307 3110 et
323 3079 366 3111 de
381 3080 579 3120 quiescente
596 3081 710 3121 aliquo
725 3082 797 3113 loco
813 3082 942 3113 dictum
960 3082 1020 3114 de-

801 130 1067 207 Ὀἓύερωνος
1096 169 1157 176 ——
1177 129 1353 188 ’Όπλον

1980 137 2073 188 531

1062 259 1252 290 servabitur
1270 261 1283 289 ἰ
1301 258 1475 297 analogiae
1494 267 1602 297 causa,
1625 258 1759 289 etiamsi
1779 255 1863 294 ὅπος
1875 260 1911 289 et
1928 255 1992 295 πός
2011 266 2076 288 non

1061 307 1294 346 reperiantur,
1331 314 1418 346 quae
1442 305 1532 336 dicta
1556 305 1738 345 aliquando
1764 306 1870 336 fuisse
1894 304 2077 336 verisimil-

1062 353 1180 383 limum
1222 355 1286 383 est.
1334 351 1497 383 Eiusdem
1530 352 1717 392 scripturae
1749 352 1870 383 diserti
1903 355 2078 392 praeterea

1062 403 1168 431 testes
1185 403 1268 430 sunt
1285 398 1536 430 Choeroboscus
1554 408 1607 439 ap.
1629 398 1692 430 EM
1710 409 1744 440 p.
1765 396 1823 439 78,
1843 396 1900 430 26.
1923 403 1958 430 et
1974 399 2074 430 Euat.

1062 457 1095 487 p.
1120 443 1198 487 174,
1222 444 1251 477 1.
1281 446 1379 484 Quod
1395 443 1420 490 ἧ
1439 445 1496 476 ille
1515 446 1661 477 affirmat
1677 449 1690 477 ῖ
1706 445 1912 486 adscriptum
1932 455 1998 477 non
2017 445 2077 476 ha-

1061 495 1140 525 bere
1157 519 1164 534 ,
1186 494 1307 524 mirum
1326 496 1380 524 est
1392 517 1400 532 ‚
1421 492 1479 524 sed
1499 493 1612 534 aliqua
1629 493 1842 532 significandi
1860 493 2078 524 distinctione

1062 541 1201 580 nititur,
1230 543 1269 571 ut
1285 541 1404 571 tralate
1421 539 1549 571 dictum
1566 549 1627 581 pro
1643 540 1707 581 ὡς,
1738 540 1831 571 velut
1847 538 1871 584 ἠ
1890 537 1992 583 θέμις
2003 566 2010 580 ,
2041 549 2079 571 ea

1062 589 1160 619 litera
1184 587 1372 619 secundum
1401 587 1491 618 illam
1523 587 1707 618 doctrinam
1735 588 1883 618 caruisse
1910 587 2074 618 videatur.

1061 637 1111 680 πῆ
1137 632 1207 679 ὅπη
1233 632 1366 679 πάντη,
1407 634 1466 665 sed
1497 631 1610 679 λάθρᾳ
1640 632 1785 681 μηδαμῇ
1815 631 1907 681 ἄλλῃ
1932 635 2078 665 scribere

1062 692 1137 713 cum
1168 681 1375 713 Schneidero
1398 682 1502 722 praef.
1542 681 1582 712 ad
1615 681 1699 712 Plat.
1730 681 1804 712 Giv.
1836 679 1866 713 1.
1896 691 1928 722 p.
1953 681 2074 713 LVIII.

1062 739 1194 760 cansam
1223 739 1287 760 non
1307 729 1418 759 habet.

1130 783 1348 833 Ὁπηνίκα
1365 786 1507 828 quando.
1535 787 1739 818 Accuratius
1757 787 1803 818 ita
1816 789 1951 827 tempus
1969 785 2077 826 quod-

1063 835 1137 866 dam
1155 835 1336 875 (leflnitur,
1372 844 1472 875 qnam
1507 834 1535 865 si
1561 831 1663 866 ὁπότε
1689 834 1781 865 dicas
1805 836 1840 864 et
1862 831 2003 866 ὁπόταν.
2034 850 2074 855 -

1063 879 1201 926 ὁπηνίκ’
1233 879 1300 919 ἔξει
1332 878 1444 926 θυμός
1470 880 1525 912 OC
1550 877 1631 912 434.
1669 880 1710 911 de
1734 890 1768 912 re
1792 881 1983 921 praeterita.
2029 879 2076 916 ὡς

1063 923 1199 974 ὁπηνίκ’
1223 925 1263 961 ἂν
1287 926 1367 965 θεὸς
1392 925 1501 961 πλοῦν
1519 925 1603 972 ἧμιν
1621 924 1718 975 cix-51,
1746 926 1916 973 τηνικαῦθ
1957 926 2077 973 ὁρμώ-

1064 974 1156 1020 μεθα
1172 976 1232 1007 Ph.
1255 972 1335 1007 464.
1358 976 1398 1006 de
1419 985 1453 1007 re
1471 976 1585 1006 futura
1602 978 1637 1006 et
1653 975 1892 1015 exspectanda.

1132 1027 1359 1082 ''¹''07t32-ttep
1387 1044 1417 1065 v.
1447 1031 1603 1078 ὅποιπερ.

1132 1087 1283 1127 Ὀπισα
1294 1091 1345 1138 μβ
1357 1092 1396 1125 ώ.
1434 1092 1559 1132 yradus
1575 1093 1764 1130 revolutus,
1802 1093 1947 1123 incessus
1971 1094 2074 1123 retro-

1061 1140 1201 1181 9rudu8.
1239 1140 1396 1182 Append.
1428 1141 1505 1171 Vat.
1536 1139 1631 1171 Prov.
1661 1136 1700 1179 3,
1728 1136 1784 1171 36.
1816 1138 1862 1179 [et
1879 1138 2015 1179 plenius
2040 1139 2075 1168 in

1062 1189 1190 1220 mllect.
1217 1197 1308 1229 prov.
1340 1198 1394 1228 ap.
1424 1186 1593 1218 Millernm
1606 1211 1614 1227 ,
1651 1186 1821 1227 Melanges
1851 1186 1893 1217 de
1919 1187 1942 1218 l.
1970 1195 2018 1225 gr.
2039 1195 2072 1227 p.

1062 1232 1158 1276 369.]
1174 1247 1180 1266 :
1234 1232 1512 1278 ὀπισάμβωνι
1564 1230 1691 1278 ταύτην
1724 1230 1927 1279 Χρύσιππος
1964 1230 2077 1265 τάττει

1061 1279 1150 1315 κατὰ
1174 1285 1242 1315 τῶν
1260 1279 1317 1315 ἐπὶ
1338 1279 1376 1314 τὸ
1394 1283 1453 1326 χεῖ
1476 1292 1514 1314 ον
1533 1278 1568 1313 ἐν
1585 1282 1659 1317 τοῖς
1676 1278 1853 1327 πράγμασι
1870 1277 2076 1326 προβαινόν-

1061 1340 1149 1370 των,
1185 1326 1279 1375 παρὰ
1310 1326 1348 1361 τὸ
1372 1326 1425 1361 άεὶ
1471 1325 1560 1361 πίσω
1586 1325 1723 1372 βαίνειν.
1767 1325 1857 1372 μὲμν
1883 1338 1939 1361 ται
1961 1324 1999 1360 δὲ
2014 1328 2076 1359 τοῦ

1064 1374 1233 1421 ὀνόματος
1262 1372 1350 1422 Σοφ.
1383 1373 1419 1408 ἐν
1449 1371 1642 1421 Μελεάγρῳ
1674 1373 1732 1418 (fr.
1766 1376 1832 1408 inc.
1889 1371 1963 1418 20).
2009 1373 2077 1406 Sed

1063 1424 1163 1455 unice
1182 1433 1299 1455 verum
1315 1426 1370 1454 est
1387 1420 1622 1467 ὀπισαμβώ
1639 1419 1716 1466 (ἡ),
1737 1432 1804 1455 sec.
1821 1422 1920 1454 Eust.
1941 1432 1975 1464 p.
1992 1417 2073 1460 862,

1062 1468 1101 1502 5:
1131 1469 1168 1504 ἐν
1187 1468 1224 1504 δὲ
1241 1469 1291 1516 τῷ
1307 1467 1396 1503 κατὰ
1421 1471 1590 1516 στοιχεῖον
1614 1466 1739 1514 λεξικῷ
1756 1467 1815 1503 καὶ
1842 1466 2077 1513 ὀπισαμβώ

1062 1515 1219 1564 εὕρηται,
1241 1515 1265 1562 ἡ
1283 1515 1332 1555 εἰς
1347 1514 1500 1550 τούπίσω
1518 1514 1755 1563 ἀποχώρησις.
1784 1517 1855 1549 Hoc
1872 1521 1907 1549 et
1922 1516 2077 1554 analogia

1062 1575 1099 1598 se
1116 1568 1233 1597 tuetur
1249 1569 1284 1597 et
1301 1574 1340 1597 eo
1357 1564 1446 1605 quod
1465 1565 1498 1596 in
1516 1564 1612 1595 Prov.
1630 1565 1708 1596 Vat.
1729 1565 1893 1606 scriptum
1910 1567 1963 1596 est
1978 1560 2078 1596 ταύ-

1061 1636 1138 1669 την
1152 1649 1160 1664 ,
1181 1624 1267 1665 quod
1294 1624 1334 1655 ad
1353 1633 1474 1655 nomen
1494 1624 1528 1654 in
1547 1634 1595 1656 ων
1613 1624 1733 1654 exiens
1750 1622 1991 1654 accommodari
2009 1631 2076 1654 non

1063 1675 1186 1713 potest.
1858 1668 1909 1713 (11
1923 1680 1956 1711 p.
1978 1666 2079 1712 325.)

1126 1723 1353 1765 ”Οπισθεν.
1391 1730 1523 1770 Proprie
1554 1730 1683 1761 dictum
1708 1739 1762 1770 ap.
1785 1728 1887 1770 Soph.
1916 1736 1982 1759 non
2006 1731 2070 1782 est.

1062 1778 1127 1810 Sed
1146 1778 1267 1809 tralate
1292 1778 1334 1808 de
1356 1776 1590 1817 posthabemus
1606 1776 1723 1808 rebus:
1749 1775 1890 1822 γνώμης
1914 1785 2075 1822 πατρῳας

1060 1821 1157 1858 πάντ’
1174 1822 1314 1858 ὄπισθεν
1333 1822 1469 1857 ἑστάναι
1486 1825 1567 1855 Ant.
1589 1821 1654 1863 40,
1684 1826 1719 1855 et
1736 1824 1778 1856 de
1804 1823 2017 1863 inferioribus
2040 1826 2076 1854 et

1061 1872 1160 1904 laude
1188 1873 1371 1916 superatis:
1402 1869 1431 1903 εί
1530 1869 1611 1908 τοὺς
1634 1868 1774 1905 ὄπισθεν
1798 1869 1847 1908 εἰς
1863 1868 1902 1903 τὸ
1926 1867 2077 1915 πρόσθεν

1060 1917 1188 1964 ἄξομεν
1225 1920 1280 1951 Ai.
1323 1915 1425 1950 1249.
1480 1918 1599 1950 Glossa
1631 1915 1891 1964 προτιμήσομεν
1927 1917 2077 1958 explicat

1061 1976 1107 1998 sc.
1135 1965 1215 2003 τοὺς
1232 1963 1367 2010 ἥττους.
1401 1963 1468 2009 [De
1492 1976 1510 1998 ν
1534 1966 1728 2007 paragogico
1758 1976 1789 1996 v.
1811 1966 1891 1997 Lob.
1924 1963 2017 2006 path.
2037 1960 2072 2003 2,

1064 2011 1156 2055 151.]

1129 2068 1287 2106 Ὀπίσω
1312 2073 1347 2103 in
1364 2070 1530 2111 futurum.
1559 2068 1708 2115 πέτομαι
1726 2064 1761 2103 δ’
1778 2068 1909 2104 ἐλπίσιν
1928 2066 1998 2104 οὔτ’
2015 2068 2073 2103 ἐν-

1060 2116 1144 2153 θάδ’
1161 2117 1251 2164 ὁρῶν
1269 2114 1338 2152 οὔτ’
1356 2116 1466 2151 ὀπίσω
1483 2117 1542 2150 OR
1554 2115 1622 2151 488
1638 2118 1692 2150 ch.
1713 2118 1841 2159 Musgr.
1861 2120 1949 2150 retro
1961 2118 2071 2150 inter-

1059 2170 1230 2208 pretatur,
1250 2167 1340 2198 sicut
1357 2165 1459 2197 schol.
1479 2175 1545 2197 rec.
1559 2190 1568 2206 ,
1596 2161 1675 2198 οὔτε
1691 2163 1780 2198 κατὰ
1795 2164 1834 2198 τὸ
1858 2163 1966 2211 παρὸν
1983 2162 2071 2211 ἐρεί-

1061 2211 1129 2246 δων
1145 2211 1202 2246 τὸν
1219 2214 1299 2246 νοῦν
1312 2238 1320 2254 ,
1347 2209 1424 2245 οὔτε
1441 2210 1530 2245 κατὰ
1545 2210 1585 2245 τὸ
1603 2209 1859 2258 παρεληλυθός.
1895 2212 1964 2245 Sed
1981 2216 2070 2244 recte

1060 2270 1204 2302 usquam
1229 2260 1271 2292 de
1296 2260 1491 2301 praeteritis
1517 2260 1584 2291 dici
1604 2261 1740 2299 negavit
1757 2260 1877 2293 Elmsl.
1891 2285 1899 2301 ‚
1928 2263 1965 2291 et
1982 2259 2069 2291 Mat-

1060 2308 1211 2339 thiaeum
1238 2307 1298 2339 hoc
1315 2311 1512 2347 argumento
1530 2316 1630 2338 usum
1644 2332 1652 2346 ‚
1680 2307 1769 2348 quod
1794 2307 2013 2348 sequentium
2029 2303 2071 2339 τὰ

1058 2356 1118 2388 νῦν
1135 2366 1190 2388 πω
1207 2354 1249 2386 ad
1263 2351 1387 2388 ἐνθάδε
1398 2379 1406 2395 ,
1427 2351 1591 2401 πάροιθεν
1609 2364 1691 2386 ποτε
1708 2354 1750 2386 ad
1768 2352 1878 2388 ὀπίσω
1891 2355 2069 2395 referatur,

1060 2403 1146 2434 benc
1164 2402 1327 2433 refutavit
1345 2401 1462 2433 Herm.
1489 2401 1700 2433 ostendendo
1717 2410 1760 2432 ex
1778 2402 1836 2433 illo
1852 2398 1931 2434 οὔτε
1948 2398 2071 2446 πάροι-

1059 2446 1119 2482 θεν
1137 2449 1300 2489 consequi
1317 2449 1542 2480 coniecturam
1562 2448 1603 2479 de
1626 2449 1864 2490 praesentibus
1876 2474 1884 2488 ,
1911 2442 1990 2481 οὔτ’
2016 2446 2072 2482 ἐν·

1059 2493 1163 2537 θάὸε,
1200 2505 1242 2527 ex
1268 2492 1345 2528 οὔτε
1369 2493 1412 2527 τὰ
1436 2497 1496 2528 νῦν
1520 2505 1576 2528 πω
1602 2495 1644 2527 de
1670 2496 1818 2535 futuris,
1851 2495 1887 2527 id
1913 2495 2004 2537 quod
2021 2498 2072 2526 est

1059 2541 1180 2576 ὀπίσω.
1213 2561 1259 2566 -
1297 2544 1349 2574 De
1379 2547 1456 2574 tono
1481 2543 1669 2583 generatim
1698 2543 1861 2584 praecipit
1885 2542 2010 2590 ΑροΠἱ
2030 2541 2071 2572 de

1056 2590 1129 2622 adv.
1152 2600 1186 2631 p.
1207 2587 1287 2631 576,
1310 2587 1365 2621 12.

1125 2643 1132 2655 ‘
1147 2644 1240 2682 Οπλ
1255 2646 1342 2687 ίζω.
1380 2648 1517 2689 Proprie
1533 2657 1637 2680 anno.
1674 2644 1739 2681 κᾶν
1763 2645 1864 2694 ψιλὸς
1887 2642 2071 2693 ἀρκέσαιμι

1059 2693 1111 2728 σοί
1128 2689 1164 2741 γ’
1182 2692 1388 2739 ὡπλισμένῳ
1414 2696 1469 2727 Ai.
1492 2692 1594 2727 1123.
1635 2695 1807 2726 Tralatum
1825 2695 1867 2726 ad
1892 2696 1999 2726 animi
2016 2694 2070 2734 se·

1058 2744 1182 2774 rociam
1198 2752 1365 2774 armorum
1382 2743 1492 2774 instar
1508 2742 1757 2776 adsciscendum
1774 2743 1836 2775 ποῖ
1852 2735 1927 2775 ποτ’
1945 2739 2071 2786 ἐμβλέ-

1058 2787 1151 2833 ψασα
1166 2791 1320 2822 τοιοῦτον
1336 2787 1464 2843 θράσος
1481 2786 1568 2834 αὐτή
1586 2783 1622 2823 θ’
1643 2786 1774 2827 ὁπλίζει
1789 2782 1873 2833 κάμ’
1890 2785 1960 2832 ὑπη
1983 2789 2070 2821 ετεῖν

195 2846 331 2878 „vat-m,
360 2863 402 2869 -
429 2840 523 2879 ἴδεθ’
548 2844 617 2893 ὅπῃ
642 2844 848 2891 προνέμεται
926 2843 1024 2893 Ap.qe
1058 2834 1196 2877 καλεῖς;
1227 2837 1280 2868 El.
1301 2833 1382 2867 996.
1406 2853 1446 2859 -
1474 2838 1516 2869 V.
1536 2836 1668 2876 Pflugk.
1690 2836 1732 2867 ad
1750 2836 1832 2867 Eur.
1852 2835 1942 2867 Med.
1986 2832 2043 2866 56.

1143 2887 1319 2929 <Ὀπλον.
1379 2895 1445 2935 Ap.
1483 2894 1584 2935 Soph.
1617 2894 1764 2934 pluralis
1796 2894 1887 2926 solus
1919 2893 2044 2932 legitur
2059 2890 2074 2937 ΙΙ

6 2934 124 2982 wolff.
145 2934 224 2971 ὅποι
238 2939 340 2971 Dind.
361 2949 389 2971 c.
411 2937 644 2984 Schneidero.]
669 2940 828 2972 Ceterum
841 2941 1020 2982 eiusmodi,
1059 2942 1191 2983 proprie
1208 2936 1377 2973 abner-um
1395 2942 1624 2982 qualecunque
1640 2950 1743 2980 yenua
1758 2941 1965 2980 significans.
2000 2943 2071 2973 τῶν

6 2984 111 3024 quale
128 2985 211 3017 illud
229 2995 271 3017 ex
288 2986 489 3027 Philocteta,
510 2988 667 3028 exempla
683 2997 752 3019 una
768 2997 845 3019 cum
862 2989 1022 3020 librorum
1056 2983 1252 3034 Ἀχιλλείων
1271 2986 1388 3021 ὅπλων
1406 2988 1466 3019 Ph.
1489 2985 1546 3019 62.
1576 2988 1631 3020 Ai.
1652 2984 1709 3019 41.
1733 2984 1837 3020 1239.
1859 2984 1960 3018 1337.
2000 2989 2070 3019 τῶν

8 3028 171 3076 dissensu
188 3032 372 3064 Porsonum
389 3037 584 3074 moverunt,
604 3037 645 3065 ut
662 3031 732 3080 ὅπῃ
751 3038 786 3066 et
803 3035 844 3066 de
862 3038 955 3066 motu
972 3036 1021 3066 10-
1056 3033 1229 3078 ἀνικήτων
1248 3032 1364 3068 ὅπλων
1382 3034 1442 3066 Ph.
1454 3032 1512 3066 78.
1530 3038 1599 3067 τῶν
1616 3028 1659 3067 Ἡ
1683 3032 1830 3067 ακλείων
1848 3031 1930 3066 ὄντα
1946 3031 2070 3066 δεσπό-

1055 3093 1118 3127 την
1137 3079 1254 3115 ὅπλων
1271 3079 1351 3113 262.
1379 3078 1423 3113 τά
1434 3075 1474 3115 θ’
1492 3075 1578 3114 ὅπλ’
1592 3079 1747 3128 άπῃτουν
1759 3081 1821 3113 τοῦ
1838 3078 1966 3125 πατρός
1984 3077 2065 3112 362.

15 3127 178 3157 cerneret.
199 3136 232 3157 v,
254 3123 344 3159 ὅποι.
381 3126 450 3158 Gur
465 3127 725 3159 adscribendum
741 3129 777 3159 in
794 3128 848 3160 his
865 3129 1022 3160 omnibus
1054 3132 1124 3162 τῶν
1142 3126 1259 3161 ὅπλων
1274 3126 1396 3161 κείνων
1414 3125 1503 3173 ἀνὴρ
1520 3125 1626 3165 ἄλλος
1642 3140 1664 3161 κ
1688 3125 1799 3161 ατύνει
1816 3124 1897 3159 365.
1931 3125 1961 3160 εἰ
1975 3124 2070 3171 τάμὰ

10 3169 170 3213 sidentur
186 3176 217 3212 ῑ,
245 3172 281 3204 in
298 3170 412 3218 λάθρᾳ
429 3176 464 3205 et
481 3171 629 3220 μηδαμῇ
645 3175 876 3219 exposuimus.
906 3175 952 3206 Et
967 3184 1022 3207 re-
1056 3177 1169 3212 κεῖνος
1194 3170 1275 3208 ὅπλ’
1304 3172 1388 3220 ἀφαι
1410 3173 1529 3219 ήσοιτό
1557 3185 1600 3219 με
1617 3172 1662 3206 37
1692 3200 1698 3206 .
1741 3171 1848 3207 τῶνδε
1863 3176 1934 3206 τῶν
1951 3171 2068 3207 ὅπλων

10 3226 102 3254 iun-0
119 3218 307 3250 dativorum
323 3220 460 3252 formam
476 3221 559 3252 haec
575 3224 610 3251 et
626 3230 665 3252 ea
677 3231 762 3262 quae
780 3222 816 3252 in
834 3232 866 3254 οι
882 3225 1019 3263 exeant,
1057 3219 1137 3253 802.
1153 3219 1249 3266 τᾶμά
1262 3231 1320 3266 μοι
1338 3232 1381 3266 με
1408 3220 1455 3259 εὶς
1469 3218 1560 3254 ὅπλα
1573 3218 1653 3254 973.
1675 3219 1693 3254 ὁ
1707 3218 1884 3266 ξυλλαβών
1899 3230 1942 3264 με
1954 3218 2068 3253 κάπο-

15 3267 103 3306 35eut
127 3266 226 3306 sequi
249 3267 435 3308 genitivos,
461 3276 548 3308 quae
572 3268 608 3298 in
632 3278 672 3300 ου
699 3269 878 3309 finiantur,
905 3269 1022 3300 multis
1055 3266 1216 3314 νοσφίσας
1235 3266 1351 3302 ὅπλων
1369 3264 1449 3300 979.
1487 3262 1582 3313 τοίγ’
1599 3266 1685 3302 ὅπλ’
1707 3265 1846 3315 ἔχοντες
1865 3264 1967 3299 1056.
1994 3268 2069 3304 τοῖς

16 3312 60 3358 ’ῥ-
86 3325 91 3339 ·.
120 3313 271 3352 agnoscit
295 3313 405 3354 Apoll.
434 3314 475 3345 de
501 3314 597 3354 adv.;
626 3324 658 3345 v,
679 3325 714 3356 p.
734 3311 821 3355 583,
850 3311 908 3347 25.
928 3316 986 3347 ubi
1005 3308 1027 3359 ᾗ
1058 3313 1157 3358 ἐμοῖς
1171 3312 1307 3348 ὅπλοισι
1317 3313 1507 3360 κοσμηθεὶς
1522 3317 1624 3361 φανεῖ
1633 3311 1735 3347 1064.
1752 3317 1890 3348 πτανῶν
1903 3309 1958 3347 ἀπ’
1974 3311 2069 3358 ἐμῶν

24 3361 61 3399 {jc
85 3357 135 3405 πῇ
164 3355 233 3406 ὅπῃ
246 3384 254 3399 ,
294 3357 336 3392 οὗ
357 3361 419 3393 τοῦ
445 3358 531 3393 ὅπου
564 3365 826 3402 componuntur,
858 3362 959 3402 plane
984 3366 1022 3392 ut
1058 3359 1174 3395 ὅπλων
1191 3359 1282 3394 1108
1298 3372 1344 3393 m.
1363 3361 1480 3406 κράτει
1496 3365 1565 3396 τῶν
1582 3365 1651 3395 σῶν
1667 3359 1783 3396 ὅπλων
1803 3358 1905 3393 1292.
1925 3358 2069 3394 *ὅπλων

13 3433 16 3462 ³,
79 3414 106 3452 ῃ
121 3403 232 3452 πάντῃ
249 3402 368 3452 ἡσυχῇ
384 3404 522 3454 οὐδαμῇ
535 3403 618 3453 διχῇ
634 3418 667 3448 p.
686 3405 766 3448 586,
786 3405 850 3447 26,
879 3412 915 3440 et
932 3411 1023 3440 recte
1057 3410 1119 3441 σοῦ
1137 3406 1263 3454 πατρός
1284 3405 1386 3441 1365.
1406 3406 1531 3453 [delev.
1567 3405 1733 3453 Brunck.]
1747 3401 2071 3454 τᾶμ’ἀφαιρείσθων

1722 3462 1794 3500 34*
