2288 3600
152 109 250 157 654

149 222 304 269 ἀρκέσει,
334 222 411 267 πρὶν
437 219 477 254 ἂν

148 268 189 304 ἂν
219 267 311 317 φάγῃ
329 267 447 306 καλῶς
558 265 733 313 ἐργάζεται
761 267 863 307 Synd.
892 269 933 300 fr.
957 265 1041 307 149,
1064 263 1097 299 2.
1121 284 1161 290 -—

1020 102 1132 170 Πρίν
1160 132 1227 139 ——
1255 102 1351 169 Πρό

580 217 756 265 δηλώσηθ’
781 218 876 265 ὕβριν
896 217 976 253 308.
1006 218 1063 260 οὐ,
1086 219 1164 265 πρὶν

1202 213 1335 266 ᾅσσεις,
1373 231 1396 252 π
1420 218 1450 253 ἰν
1480 218 1575 264 ἡμᾶς
1604 216 1866 253 κάννεώσασθαι
1892 217 2015 266 λόγους
2045 220 2101 252 Tr.
2130 216 2212 252 396.
2277 255 2281 257 ,

1202 266 1250 312 μή
1271 261 1350 313 πρῲ
1371 265 1392 300 λ
1412 278 1483 314 γοις
1501 264 1541 300 ἂν
1623 265 1699 312 πρὶν
1718 265 1844 300 εἰδέναι
1859 264 2019 302 τάκεῖθεν
2037 265 2068 300 εἰ
2084 264 2217 304 ποθού-

149 318 213 351 Sed
244 314 283 350 ἄν
310 326 430 348 sensus
457 316 650 347 discrimine
675 315 769 346 nullo
792 316 974 347 omittitur.
1017 312 1066 359 μὴ
1087 311 1164 347 στέ-
1201 312 1292 355 μεθα
1316 311 1395 347 632.
1434 313 1510 361 πρὶν
1538 310 1592 360 σφ’
1610 311 1645 352 ἐξ
1662 311 1751 359 ἐμῆς
1766 310 1885 347 θανεῖν
1905 312 2009 361 χερός
2027 310 2129 347 1133.
2165 323 2212 347 sc.

148 363 239 403 ναζε,
259 361 335 408 πρὶν
355 360 469 410 μάθῃς
483 362 544 394 Ρ11.
561 359 640 395 917.
670 359 774 394 εἰδότι
791 355 815 394 δ’
835 359 933 395 οὐδὲν
953 359 1065 408 ἕρπει,
1086 359 1163 407 πρὶν

150 410 229 458 πυρὶ
246 410 335 444 πόδα
351 421 402 448 τις
424 407 601 455 προσαύσῃ
620 409 701 441 Ant.
732 405 800 440 619
818 409 871 441 ch.
908 407 1002 446 ὅπως
1083 421 1107 453 μ
1136 403 1160 440 δ’

149 456 267 505 ὄψεταί
283 469 332 490 νιν
351 456 438 502 μήτε
457 454 581 503 φέγγος
597 453 698 501 ἡλίου
780 454 858 501 πρὶν
875 458 988 493 κεῖνος
1071 420 1162 502 δείὲῃ

150 506 205 538 Tr.
228 503 308 538 608.
347 503 385 538 ού
410 501 473 550 γὰρ
493 498 565 538 ἔσθ’
588 501 611 548 ἥ
631 497 660 548 γ’
678 499 794 548 αὔριον
808 529 815 543 ,
844 501 922 548 πρὶν
942 501 979 536 εὖ
997 500 1094 550 πάθῃ
1112 514 1163 539 τις

150 552 212 598 τὴν
239 553 411 598 παροῦσαν
436 548 571 596 ἡμέραν
597 547 677 583 946.
715 549 764 596 μὴ
782 547 838 590 ’ξω
864 549 1053 596 παρήκειν,
1087 548 1162 595 πρὶν

148 599 267 645 παρὼν
285 597 386 635 αὐτὸς
403 596 492 646 τύγῃ
511 599 566 629 Ai.
588 595 668 630 742.
698 597 792 636 Quod
809 607 883 629 cum
902 599 1059 629 orationis
1078 598 1162 628 obli—

149 656 235 688 quae
254 656 272 678 a
290 639 471 687 praeterito
488 655 672 687 suspensae
696 642 870 690 (ἀπηύδα)
898 647 960 685 sit,
990 645 1163 684 legitimus

150 698 221 726 erat
237 694 378 734 optativi
403 703 506 732 usus;
543 702 736 733 quanquam
762 694 790 723 si
815 693 1010 724 infinitivus
1028 703 1046 723 a
1064 693 1163 723 verbo

149 742 302 782 pendens
320 741 512 781 praesentis
536 743 596 771 aut
614 740 721 771 futuri
738 743 808 780 est,
838 748 903 771 non
929 749 1001 771 raro
1018 739 1162 771 coniun-

149 789 260 820 ctivus
279 789 488 827 subrogatur.
526 786 685 818 Ceterum
709 784 808 834 τύγοι
826 796 869 818 ex
895 796 1008 828 apogr.
1037 796 1162 827 paucos

148 836 275 876 recepit
291 835 394 867 Dind.
417 852 458 858 —
478 831 542 867 οὐκ
559 831 669 874 ἴσασι,
692 828 776 878 πρίν
786 845 836 871 τις
855 831 988 881 ἐκβάλῃ
1006 835 1061 866 Α1.
1080 830 1159 866 965.

149 879 188 916 οὐ
205 880 275 930 χρὴ
371 879 503 926 ὀλβίσαι
524 879 631 927 τύχας
711 879 786 926 πρὶν
805 879 898 927 αὐτῷ
985 879 1057 926 βίος
1075 880 1164 913 διεκ-

148 926 303 975 περανθῄ
327 929 431 968 Tynd.
460 929 501 960 fr.
523 926 609 970 572,
629 926 662 960 2.
705 927 811 974 μήπω
839 926 912 974 μέγ’
937 926 1058 973 ε’ίπῃς,
1087 925 1164 972 πρὶν

148 974 381 1021 τελευτήσαντ’
404 974 484 1023 ἰ’δῃς
503 977 582 1015 Tyr.
610 973 719 1008 5831).
758 976 980 1017 Praeceptum
1007 976 1164 1007 Elmsleii

149 1024 190 1056 de
207 1027 296 1056 recte
314 1023 455 1055 dicendo
479 1020 555 1068 πρίν
582 1033 658 1055 011111
686 1024 901 1055 coniunctivo
926 1021 974 1066 (v,
1005 1024 1046 1054 ad
1071 1023 1160 1054 Med.

148 1068 266 1112 215.)‚
298 1075 336 1102 ut
358 1072 442 1102 insit
466 1071 610 1110 negandi
629 1071 682 1102 vel
707 1071 907 1111 prohibendi
933 1071 1124 1111 sententia,
1146 1080 1165 1101 a

151 1118 275 1159 soph..
297 1122 460 1159 quantum
479 1119 647 1158 noscitur,
675 1119 889 1149 observatum
919 1122 983 1149 est.
1026 1118 1110 1149 Nam
1127 1118 1163 1148 in

149 1167 229 1197 Ant.
262 1162 339 1197 176.
380 1162 562 1211 ἀμήχανος
592 1165 737 1204 negandi
770 1165 969 1206 particulam
998 1165 1160 1197 continet.

149 1213 310 1253 Regulam
335 1212 427 1244 illam
452 1214 585 1244 firmare
610 1221 786 1253 aggressus
810 1213 925 1245 Herm.
959 1213 994 1244 in
1014 1212 1165 1244 Censura

148 1269 182 1301 p.
218 1256 296 1291 180.
332 1260 456 1300 Opusc.
485 1263 510 1291 t.
541 1257 574 1290 3.
602 1261 637 1291 in
673 1261 829 1301 exemplo
853 1260 937 1291 Eur.
965 1259 1020 1291 Or.
1052 1256 1159 1299 1218,

150 1307 239 1348 quod
256 1316 444 1348 repugnare
462 1308 651 1347 videretur⁷
674 1316 740 1338 non
758 1307 893 1339 felicius
911 1307 1073 1338 Elmsleio
1092 1316 1163 1337 rem

151 1354 274 1395 gessit3
304 1355 431 1395 quippe
449 1354 504 1386 hic
521 1351 673 1400 φύλασσε
700 1348 728 1386 δ’
745 1352 788 1398 ἥν
805 1364 856 1392 τις
873 1355 964 1387 idem
982 1355 1070 1395 quod
1097 1351 1164 1399 φύ-

150 1399 254 1434 λασσε
273 1399 321 1446 μή
339 1412 389 1439 τις
407 1402 596 1441 signiflcare
615 1401 783 1441 decrevit,
803 1412 869 1443 qua
886 1402 1016 1434 ratione
1035 1411 1163 1440 negan—

151 1450 199 1480 tia
217 1449 383 1480 affirmare
400 1452 436 1480 et
452 1457 574 1488 negare
589 1450 792 1480 affirmantia
809 1449 920 1481 omnia
933 1450 1163 1481 demonstrare

151 1496 349 1528 facillimum
374 1500 484 1534 esset;
514 1497 571 1527 ille
596 1500 711 1528 autem
738 1497 883 1536 negandi
907 1497 976 1528 vim
1002 1498 1037 1528 in
1064 1497 1164 1528 verbo

152 1540 227 1589 φθῇ
244 1543 356 1575 inesse
373 1543 475 1584 dicit,
506 1543 594 1584 quod
619 1544 783 1584 quomodo
799 1544 841 1575 ad
864 1544 1069 1584 praecedens
1087 1542 1164 1589 πρὶν

117 1595 120 1599 ’
150 1587 345 1638 τελευτηθῇ
362 1591 482 1631 valeat,
515 1600 612 1622 nemo
628 1591 853 1623 intellexerit.
892 1591 1098 1632 Repugnant
1114 1591 1165 1623 illi

150 1641 327 1680 praecepto
353 1637 465 1669 Strato
488 1647 540 1669 nr.
567 1634 650 1671 235.
690 1639 731 1669 A.
758 1639 828 1670 Pal.
856 1641 881 1670 t.
903 1635 936 1670 3.
966 1649 1000 1679 p.
1022 1635 1101 1670 523.
1132 1641 1166 1670 et

152 1685 309 1726 exempla
324 1695 344 1716 a
359 1685 511 1717 Jacobsio
529 1688 686 1725 congesta
703 1685 745 1716 ad
762 1686 885 1717 Achill.
907 1686 981 1717 Tat.
1002 1696 1036 1727 p.
1058 1682 1138 1717 568.

222 1741 249 1764 c.
299 1741 377 1764 cum
420 1734 565 1772 optativo
603 1741 669 1764 non
706 1733 804 1764 aliter
844 1734 911 1765 nisi
955 1734 990 1765 in
1035 1733 1168 1774 obliqua

154 1781 303 1811 oratione
334 1779 475 1820 legitur,
513 1783 549 1811 et
572 1781 626 1811 vel
659 1781 723 1820 ita,
759 1784 799 1812 ut
827 1781 916 1812 dicta
939 1790 1079 1812 sensave
1105 1781 1167 1811 ali-

155 1826 253 1859 cuius
277 1827 351 1868 ipsa
374 1830 601 1859 memorentur
626 1830 684 1858 aut
709 1837 751 1859 ex
775 1830 890 1859 mente
915 1829 1059 1859 alicuius
1084 1837 1170 1869 pen-

156 1874 235 1906 deat
265 1875 438 1915 optativus
478 1874 538 1906 ille
583 1875 770 1916 explendae
813 1876 1006 1907 sententiae
1039 1876 1168 1916 princi-

157 1921 225 1962 pali
242 1921 392 1952 adhibita
409 1922 607 1954 secundaria
631 1923 847 1955 constitutus.
885 1922 940 1954 Ex
964 1923 1022 1954 illo
1045 1931 1168 1962 genere

157 1969 240 2000 haec
257 1971 350 2001 sunt.
379 1965 443 2001 οὐκ
461 1965 532 2002 ἔσθ’
549 1967 597 2006 ὡς
614 1966 655 2002 ού
672 1965 761 2002 θεῶν
779 1980 838 2002 του
857 1967 1005 2016 μελέτῃ,
1037 1971 1099 2003 τοῦ
1118 1968 1167 2014 μὴ

157 2013 320 2060 πρότερον
349 2009 438 2049 τόνδ’
464 2013 521 2048 ἐπὶ
546 2012 655 2062 Τροίᾳ
682 2019 790 2049 τεῖναι
818 2014 861 2049 τὰ
885 2014 976 2051 θεῶν
1001 2014 1169 2064 ἀμάγητα

158 2059 256 2107 βέλη,
275 2059 353 2108 πρὶν
372 2059 420 2095 ὅδ’
439 2059 555 2107 ἐξήκοι
578 2062 702 2109 χρόνος
725 2064 787 2095 Ρ11.
811 2061 877 2096 199
907 2074 961 2096 an.
992 2059 1169 2097 Schae'fero

157 2110 310 2151 placebat
343 2106 470 2156 ἐξήκῃ,
508 2119 573 2151 quo
598 2120 665 2142 non
690 2120 792 2152 opus,
828 2121 904 2143 cum
931 2109 1058 2157 μελέτῃ
1085 2109 1169 2145 θεοῦ

158 2157 328 2188 contineat
351 2154 434 2190 θεοῦ
462 2154 712 2203 μελετήσαντος
736 2159 758 2190 1.
780 2168 809 2190 e.
838 2156 913 2192 ἐπεὶ
937 2156 1017 2196 θεὸς
1045 2156 1169 2203 ἐμελέ-

157 2212 252 2249 τησε.
296 2204 341 2236 Et
369 2204 480 2236 addito
509 2202 549 2237 ἄν
580 2206 657 2237 011111
683 2205 844 2238 edebatur
873 2203 976 2252 λόγος
1007 2204 1070 2251 μέν
1103 2199 1170 2238 ἐστ’

159 2248 305 2298 ἀρχαῖος
400 2250 447 2288 ὡς
465 2248 529 2284 οὐκ
553 2249 593 2285 ἂν
613 2249 706 2285 αἰῶν’
725 2250 892 2297 ἐκμάθοις
912 2251 1063 2298 βροτῶν,
1091 2264 1116 2286 π
1139 2252 1169 2286 ὶν

160 2294 201 2332 ἂν
220 2296 319 2332 θάνοι
341 2308 392 2335 τις
424 2298 479 2330 Τ1.
501 2295 535 2330 2.
571 2298 626 2331 Sic
653 2309 765 2341 apogr.
786 2301 957 2342 pleraque,
992 2302 1051 2333 sed
1080 2298 1170 2346 θανῃ

161 2346 221 2378 LA
237 2348 272 2377 et
287 2345 345 2377 PA
369 2356 400 2377 v.
425 2355 540 2387 supra.
581 2345 630 2391 μὴ
657 2342 719 2386 ’ξω
748 2346 915 2393 παρήκειν
944 2347 1022 2394 πρὶν
1052 2348 1169 2394 παρὼν

161 2389 265 2430 αὐτὸς
281 2389 382 2439 τύχοι
396 2392 453 2425 Ai.
475 2389 554 2425 742.
577 2403 620 2426 ex
637 2395 754 2435 paucis
767 2403 877 2436 apogr.
898 2397 1026 2438 recepit
1039 2397 1144 2428 Dind.
1160 2407 1167 2427 ε

159 2437 249 2486 τύχῃ
275 2440 347 2471 LA.
373 2457 420 2463 -—
443 2440 594 2472 Alteram
625 2442 789 2473 rationem
817 2442 951 2475 dicendi
984 2446 1172 2475 monstrant

160 2487 252 2520 haec.
283 2484 333 2532 μὴ
360 2484 458 2532 σταίη
475 2485 684 2521 πολύκωπον
714 2485 835 2535 ὄγημα
850 2489 932 2527 ναὸς
950 2487 1063 2530 αὐτῶ,
1094 2488 1171 2535 πρὶν

160 2531 260 2567 τάνδε
276 2533 361 2579 πρὸς
386 2531 486 2568 πόλιν
511 2532 644 2568 ἀνύσειε
669 2536 724 2568 Tr.
747 2526 815 2568 658
833 2537 884 2569 ch.
922 2524 1102 2582 ἔδοξέ’μοι
1121 2535 1170 2583 μὴ

163 2582 261 2627 σῖγα,
295 2579 371 2626 πρὶν
401 2579 565 2627 φράσαιμί
591 2592 661 2623 σοι,
694 2581 753 2616 τὸν
778 2580 886 2616 πλοῦν
909 2581 1083 2618 ποιεῖσθαι
1107 2585 1169 2616 Ph.

163 2625 245 2663 551.
283 2624 380 2662 ὄλοιο
404 2627 529 2673 μήπω,
559 2627 635 2675 πρὶν
662 2625 805 2675 μάθοιμ’
829 2629 860 2664 εἰ
943 2628 1024 2664 961.
1054 2629 1168 2665 οὔποτ’

163 2671 262 2721 ἔγωγ’
286 2672 346 2716 ἄν,
374 2673 451 2720 πρὶν
472 2673 578 2720 ἴδοιμ’
606 2674 710 2722 ὀρθὸν
735 2675 838 2720 ἔπος,
872 2677 1106 2725 μεμφομένων
1132 2676 1172 2712 ἂν

162 2719 358 2768 ’καταφαίην
375 2722 433 2755 OR
450 2719 517 2755 505
535 2723 587 2755 011.

233 2769 266 2802 d.
296 2779 372 2801 cum
396 2770 560 2811 infinitivo
586 2772 681 2812 prius
708 2772 884 2804 allatorum
909 2773 1043 2805 dicendi
1069 2782 1172 2813 gene—

164 2824 242 2849 rum
270 2817 422 2849 omnium
440 2817 701 2857 significationes
730 2820 766 2850 in
794 2829 830 2851 se
847 2821 979 2861 recipit.
1018 2819 1095 2866 πρὶν
1113 2818 1172 2854 οὖν

1199 358 1357 415 τέθνηκε.
1394 361 1441 399 ὡς
1466 359 1544 418 πρὶν
1569 359 1732 419 ἐμπεσεῖν
1757 361 1956 418 σπαραγμὸν
2053 358 2088 420 ἐς
2105 359 2216 420 πυράν

1198 405 1467 536 {Saluid->2953
1483 405 1813 501 'ssssiffsssstfgss‘ssl
1835 419 1890 494 {1⁰2²
1909 407 2029 502 ᾆῖιῖῖἓ
2042 418 2217 489 τὲἶαπέἷῗ

1221 501 1327 536 όντων
1346 504 1400 535 Ai.
1424 499 1514 534 1419
1531 513 1585 536 an.
1615 500 1690 548 πρίν
1708 499 1767 536 τιν’
1785 501 1932 537 αὐλιτῶν
1950 502 2053 548 ὁρᾶν,
2085 498 2133 537 θα
2155 500 2216 537 λὸν

1200 548 1406 597 προσφέρων
1423 551 1514 582 Past.
1535 551 1576 582 fr.
1598 547 1678 591 445,
1704 547 1735 583 1.
1772 573 1774 575 >
1935 549 1988 595 (ΙΙ
2004 561 2038 592 p.
2059 547 2140 591 634,
2158 547 2215 594 4.)

1270 607 1303 641 3.
1332 607 1432 655 πρίν
1466 619 1543 641 011111
1560 610 1637 641 aliis
1651 610 1827 650 particulis
1844 611 2077 642 coniunctum.
2113 620 2138 642 π
2149 606 2215 655 ρίν

1198 656 1391 688 adverbium
1408 659 1549 688 eatenus
1564 657 1726 697 exiguum
1739 666 1839 689 usum
1853 657 1965 690 habet.
1994 668 2019 690 π
2029 668 2046 703 ρ
2057 654 2091 690 ίν
2115 666 2219 690 ποτε

1199 706 1248 736 510
1265 704 1413 736 vidimus
1430 705 1496 736 dici
1515 704 1630 743 Scyth.
1652 705 1693 735 fr.
1715 700 1795 736 491.
1826 702 1924 750 πρὶν
1951 702 2002 750 δή
2027 715 2052 737 π
2066 714 2139 738 οτε
2157 704 2214 736 Ai.

1199 748 1268 783 612
1293 752 1344 783 ch.
1382 770 1428 774 ——-
1464 749 1563 796 πρίν
1602 752 1796 783 coniunctio
1826 761 1903 783 cum
1930 762 1977 798 γε
2009 752 2219 784 consociatur

1198 799 1278 830 huic
1307 800 1499 840 praeposita
1529 798 1585 830 OC
1612 795 1669 831 48.
1712 799 1767 831 Tr.
1799 796 1881 831 415.
1915 799 1970 831 Ε1.
1997 795 2077 832 992.
2112 795 2215 830 1009.

1199 855 1284 887 quae
1313 848 1381 878 iam
1410 847 1639 887 apposuimus.
1681 844 1780 891 πρὶν
1896 844 1973 879 καί
1997 847 2098 878 etiam
2125 848 2220 886 (yar)

1199 894 1280 925 Ant.
1302 890 1381 925 280.
1406 894 1462 925 Tr.
1485 890 1564 925 396.
1606 891 1704 938 πρὶν
1729 895 1807 926 νῦν
1833 892 1888 926 00
1906 890 1964 926 36.
2005 892 2108 940 πρὶν
2143 890 2218 926 οὖν

1201 941 1253 972 El.
1274 937 1330 972 20.
1361 938 1462 986 πρίν
1489 951 1597 974 ποτε
1623 942 1705 973 Ant.
1730 937 1806 973 120.
1836 938 1918 985 ἔβα,
1939 938 2015 986 πρίν
2033 937 2112 974 ποθ’
2129 938 2218 985 ἀμε-

1197 985 1306 1032 τέρων
1325 986 1480 1033 αἱμάτων
1576 985 1787 1034 πλησθῆναι.
1823 986 1889 1022 αἰεὶ
1912 984 2096 1022 κατθανεῖν
2115 985 2219 1021 ἐπευ-

1197 1034 1333 1081 χόμην,
1364 1033 1470 1080 *πρὶν
1495 1033 1601 1081 τῆσδε
1626 1033 1746 1080 κοίτης
1772 1032 2037 1093 ἐμπελασθ-ῇναί
2057 1046 2140 1068 ποτε
2158 1035 2215 1067 Tr.

1202 1082 1256 1115 17.
1288 1083 1379 1125 [secl.
1410 1083 1544 1124 Bergk]
1567 1101 1613 1106 ——
1650 1083 1867 1123 Postponitur
1903 1094 1929 1116 π
1966 1093 2001 1116 ιν
2036 1083 2220 1124 praemisso

1199 1127 1273 1163 καί
1305 1130 1425 1162 adhuc.
1469 1129 1527 1163 καὶ
1560 1128 1637 1176 πρὶν
1672 1128 1720 1167 εἰς
1737 1123 1854 1164 Ἅιδου
1890 1093 2010 1175 μολεῖν
2037 1130 2092 1162 Τ1.
2119 1126 2154 1161 4.
2184 1133 2220 1161 et

1200 1174 1437 1222 πάροιθεν,
1466 1179 1591 1219 quibus
1617 1178 1816 1209 consociatis
1839 1179 1946 1218 magis
1970 1178 2123 1209 firmatur
2139 1186 2218 1219 par-

1199 1226 1324 1258 ticulae
1344 1226 1412 1257 vis:
1443 1222 1580 1271 ὤφελον
1606 1221 1769 1270 πάροιθεν
1787 1222 1941 1258 ἐκλιπεῖν
1967 1222 2057 1269 βίον,
2087 1226 2166 1270 πρὶν
2184 1221 2219 1261 ἐς

1200 1271 1299 1317 ξένην
1330 1283 1366 1304 σε
1396 1274 1497 1319 γαῖαν
1528 1270 1706 1318 ἐκπέμψαι
1737 1273 1789 1304 El.
1814 1269 1917 1305 1132.
1957 1272 2090 1304 Mireris
2113 1272 2221 1312 igitur

1199 1329 1265 1352 non
1284 1321 1437 1362 componi
1454 1320 1630 1352 Homerico
1648 1320 1803 1361 exemplo
1820 1319 1886 1352 duo
1903 1317 2000 1366 πρίν,
2022 1320 2221 1351 adverbium

1201 1368 1345 1399 alterum
1358 1392 1365 1403 ,
1388 1368 1525 1399 alteram
1544 1367 1828 1399 coniunctionem.
1858 1367 1932 1399 Non
1949 1368 2054 1407 magis
2068 1367 2221 1399 Atticum

1200 1420 1253 1446 est
1270 1413 1348 1461 πρὶν
1366 1412 1408 1459 ἦ,
1438 1425 1470 1448 v,
1491 1415 1608 1447 Herm.
1638 1416 1675 1446 in
1693 1424 1784 1447 cens.
1802 1414 1892 1447 Med.
1913 1414 2032 1447 Elmsl.
2059 1425 2091 1447 V.
2115 1409 2216 1453 1024,

1201 1462 1288 1503 quod
1307 1463 1463 1504 Sophocli
1481 1463 1613 1494 nolenti
1630 1463 1776 1494 obtrusit
1794 1462 1894 1494 Tricl.
1917 1462 1975 1494 Tr.
1995 1458 2076 1495 657.

1273 1518 1302 1555 Π
1316 1514 1360 1567 ρΐ
1364 1534 1392 1554 ω
1418 1522 1606 1561 constrinyo
1624 1519 1796 1561 dentibus,
1833 1521 1976 1553 mordeo.
2016 1518 2128 1554 ὀδόντι
2145 1521 2225 1566 πρῖε

1201 1566 1239 1601 τὸ
1270 1567 1381 1613 στόμα
1409 1570 1475 1601 inc.
1517 1569 1557 1601 fr.
1593 1566 1673 1602 777.
1715 1569 1847 1601 Tralate
1872 1569 2011 1611 firmiter
2038 1568 2224 1608 eonstn‘nqo

1202 1617 1383 1657 universe,
1404 1617 1520 1656 azliyo.
1558 1614 1708 1662 ζωστῆρι
1725 1613 1879 1660 πρισθεὶς
1898 1614 2045 1649 ἱππικῶν
2063 1612 2101 1654 ἐξ
2125 1611 2226 1648 ἀντύ-

1202 1675 1271 1708 γων
1298 1664 1353 1695 Ai.
1379 1661 1468 1696 1030
1491 1663 1593 1695 schol.
1633 1660 1815 1710 ἐξαφθείς,
1850 1660 2068 1708 δεσμευθείς,
2097 1659 2221 1703 δεθείς,

1204 1712 1300 1743 0111115
1318 1712 1557 1753 explicationis
1574 1711 1750 1742 veritatem
1769 1711 2014 1743 demonstravit
2030 1711 2114 1742 Lob.

1274 1763 1360 1816 Πρῦ
1372 1782 1427 1803 ων
1445 1780 1546 1802 serra.
1585 1767 1724 1817 πρίονος
1742 1763 1934 1815 ἐκβρώμαί)
1954 1767 1990 1802 ἐν
2015 1767 2108 1816 τομῇ
2120 1765 2224 1807 ξύλου

1206 1818 1259 1849 Τ1.
1282 1814 1361 1850 699.
1392 1815 1473 1851 οὐδὲ
1491 1815 1630 1863 πρίονος
1655 1815 1785 1864 πληγαί
1801 1818 1868 1850 1110.
1888 1819 1930 1850 fr.
1952 1814 2032 1850 787.

1268 1873 1355 1922 Πρό
1393 1877 1597 1919 praepositio
1627 1885 1711 1907 usus
1740 1877 1881 1908 minime
1909 1876 1980 1908 late
2009 1876 2161 1919 patentis
2190 1877 2226 1908 et

1204 1925 1357 1966 proxime
1375 1925 1416 1962 ad
1431 1925 1582 1956 adverbii
1601 1926 1755 1956 naturam
1772 1923 1999 1967 propendens.
2028 1923 2043 1966 u
2068 1926 2164 1964 ante,
2184 1923 2226 1954 de

1205 1972 1298 2004 locis.
1327 1970 1392 2018 πρὸ
1410 1969 1528 2004 πυλῶν
1547 1964 1603 2016 ἥδ’
1618 1965 1763 2016 Ἰσμήνη
1781 1972 1864 2004 Ant.
1884 1967 1952 2003 526
1969 1981 2023 2003 an.
2054 1968 2105 2016 μὴ
2123 1966 2163 2004 οὐ

1205 2018 1270 2065 πρὸ
1288 2017 1406 2065 θυρῶν
1431 2017 1511 2066 ἠχὼ
1527 2021 1611 2052 πᾶσι
1629 2019 1825 2063 προφωνεῖν
1844 2018 1898 2051 El.
1922 2015 1987 2050 109
2005 2028 2059 2051 an.
2091 2035 2133 2041 —
2159 2014 2224 2062 πρὸ

1204 2063 1330 2112 Θηβῶν
1351 2066 1456 2106 Synd.
1478 2067 1519 2098 fr.
1539 2061 1626 2107 153,
1647 2065 1680 2099 5.
1717 2066 1807 2098 Η1110
1825 2065 1866 2097 de
1897 2067 1998 2098 rebus
2025 2067 2227 2098 extrinsecus
2286 2096 2288 2098 ,

1204 2113 1433 2146 accedentibus
1466 2114 1600 2146 dicitur.
1651 2114 1780 2160 γωρεῖν
1823 2111 1889 2159 πρὸ
1921 2110 2037 2159 δόμων
2070 2110 2226 2158 λέγουσιν

1206 2159 1352 2194 ἄσπετόν
1369 2173 1400 2194 τι
1417 2158 1537 2206 θαῦμα
1554 2161 1609 2192 Tr.
1630 2151 1696 2194 961
1717 2161 1771 2193 ch.
1799 2157 1945 2206 πλησίον
1960 2171 2026 2194 που
2040 2162 2103 2205 τῆς
2116 2156 2227 2196 οἰκίας

1204 2210 1335 2256 χωρεῖν
1366 2209 1467 2241 501101.
1509 2209 1760 2250 Apportabatur
1788 2209 1880 2239 enim
1906 2211 2080 2249 aegrotans
2097 2207 2228 2240 Hercu·
2287 2213 2288 2244 j

1206 2258 1267 2288 leS.
1311 2256 1377 2289 Sed
1408 2257 1527 2288 vitiose
1557 2257 1716 2288 scribitur
1743 2256 1780 2286 in
1805 2255 1902 2287 libris
1927 2256 1982 2288 vel
2008 2255 2143 2296 optimis
2159 2251 2226 2299 πρὸ
2287 2257 2288 2297 1

1208 2300 1370 2348 Σάρδεων
1389 2304 1470 2336 Ant.
1494 2300 1585 2335 1037
1602 2314 1634 2335 v,
1655 2301 1752 2349 πρός.
1783 2319 1823 2325 -
1863 2303 1954 2335 Η1110
1970 2303 2226 2335 adverbiascens
2287 2299 2288 2306 ¹

1205 2352 1329 2383 locutio
1347 2351 1513 2392 repetitur
1528 2348 1571 2383 τὰ
1597 2349 1660 2395 μὲν
1685 2349 1751 2396 πρὸ
1770 2354 1899 2430 ἔεέρῶν
1923 2347 2005 2384 τάδε
2024 2348 2157 2396 φέρων,
2184 2344 2228 2381 τὰ

1207 2391 1234 2431 δ’
1253 2396 1287 2431 ἐν
1307 2396 1426 2442 δόμοις
1524 2395 1618 2431 κακοί
1643 2399 1725 2430 Ant.
1750 2395 1766 2429 1
1795 2396 1816 2430 7
1845 2425 1852 2431 .
1894 2398 2098 2445 [προχειρῶν
2122 2393 2165 2428 τὰ
2190 2392 2228 2428 δέ

1208 2445 1287 2487 LA].
1315 2445 1470 2478 manibus
1484 2447 1602 2486 palam
1619 2445 1748 2486 semna,-
1776 2446 1905 2478 ferebat
1929 2447 2020 2478 enim
2044 2443 2227 2476 Haemonis

1207 2502 1338 2534 corpus.
1361 2490 1431 2539 ὁρῶ
1443 2492 1509 2538 πρὸ
1526 2496 1652 2540 χειρῶν
1664 2489 1836 2526 Πολυΐδου
1855 2493 1982 2532 Polyid.
2000 2492 2041 2524 fr.
2061 2487 2169 2531 46211,
2193 2486 2224 2521 1.

1211 2559 1249 2563 —-
1271 2540 1285 2582 ΙΙ
1303 2543 1378 2571 ‹mte
1392 2566 1399 2580 ‚
1430 2540 1471 2572 de
1495 2544 1657 2581 tempore.
1689 2538 1718 2573 εἰ
1742 2539 1808 2587 πρὸ
1825 2537 1956 2585 τούμοῦ
1975 2535 2169 2586 προῦλαβες
2185 2534 2229 2570 τὸ.

1207 2584 1314 2620 τῶνδ’
1332 2585 1400 2633 ἔπη
1418 2587 1474 2619 OG
1495 2585 1597 2619 1141.
1640 2588 1667 2619 51
1698 2588 1773 2628 quis
1826 2596 1844 2618 e
1870 2585 2091 2629 praeferendo
2116 2584 2229 2626 expli-

1208 2635 1333 2675 cuerit,
1356 2644 1422 2666 non
1441 2643 1604 2676 repugno.
1633 2634 1699 2679 πρὸ
1716 2636 1776 2667 τοῦ
1795 2631 1818 2668 θ
1841 2636 1912 2668 νεῖν
1930 2634 2012 2666 Ant.
2031 2629 2111 2666 883.
2140 2629 2228 2669 τίνες

1208 2679 1374 2728 ἀμφίγυοι
1390 2680 1539 2727 κατέβαν
1557 2682 1622 2730 πρὸ
1640 2681 1761 2728 γάμων
1781 2683 1837 2715 Tr.
1855 2678 1925 2714 504
1942 2682 1994 2713 011.
2024 2678 2064 2714 οὐ
2080 2677 2144 2726 γὰρ
2161 2676 2228 2724 πρὸ
2277 2707 2280 2714 ,

1210 2727 1330 2774 μοίρας
1347 2726 1371 2773 ἡ
1388 2727 1478 2777 τύχη
1498 2727 1649 2774 βιάζεται
1665 2730 1807 2762 Phaedr.
1835 2730 1877 2761 fr.
1899 2725 1980 2770 603,
2001 2725 2034 2760 2.
2071 2728 2162 2759 Huic
2179 2727 2229 2758 si-

1208 2777 1299 2808 milis
1326 2777 1450 2808 locutio
1481 2777 1737 2809 adverbiascens
1763 2781 1815 2809 est
1839 2774 1905 2821 πρὸ
1921 2777 1983 2809 τοῦ
2009 2772 2146 2812 δέοντος
2163 2773 2223 2806 Ph.

1208 2820 1289 2856 891.
1314 2841 1354 2846 -
1374 2823 1388 2865 ΙΙ
1405 2825 1506 2856 tertia
1522 2825 1723 2865 significatio
1748 2825 1886 2855 moralis
1902 2826 1957 2855 est
1973 2823 2151 2863 bipartita,
2181 2821 2230 2852 al-

162 2856 223 2897 τίν’
310 2860 540 2910 ἐξοδοιπορεῖν
559 2863 699 2911 στέγης,
724 2863 926 2904 ξυνάπτετον
944 2865 1094 2912 λόγοισιν
1116 2868 1171 2900 El.
1209 2874 1281 2902 tera
1298 2872 1402 2902 alicui
1424 2871 1553 2912 aliquid
1577 2871 1740 2912 diynitate
1760 2873 1929 2912 praestare
1952 2873 2010 2902 aut
2032 2869 2228 2914 praeferen-

163 2907 222 2945 20.
249 2908 327 2956 πρίν
343 2921 381 2956 γε
400 2913 584 2956 φωνεῖν
606 2908 742 2952 ἐσώζετ’
759 2910 800 2946 ἂν
812 2913 876 2960 τὴν
893 2912 1072 2960 εὐλάβειαν
1091 2911 1170 2948 992.
1209 2917 1290 2949 dum
1318 2927 1399 2959 esse,
1433 2919 1537 2950 altera
1566 2920 1601 2950 in
1629 2920 1713 2951 vices
1741 2917 1910 2950 succedere
1939 2917 2104 2949 indicans.
2139 2914 2229 2947 Illud

164 2955 242 3003 πρὶν
270 2955 516 3003 πανωλέθρους
545 2958 583 2992 τὸ
608 2960 674 2992 πᾶν
692 2957 787 3005 ἡμᾶς
812 2958 841 2994 τ’
861 2959 1003 2995 ὀλέσθαι
1025 2959 1107 3000 κάξε
1128 2973 1175 3008 η-
1206 2974 1288 3005 prae
1314 2968 1348 2996 et
1368 2969 1499 3006 praeter
1522 2966 1632 3006 dicas,
1662 2963 1737 2999 ἐπεὶ
1762 2963 1900 3010 πρέπων
1927 2962 2011 3011 ἔφυς
2035 2961 2102 3009 πρὸ
2119 2959 2227 2996 τῶνδε

166 3008 279 3049 μῶσαι
310 3002 427 3051 γένος,
469 3003 640 3053 κατάσγες
673 3005 778 3060 ὀργήν
813 3004 915 3040 1009.
959 3008 1006 3047 ὡς
1038 3008 1112 3055 ὤφε
1137 3020 1174 3043 ον
1210 3014 1336 3058 φωνεῖν
1361 3012 1419 3044 OR
1447 3009 1500 3044 10.
1531 3022 1597 3045 non
1616 3016 1668 3045 est
1693 3011 1766 3046 ἀντὶ
1781 3009 1890 3045 τῶνδε
1915 3021 1978 3043 nec
1995 3007 2082 3055 ὑπὲρ
2105 3007 2225 3050 τῶνδε,

164 3048 328 3098 πάροιθεν
348 3048 499 3085 ἐκλιπεῖν
517 3046 607 3098 βίον,
636 3063 712 3099 πριν
738 3053 786 3092 εἰς
811 3052 910 3100 ξένην
937 3066 973 3089 σε
994 3058 1095 3102 γαῖαν
1115 3054 1175 3089 ἐκ-

165 3096 298 3144 πέμψαι
331 3095 431 3132 1132.
475 3097 499 3144 ἦ
530 3094 736 3145 ’τολμήσατε
771 3126 800 3133 ..
817 3127 824 3134 .
852 3100 969 3136 δοῦναι
999 3102 1044 3136 τὰ
1066 3101 1174 3149 τεύχη

1210 3059 1269 3090 sed
1294 3057 1426 3103 μᾶλλον
1456 3069 1483 3091 5.
1517 3058 1666 3104 μάλιστα
1692 3057 1817 3099 τῶνδε,
1859 3067 1941 3100 prae
1970 3060 2084 3090 ceteris
2109 3057 2229 3096 digmus

1209 3110 1346 3147 propter
1362 3108 1594 3139 auctoritatem
1612 3109 1646 3139 et
1672 3110 1828 3139 aetatem.
1858 3124 1898 3130 —
1934 3105 2089 3137 Alterum
2107 3105 2228 3136 Latine

164 3142 278 3201 τάμά,
313 3144 390 3192 πρὶν
420 3143 544 3191 μαθεῖν
575 3145 660 3192 ἐμοῦ
690 3148 751 3180 Ρ11.
772 3146 852 3181 370.
891 3147 935 3194 ἦν
962 3147 1070 3187 Λάῖός
1095 3149 1165 3186 ποθ
1207 3162 1269 3193 pro
1287 3153 1420 3185 dicitur.
1450 3150 1551 3192 ἀξίως
1569 3152 1635 3199 πρὸ
1652 3155 1712 3187 τοῦ
1727 3151 1891 3190 θανόντος
1908 3148 2002 3197 τήνδ’
2020 3144 2134 3185 ἔθεσθ’
2151 3149 2229 3189 ἐπι-

165 3191 327 3239 ηγεμών,
361 3191 437 3239 πρὶν
467 3192 505 3227 σὲ
532 3191 625 3239 τήνδ’
651 3192 853 3229 ἀπευθύνειν
878 3194 978 3230 πόλιν
1009 3198 1066 3229 ΟΒ
1093 3195 1171 3232 104.

166 3237 244 3286 πρὶν
261 3241 320 3273 νῦν
335 3237 378 3272 τὰ
394 3237 520 3273 πλείον’
539 3239 683 3287 ἱστορεῖν
695 3267 703 3282 ,
732 3238 850 3282 ἔξελθε
867 3243 923 3276 ΟΟ
941 3240 998 3276 36.
1034 3246 1172 3286 παῦσαι,

165 3284 242 3333 πρὶν
261 3283 365 3333 ὀργῆς
381 3284 472 3331 ’κάμὲ
490 3292 661 3332 μεστῶσαι
676 3286 786 3335 λέγων
811 3290 893 3323 Ant.
914 3287 995 3323 280.
1023 3290 1171 3336 κάτειμι,

167 3330 246 3379 πρίν
280 3344 338 3378 μοι
369 3336 492 3378 μοῖραν
525 3332 657 3379 ἐξήκειν
688 3333 762 3380 βίου
787 3333 866 3369 896.
911 3335 936 3382 ἡ
958 3337 1047 3418 ξυνὴ
1072 3337 1174 3372 πάλιν

109 3383 113 3386 ’
167 3377 319 3428 φρούδη,
352 3379 429 3425 πρὶν
457 3379 562 3415 εἰπεῖν
593 3380 716 3417 ἐσθλὸν
744 3380 768 3427 ἢ
797 3383 905 3418 κακὸν
935 3382 956 3416 λ
978 3396 1037 3430 γον
1070 3383 1171 3419 1245.

1210 3198 1362 3246 στροφήν
1392 3200 1450 3232 OR
1485 3198 1562 3233 134.
1603 3202 1662 3233 LA
1691 3204 1730 3232 ut
1754 3201 1909 3242 plerique
1934 3200 2011 3231 libri
2034 3196 2136 3244 πρός,
2168 3196 2229 3229 sed

1210 3256 1302 3279 eraso
1326 3258 1354 3284 ς.
1389 3248 1559 3288 Equidem
1583 3246 1668 3293 πρός
1691 3247 1951 3289 praeferendum
1978 3246 2169 3278 censuerim
2194 3245 2231 3276 in

1210 3295 1354 3333 qratiam
1378 3296 1501 3326 mortui
1527 3295 1731 3335 significans.
1775 3292 1843 3341 ἐρῶ
1867 3291 1930 3340 γὰρ
1947 3291 2007 3327 καὶ
2030 3290 2097 3338 πρὸ
2119 3288 2229 3331 τῶνδε

1211 3339 1266 3373 OG
1284 3338 1365 3372 811.
1410 3342 1456 3373 Et
1486 3342 1549 3373 hoc
1581 3346 1616 3374 et
1649 3342 1707 3374 ΟΒ
1733 3338 1786 3373 10.
1824 3342 1864 3372 de
1889 3344 2039 3381 tempore
2065 3338 2229 3378 intelligit

1213 3387 1337 3427 Reisig.
1367 3398 1476 3420 enarr.
1506 3399 1539 3430 p.
1571 3386 1648 3430 115.
1685 3387 1732 3425 ὥς
1756 3398 1808 3421 σοι
1835 3386 1900 3433 πρὸ
1916 3385 2056 3421 πολλῶν
2075 3383 2227 3419 ἀσπίδων

1892 110 2221 162 [112632—8351
2273 111 2275 113 “
