2288 3600
181 79 221 110 ν]
949 60 1202 93 PRAEFATIO
1229 57 1463 91 AUGTORIS.

182 178 461 223 universitate
492 178 682 221 literaria
722 177 892 221 scholas
923 176 1134 230 habendi,
1182 176 1376 233 pluribus
1407 175 1463 219 de
1493 175 1635 219 causis
1665 188 1799 231 grave
1829 172 2093 218 reddebatur
2122 177 2265 229 atquel

182 255 423 299 molestum.
480 255 591 298 Nam
622 255 701 298 etsi
735 255 846 298 vires
868 268 996 297 meas
1027 266 1167 310 paene
1198 252 1466 297 confeceram
1497 257 1539 296 et
1570 253 1683 296 ultra
1713 266 1841 307 quam
1874 250 2066 295 officium
2103 254 2262 306 postue

180 332 242 375 lat
271 332 550 385 elaboraram,
588 345 673 374 non
704 331 830 374 modo
861 331 1044 387 gratiam
1076 330 1241 373 nullam
1273 334 1551 382 consecutus,
1595 328 1673 373 sed
1703 328 1924 372 hominum
1955 326 2143 373 fortasse
2170 341 2264 373 non,

180 408 403 464 malorum,
441 408 517 451 sed
548 407 722 451 minime
753 412 867 452 certe
897 407 1209 464 perspicacium
1242 406 1386 451 studia
1417 406 1603 450 adversa
1633 410 1676 450 et
1706 405 1874 449 animos
1905 403 2032 449 foede
2061 403 2262 460 ingratos*

180 488 382 541 expertus
423 498 531 527 sum.
557 535 561 539 ,
587 484 683 527 Vidi
717 485 829 527 enim
862 497 940 527 nec
970 484 1143 540 ingenio
1175 497 1255 527 nec
1286 483 1481 527 doctrina
1511 482 1835 527 commendatos
1866 481 2064 526 homines
2095 481 2161 527 ita*
2178 494 2256 526 cu-

180 561 333 604 mulari
363 561 514 617 gratia,
550 565 596 604 ut
627 575 847 605 munerum
881 566 924 604 et
954 560 1160 604 honorum
1190 560 1401 616 quidquid
1422 561 1585 604 vellent
1615 559 1814 604 sumendi
1845 563 1888 603 et
1918 557 2045 614 quasi
2075 557 2263 615 optandi
2287 609 2288 621 χ

136 646 152 657 ⁴
181 637 485 681 concederetur
525 642 735 694 potestas:
790 631 969 693 cogn'ovi
1009 637 1161 693 etiam,
1212 637 1256 680 id
1298 637 1412 692 quod
1445 637 1584 681 maius
1625 641 1712 694 est,
1764 636 1910 680 studia
1947 635 2171 681 literar-um
2211 639 2256 681 et

180 713 399 758 doetrinae
429 714 655 770 augendae
676 714 945 772 diligentiam
977 719 1181 769 tanquam
1213 714 1384 758 inanem
1413 719 1456 758 et
1487 729 1515 758 a
1544 713 1837 771 praeceptoris
1868 727 2045 758 munere
2067 712 2262 759 alienam:
2287 699 2288 756 Ῠ

180 790 451 835 iactationem
483 791 608 835 unico
638 791 829 848 profecto
860 796 958 848 post
988 796 1160 834 renatas
1192 791 1337 835 literas
1369 792 1568 848 exemplo
1598 791 1727 835 abiiei
1759 806 1787 834 a
1815 790 2036 835 nonnullis
2066 794 2110 836 et
2140 790 2257 835 vitu-
2287 781 2288 833 ζ

179 867 334 923 perari.
379 867 505 910 Talia
536 868 638 922 quin
670 868 858 911 animum
892 867 1092 924 frangant
1113 868 1312 923 viresque
1335 868 1563 918 debilitent
1593 883 1689 912 cum
1712 867 1804 912 fieri
1835 867 1909 912 vix
1930 867 2082 924 possit,
2119 868 2255 912 lecto-
2287 854 2288 886 ³

180 956 248 986 res
280 957 366 997 oro,
402 948 449 987 ut
478 943 717 999 ignoscant,
754 944 868 999 quod
900 945 1050 1000 serius,
1088 958 1216 1000 quam
1237 945 1534 1001 promiseram,
1571 945 1680 989 liber
1710 958 1833 989 meus
1863 945 1908 988 in
1940 945 2079 990 lucem
2109 944 2257 1002 publi-

180 1033 281 1069 eamk
306 1020 522 1063 emittitur.
579 1020 625 1063 Si
656 1020 796 1064 minus
828 1026 941 1064 recte
972 1021 1162 1064 iudicata
1192 1021 1301 1077 alia,
1349 1022 1439 1065 alia
1467 1036 1554 1065 non
1585 1022 1800 1079 perfecta,
1845 1021 1924 1066 sed
1954 1020 2158 1067 inchoata
2188 1021 2256 1067 vi*

181 1083 332 1152 dei-int,
368 1097 539 1153 peritos
561 1102 603 1140 et
633 1097 864 1141 benevolos
896 1097 1047 1140 harum
1079 1098 1299 1142 literarum
1332 1099 1651 1143 existimatores
1682 1104 1730 1144 ut
1759 1102 1968 1143 excusent
1998 1112 2118 1154 rogo.
2287 1080 2288 1086 ἵ

296 1173 463 1217 Dabam
496 1174 755 1230 Regimontii
787 1175 1039 1219 Prussorum
1072 1174 1278 1219 Calendis
1305 1175 1620 1220 Novembribus
1653 1175 1756 1220 anni
1786 1175 2191 1220 MDOGCXXXIV.

2274 2418 2288 2723 *hwa->mamman-„2...-‹,.·...1
2283 2384 2285 2387 .
2282 2320 2285 2324 .
