2288 3600
43 107 267 195 {eois-..9084

16 242 181 288 'Venusto
206 232 352 286 Bruncsr.
383 254 498 286 Herm.
529 263 573 285 ex
590 253 657 285 PT.
686 253 786 284 Farn.
807 254 974 285 dederunt

0 290 107 382 ζῆσαι
130 299 248 335 κακόν.
285 301 336 334 cf.
358 299 486 334 ἀντάω.
513 297 622 334 πόθος
645 299 704 333 καὶ
725 303 843 333 κακῶν
860 297 884 333 α’
904 293 913 307 '
929 297 972 343 ἠν

19 366 32 392 ³

894 135 1058 191 Κακός

1920 135 2020 185 363

1009 253 1128 331 ιρὲἕεῖν
1153 250 1245 286 κακά
1272 249 1372 286 1320.
1399 251 1492 298 τάμὰ
1515 251 1607 286 κακά
1631 249 1732 284 1414.
1760 251 1905 298 τάγγενή
1930 250 2021 286 κακά

1084 296 1099 330 1
1119 300 1142 331 i.
1164 309 1196 340 q.
1223 297 1267 333 τὰ
1284 297 1321 346 ἐγ
1343 304 1440 333 ενῶν.
1476 296 1785 333 κάποκλαύσασθαι
1803 297 1894 332 κακοί
1915 295 2016 331 1467.

54 343 123 382 697
140 358 184 380 m.
221 352 337 381 κακῶν
363 346 426 393 γὰρ
452 345 649 384 δυσάλωτος
674 345 785 384 οὐδείς
811 344 878 379 172
919 347 968 378 ch.
1009 344 1053 379 τὰ
1076 340 1174 379 πόλλ’
1200 340 1301 379 ἐκεῖν’
1326 345 1372 380 στ’
1397 345 1521 394 ἐξέχρη
1544 345 1637 379 κακά
1654 346 1709 378 OC
1727 344 1784 378 87.
1812 344 1907 390 τάμὰ
1930 344 2022 379 κακὰ

0 394 36 438 ᾖ
60 391 117 428 ἀπ’
134 390 276 431 Οἰδίπου
300 398 418 428 κακῶν
443 395 522 426 Ant.
545 391 578 426 2.
608 393 729 427 ὁποῖον
753 391 792 427 οὐ
818 397 887 427 τῶν
905 397 973 427 σῶν
1011 391 1252 439 ὑπερπονεῖτον
1271 390 1350 425 344.
1381 391 1537 427 πέπονθα
1554 391 1645 426 δεινοὶ
1669 392 1760 426 κακά
1778 390 1856 426 595.
1885 387 1963 427 κάκ’
1981 389 2021 426 ἂν

0 435 139 489 [κάμῶν
157 438 220 475 οὐκ
237 435 348 475 ὄπωπ’
365 439 432 487 ἐγὼ
449 445 565 474 κακῶν
578 438 611 473 6.
631 434 730 474 τῶνδ’
748 438 975 488 ἀπηλλάχθαι

0 492 82 532 μῶν
99 485 179 521 400.
209 487 249 522 ἐκ
264 492 380 522 κακῶν
406 485 609 533 πεφευγέναι
625 485 705 519 437.
734 492 851 521 κακῶν
869 486 974 533 ἄγευ-

0 535 46 579 ᾑς
70 534 154 570 αἰών
178 532 248 568 582
264 536 316 567 ch.
344 539 461 568 κακῶν
489 533 552 568 οὐκ
576 533 715 580 ἄπειρος
743 532 843 567 1191.
872 533 930 568 *τί
947 528 974 567 δ’

0 591 58 629 μιν
74 579 116 616 αὖ
134 580 254 616 κάκιον
272 580 312 616 ἐκ
335 586 452 615 κακῶν
471 580 537 623 ἔτι;
570 579 655 621 1281
685 580 779 625 [secl.
799 579 976 626 Heiland.]

0 630 71 675 Μ.
90 626 114 675 ἢ
131 632 261 663 κακῶν.
305 631 347 662 V.
369 627 403 674 ἥ.
440 626 556 674 λήθην
579 633 647 662 τῶν
666 626 772 662 ὄντων
797 633 914 663 κακῶν
931 630 972 661 fr.

0 676 105 718 hyest.
132 673 221 717 237,
249 673 283 708 2.
317 673 486 710 λαθέσθαι
517 680 585 709 τῶν
609 671 835 720 παρεστώτων
859 680 976 710 κακῶν

0 723 8 733 ‘
25 733 54 757 ι.
75 720 156 764 358,
171 720 204 755 2.
232 723 336 770 χιτὼν
354 721 493 768 ἄπειρος
511 721 632 768 ἐνδυτή
659 734 708 760 ιος
725 728 840 756 κακῶν
860 724 974 762 Polyx.

0 734 48 810 ᾖ.
76 768 300 815 κάπιτιμηταὶ
317 774 434 804 κακῶν
453 771 562 802 Proer.
583 767 627 802 47
657 795 663 802 .
694 768 805 816 ἰατρὸς
823 768 886 804 οὐκ
903 769 978 803 ἐπι-

0 814 109 864 ᾐμων
134 821 251 851 κακῶν
278 818 352 850 Ter.
375 815 459 858 514,
487 815 519 849 5.
558 816 655 855 ἐκτός
681 816 744 850 εἰσι
768 822 835 850 τῶν
862 821 978 851 κακῶν

0 864 90 906 htyg.
111 861 191 903 649,
209 860 242 896 3.
273 862 334 910 ζῆν
351 862 430 898 ἄνευ
449 868 566 897 κακῶν
584 866 649 897 ino.
671 862 751 897 683.
780 869 847 898 τῶν
868 863 883 898 ἐ
913 862 979 908 φύ-

0 920 39 955 μν
53 922 90 946 τε
105 909 164 945 καὶ
181 909 360 957 θεηλάτων
377 915 494 945 κακῶν
514 912 656 943 XXVII.
669 909 710 952 3,
730 909 752 943 2
771 913 866 944 Brek.
908 912 978 943 Eu-

0 958 70 1003 fidi
93 959 312 991 tribuendum
337 970 368 990 v.
397 956 627 1010 ἀποστροφή]
651 976 691 982 -—-
712 956 750 992 οὐ
776 961 883 992 ταῦτα
896 958 980 1004 πρὸς

0 1007 108 1049 {notet
129 1002 256 1039 δειλίαν
286 1003 374 1052 ἔχει;
411 1002 564 1038 E1.3o1.
607 1008 730 1043 κακοῖς
759 1004 903 1043 πολλοῖς
929 1003 981 1039 ἀεὶ

0 1054 115 1090 Νοῦσα
137 1049 216 1085 599.
252 1054 326 1090 τοῖς
352 1050 506 1098 ἐμαυτῆς
536 1055 658 1090 κακοῖς
682 1050 761 1085 768.
798 1051 883 1087 κάπὶ
906 1055 980 1090 τοῖς

0 1101 100 1146 ‘un-52<
122 1101 259 1133 κακοῖσι
287 1097 372 1133 κάπὶ
393 1102 467 1133 τοῖς
484 1098 582 1144 ἐμοῖς
607 1097 712 1145 γελᾷς
737 1097 816 1132 880.
847 1098 926 1133 ὅταν
945 1098 980 1133 ἐν

0 1140 94 1193 ’μοῖς
115 1145 184 1192 ἤδη
210 1144 362 1194 βεβήκῃς
383 1143 482 1179 1056.
512 1149 611 1180 πᾶσιν
628 1149 751 1180 κακοῖς
770 1144 871 1179 1196.
891 1149 980 1181 τοῖσι

0 1195 48 1241 ᾖς
60 1191 148 1238 [τοῖς
164 1193 252 1230 ’ίσοις
269 1194 372 1225 Dind.
395 1204 422 1225 c.
440 1194 500 1225 LA
516 1192 585 1238 pr.]
603 1191 718 1252 ἀλγῶν
735 1197 856 1227 κακοῖς
878 1191 978 1226 1201.

0 1243 147 1283 μιακοῖς
161 1237 262 1273 1287.
285 1239 319 1273 ἐν
337 1238 488 1274 αὐτοῖσιν
505 1243 627 1278 κακοῖς
643 1252 738 1278 οντες
758 1238 856 1274 1329.
879 1239 982 1287 *βρο-

0 1290 42 1330 &v
59 1285 118 1322 σὺν
134 1289 256 1325 κακοῖς
274 1285 492 1334 μεμιγμένων
512 1285 618 1329 1485,
648 1298 712 1330 quo
728 1289 796 1321 loco
813 1290 983 1329 eleganter

0 1335 166 1370 *ortalibus
182 1336 356 1376 tribuitur,
385 1336 473 1376 quod
488 1345 598 1366 rerum
615 1336 837 1367 humanarum
854 1340 916 1376 est,
946 1347 977 1367 v.

0 1377 89 1426 igrm'.
117 1379 212 1426 [secl.
233 1379 367 1426 Dind.].
404 1380 587 1416 *κακοῖσιν
620 1380 672 1419 οἷς
707 1381 774 1427 ἐγὼ
793 1381 982 1429 βαρύνομαι

0 1428 34 1470 §a
51 1424 121 1462 152
144 1426 239 1474 [secl.
259 1426 394 1473 Dind.].
431 1428 515 1474 πρὸς
532 1431 656 1462 κακοῖς
687 1433 759 1467 τοῖς
792 1428 867 1464 οὖσι
900 1427 979 1462 330.

75 1486 179 1514 ακτος
195 1474 269 1509 αἰὲν
287 1474 433 1522 εἱπόμην
450 1478 572 1513 κακοῖς
594 1473 693 1508 1074.
723 1475 808 1511 οἷσιν
826 1471 930 1525 εἴχετ’
947 1475 982 1510 ἐν

64 1525 97 1561 ῖς
121 1524 177 1556 Ai.
197 1519 279 1555 272.
313 1521 370 1556 τὸν
406 1521 514 1569 ἄνδρα
539 1522 828 1569 διαπεφοιβάσθαι
860 1519 983 1561 κάκοῖς

0 1531 63 1614 3?
83 1572 205 1608 κακοῖς
229 1568 378 1604 τοιοῖσδε
397 1569 670 1614 συμπεπτωκότα
687 1568 767 1604 429.
795 1574 868 1605 τοῖς
885 1570 983 1616 ἐμοῖς

0 1616 95 1663 ᾐοῖς
111 1614 192 1650 431.
219 1614 384 1651 τοιούτοις
399 1619 521 1655 κακοῖς
539 1616 735 1664 ἐντυγχάνω
753 1615 832 1651 433.
860 1621 983 1653 κακοῖ·

0 1665 25 1702 ἓν
41 1661 131 1702 ὅστις
149 1662 258 1710 μηδὲν
277 1661 516 1702 ἐξαλλάσσεται
533 1662 614 1697 474.
650 1667 881 1698 Adverbiascit
898 1667 983 1698 dati-

0 1710 57 1755 ξι.
86 1713 140 1753 qui
155 1712 255 1743 malis
271 1720 339 1743 non
354 1715 503 1743 mutatur
519 1713 548 1744 is
566 1715 628 1752 est,
651 1714 747 1744 cuius
764 1713 830 1745 non
848 1718 984 1745 mutan-

0 1757 150 1802 wsmala.
189 1759 232 1790 ef.
253 1759 369 1790 Herm.
408 1757 442 1792 ἐν
469 1757 585 1792 τοῖσδε
613 1761 687 1797 τοῖς
715 1762 872 1793 κακοῖσιν
901 1757 980 1792 532.

0 1800 154 1855 >ἠρῶντων
171 1803 471 1852 κάπιχαιρούντων
490 1808 612 1842 κακοῖς
628 1809 704 1858 τοῖς
721 1804 821 1840 τοῦδε
839 1804 919 1839 961.
942 1825 983 1831 -

0 1855 98 1942 333⁶
120 1849 574 1946 .z²}323...¹?43ss·..{2‘235325
592 1853 986 1938 a-ss’zszfiffirtss

10 1954 71 1992 ιιῳ
95 1956 132 1979 τε
156 1945 214 1979 καὶ
237 1949 376 1981 κακοῖσι
400 1945 533 1991 βόσκων
548 1947 612 1993 τὴν
629 1946 726 1981 νόσον
744 1948 804 1979 Ph.
827 1945 906 1980 313.
937 1947 985 1993 μὴ

2 2016 6 2035 3
18 2012 29 2024 υ.
52 2003 82 2033 ς
126 2004 142 2026 ε
160 1991 194 2026 ἐν
212 1996 348 2028 κακοῖσι
365 1992 479 2028 τοῖσδε
497 1992 577 2026 471.
608 1993 655 2034 ζῶ
684 1994 741 2028 σὺν
759 1997 883 2028 κακοῖς
900 1993 988 2028 πολ-

2 2048 38 2071 ·,·‘.>
75 2037 92 2072 1
119 2037 176 2072 22.
205 2039 304 2086 φάτιν
329 2041 404 2075 εἷπε
430 2039 495 2088 οὐχ
517 2039 723 2076 ὑπείκουσαν
741 2044 864 2076 κακοῖς
883 2039 984 2074 1046.

7 2108 9 2118 ;
27 2092 30 2129 g
47 2097 70 2120 α
85 2086 169 2132 πρὸς
185 2091 324 2122 κακοῖσι
340 2087 532 2133 πέμποντες
548 2087 673 2129 κακόν;
706 2086 806 2122 1266.
828 2087 987 2123 διδάσκου

23 2130 285 2180 ,θρασύνεσθαι
309 2138 430 2172 κακοῖς
456 2133 555 2168 1387.
586 2134 696 2173 οὐδεὶς
713 2135 846 2182 ἀρωγὸς
871 2135 905 2169 έν
922 2147 988 2169 κα-

5 2239 27 2251 ¹·
55 2225 258 2274 λαμβάνεις;
296 2227 381 2262 1031
409 2227 472 2274 [sic
498 2233 550 2262 est
573 2231 609 2261 in
635 2240 767 2272 apogr.:
799 2229 832 2263 ἐν
856 2232 990 2276 καιροῖς

14 2298 31 2314 ‚-
46 2298 56 2316 ‚
67 2273 104 2309 ἐν
119 2274 242 2313 νάπαις
251 2275 386 2321 Dind.].
407 2273 486 2322 μηδ’
504 2274 667 2325 ἐξισώσης
682 2275 783 2310 τάσδε
799 2280 872 2314 τοῖς
890 2275 989 2321 ἐμοῖς

1012 438 1130 484 λάβοις
1146 438 1189 473 τὰ
1206 438 1348 474 πλείονα
1366 438 1445 472 796.
1474 439 1610 486 εἰσέβην
1626 438 1718 473 κακά
1735 437 1814 472 997.
1842 439 2019 484 τάμαυτοῦ

1011 485 1103 520 κακά
1119 484 1220 520 1254.
1250 499 1275 531 μ
1326 485 1434 521 πλείω
1451 486 1542 521 κακὰ
1571 485 1715 521 πάθοιεν
1734 488 1814 519 Ant.
1836 484 1916 519 927.
1936 485 1956 520 ὅ
1985 498 2022 520 ε-

1013 531 1093 568 σθαι
1109 533 1200 567 κακά
1221 531 1286 566 128
1313 559 1320 566 .
1341 532 1624 581 κάπικρύψασθαι
1640 533 1732 567 κακά
1749 535 1789 566 fr.
1807 535 1924 567 Alead.
1941 532 1955 566 1
1985 531 2017 574 9,

1015 578 1069 613 12.
1112 579 1225 615 ἰᾶσθαι
1249 580 1341 615 κακά
1373 582 1462 622 Scyt.
1483 579 1562 622 501,
1593 580 1623 613 1.
1663 575 1691 622 ᾧ
1709 578 1797 619 Ζεὺς
1831 579 1847 614 ἐ
1876 580 2023 627 ορμήσοι

1012 626 1104 662 κακά
1120 629 1259 661 Phaedr.
1281 625 1360 669 611,
1381 626 1414 661 2.
1434 627 1593 675 τυρβάζει
1609 627 1700 662 κακά
1717 630 1782 660 inc.
1805 625 1850 660 72
1878 655 1885 663 .
1901 627 1935 661 2.
1952 647 1993 654 -
2011 627 2022 670 Η

1014 676 1193 716 Speciatim
1211 677 1252 708 de
1268 677 1377 707 morbo
1402 680 1437 708 et
1453 679 1601 708 cruciatu
1618 677 1756 708 dictum.
1784 673 1847 708 κού
1874 674 2022 721 δυνήσο-

1017 733 1076 767 μαι
1092 722 1197 756 κακὸν
1214 721 1340 769 κρύψαι
1365 724 1425 755 Ph.
1446 720 1525 755 742.
1555 721 1634 756 ὅταν
1653 733 1694 755 πε
1736 721 1775 756 τὸ
1792 723 1897 756 κακὸν
1916 722 2022 771 ἐξήκῃ

1014 768 1092 803 τόδε
1110 767 1188 802 767.
1217 769 1256 803 τὸ
1279 768 1342 816 γὰρ
1367 769 1474 803 κακὸν
1497 764 1567 803 τόδ’
1592 768 1694 804 οὐκέτ
1728 767 1916 815 ὀρθοῦσθαί
1937 768 1970 815 μ’
1988 769 2030 815 ἐᾷ

1015 814 1095 849 820.
1122 815 1221 850 τοῦδε
1237 819 1298 850 τοῦ
1315 819 1423 851 κακοῦ
1450 815 1546 850 δοκεῖ
1560 815 1657 863 λήθη
1679 828 1730 854 τις
1748 814 1832 849 εἰναι
1848 815 1928 850 877.
1951 822 2021 851 σῶ-

1016 874 1070 896 σαι
1094 866 1203 898 κακοῦ
1226 862 1287 908 μὲν
1312 869 1430 910 πρῶτα
1451 863 1552 898 τοῦδε
1577 861 1656 896 919.
1688 863 1735 909 μὴ
1791 862 1874 912 ύγῃς
1897 863 2025 909 τούμὸν

1014 909 1120 944 κακόν
1139 910 1195 943 Tr.
1217 908 1296 944 797.
1326 911 1431 945 κακὸν
1447 910 1525 945 τόδε
1541 909 1693 944 λεύσσων
1712 908 1756 943 99
1785 937 1791 943 .
1822 911 1944 958 ἰατῆρα
1956 916 2024 945 τῶν

1016 956 1110 1002 ἐμῶν
1135 962 1252 991 κακῶν
1275 955 1375 991 1209.
1404 957 1443 992 σὺ
1469 958 1532 1004 γάρ
1558 957 1590 1004 μ’
1616 957 1672 992 ἀπ’
1692 955 1913 996 εὐνασθέντος
1931 957 2026 992 ἐκκι-

1016 1007 1085 1038 νεῖς
1110 1007 1218 1039 κακοῦ
1240 1002 1340 1038 1242.
1370 1004 1486 1039 παῦλά
1510 1016 1561 1039 τοι
1587 1009 1705 1038 κακῶν
1724 1002 1810 1051 αὕτη
1831 1003 1931 1039 1255.
1961 1006 2025 1039 Sed

1017 1062 1094 1084 cave
1117 1053 1265 1084 morbum
1290 1054 1534 1094 interpretem:
1572 1054 1690 1085 idonea
1714 1058 1766 1085 est
1790 1054 1871 1085 mali
1895 1054 2025 1094 signifi-

1017 1101 1100 1131 catio
1118 1101 1294 1140 generalis.
1318 1119 1359 1124 —
1386 1100 1399 1142 {l
1425 1100 1489 1133 Sed
1506 1101 1546 1132 de
1563 1101 1651 1132 maLo
1669 1101 1770 1132 etiam
1797 1100 2026 1132 committendo

1018 1147 1070 1178 vel
1088 1147 1223 1188 inflicto,
1253 1157 1320 1179 non
1341 1147 1498 1188 patiendo
1524 1148 1658 1179 dieitur.
1695 1144 1819 1194 Λίχαν,
1851 1147 1907 1181 τὸν
1927 1145 2025 1181 οὐδὲν

1017 1192 1122 1228 αἴτιον
1147 1194 1207 1227 τοῦ
1232 1196 1292 1227 σοῦ
1315 1197 1424 1228 κακοῦ
1449 1195 1503 1226 Tr.
1525 1192 1602 1226 774.
1633 1193 1723 1228 ὁποῖ’
1748 1188 1784 1229 ἕδ
1809 1207 1829 1228 α
1854 1193 1946 1228 κακά
1971 1195 2028 1228 OR

1020 1238 1119 1273 1272.
1156 1239 1244 1285 δρῶν
1272 1235 1300 1274 δ’
1333 1239 1524 1287 ἐφευρίσκει
1546 1240 1637 1275 κακά
1666 1241 1720 1274 OC
1738 1239 1782 1275 93
1811 1267 1817 1274 .
1855 1239 1954 1275 πόλλ’
1987 1239 2027 1275 ἂν

1016 1286 1130 1333 λάθρα
1147 1286 1187 1321 σὺ
1203 1286 1367 1334 κλέψειας
1383 1288 1474 1322 κακά
1490 1290 1545 1321 Ai.
1569 1286 1668 1321 1137.
1690 1287 1748 1322 καὶ
1770 1287 1867 1337 χερσὶ
1889 1287 1948 1323 καὶ
1964 1286 2028 1322 λύ-

1019 1346 1113 1381 μαισι
1129 1333 1186 1368 καὶ
1203 1338 1302 1369 πᾶσιν
1320 1338 1442 1373 κακοῖς
1459 1337 1512 1368 El.
1536 1332 1625 1368 1196
1643 1331 1915 1369 fortasse'eodem
1934 1336 2028 1368 modo

1018 1384 1296 1422 intelligendum:
1326 1393 1369 1415 ex
1390 1385 1585 1425 quaestione
1608 1383 1736 1416 Orestis
1759 1382 1790 1418 τί
1814 1382 1928 1428 δρῶσα
1945 1385 2026 1415 sub-

1019 1431 1222 1462 audiendum
1240 1431 1275 1461 in
1294 1440 1451 1471 responso
1468 1432 1707 1477 κακουργοῦσα
1721 1441 1746 1462 s.
1764 1435 1880 1468 κακῶς
1900 1428 2023 1475 δρῶσα.

1020 1475 1082 1510 ὅσα
1101 1476 1255 1522 ἐμήσατο
1272 1476 1364 1511 κακά
1381 1477 1442 1509 Ph.
1467 1474 1555 1509 1139
1574 1488 1617 1509 m.
1648 1476 1706 1511 σὺν
1731 1480 1853 1512 κακοῖς
1869 1488 1893 1510 π
1917 1477 2029 1511 άσσειν

1019 1523 1110 1557 κακά
1143 1525 1222 1556 Ant.
1245 1521 1324 1557 565.
1359 1524 1406 1562 ὡς
1434 1523 1491 1558 καὶ
1523 1524 1579 1558 τὸν
1614 1522 1739 1572 ἐχθρὸν
1773 1523 2031 1570 ἀνταμυνωνται

1019 1573 1141 1608 κακοῖς
1167 1568 1246 1603 643.
1273 1574 1397 1618 ταχεῖα
1414 1569 1524 1605 πειθὼ
1548 1576 1615 1605 τῶν
1633 1566 1750 1606 κάκῶν
1768 1570 1943 1618 ὁδοιπορεῖ
1959 1573 2026 1604 ino.

1022 1615 1099 1650 714.
1137 1619 1198 1650 Est
1224 1629 1308 1659 quae
1333 1620 1424 1651 mala
1450 1619 1606 1659 facienda
1623 1620 1751 1651 suadet.
1791 1620 1842 1651 De
1860 1619 1934 1651 dolo
1951 1628 2029 1660 spe-

1022 1667 1152 1698 ciatim:
1187 1663 1374 1712 τεχνᾶσθαι
1401 1665 1493 1699 κακά
1524 1666 1586 1698 Ph.
1607 1663 1662 1698 80.
1698 1664 1797 1704 οὗτος
1823 1665 1887 1713 γὰρ
1918 1665 1961 1700 τά
1993 1676 2031 1711 γε

1021 1711 1142 1746 κείνων
1168 1711 1244 1746 κάκ’
1270 1711 1286 1746 ἐ
1314 1711 1414 1758 ’ρυκε
1439 1710 1519 1746 423.
1549 1711 1585 1747 εὖ
1611 1711 1831 1758 προυδίδαξεν
1857 1712 1892 1747 ἐν
1909 1716 2032 1751 κακοῖς

1022 1758 1110 1793 εἶναι
1139 1759 1242 1806 σοφόν
1268 1757 1310 1792 10
1337 1758 1369 1792 5.
1415 1761 1576 1793 Similiter
1601 1761 1642 1792 de
1673 1771 1802 1792 morum
1834 1761 1974 1801 fallacia
1998 1764 2032 1792 et

1022 1807 1192 1838 mendacio
1205 1818 1215 1837 :
1241 1805 1386 1852 λαθραῖ’
1404 1806 1440 1844 ὃς
1457 1805 1557 1840 ἀσκεῖ
1574 1807 1622 1854 μὴ
1641 1805 1800 1854 πρέποντ’
1825 1806 1920 1853 αὐτῷ
1942 1806 2033 1841 κακά

1024 1855 1078 1886 Tr.
1097 1850 1176 1886 384.
1200 1872 1241 1878 —-·
1267 1854 1282 1896 ΙΙ
1308 1856 1396 1887 Hine
1414 1855 1454 1887 de
1471 1856 1616 1886 convicio
1634 1860 1825 1896 usurpatur.
1866 1855 1929 1887 Cui
1947 1856 2032 1895 figu-

1023 1907 1111 1933 ratae
1130 1901 1267 1933 dictioni
1285 1903 1338 1933 via
1355 1903 1497 1934 struitur
1514 1903 1658 1934 talibus:
1695 1899 1805 1948 λέγων
1832 1896 1880 1935 ὅσ’
1906 1898 1945 1935 ἂν
1971 1898 2033 1935 θέ-

1022 1946 1086 1996 λῃς
1104 1945 1182 1981 καθ’
1199 1946 1300 1993 ἡμῶν
1319 1942 1434 1996 ἔσχατ’
1461 1947 1616 1995 ἐσχάτων
1633 1948 1725 1982 κακά
1742 1950 1801 1981 Ph.
1824 1946 1880 1981 65.
1908 1942 2034 1982 τοιαῦτ’

1024 1993 1172 2032 ἀκούσας
1198 1993 1461 2035 κάξονειδισθεὶς
1486 1994 1578 2029 κακά
1604 1993 1683 2028 382.
1712 1994 1786 2030 αἰὲν
1803 1994 1896 2041 ἡμᾶς
1912 1998 2035 2029 κακοῖς

1025 2040 1162 2087 βαλεῖτέ
1188 2054 1253 2076 που
1281 2044 1334 2075 Ai.
1359 2040 1459 2075 1244.
1485 2061 1525 2066 -
1543 2040 1714 2090 χολωθεὶς
1740 2041 1889 2088 ἦρασσον
1913 2045 2035 2080 κακοῖς

1023 2091 1096 2126 τοῖς
1114 2091 1212 2122 πᾶσιν
1231 2090 1289 2121 Ph.
1313 2087 1392 2122 374.
1422 2089 1604 2129 ποῖονούκ
1622 2089 1693 2134 ἐρεῖ
1708 2089 1814 2124 κακὸν
1838 2089 1895 2124 τὸν
1974 2088 2034 2122 νό-

1025 2134 1085 2170 θον
1169 2137 1224 2168 Ai.
1249 2134 1348 2169 1012.
1385 2140 1488 2170 κινῶν
1514 2132 1607 2182 ἄνδρ’
1632 2136 1719 2182 ἀνὴρ
1752 2135 1947 2183 ἐπιρρόθοις
1972 2148 2035 2170 κα-

3 2193 17 2206 ιι
83 2179 229 2227 ἐγίγνετο
255 2182 312 2215 OR
331 2180 409 2215 127.
437 2181 470 2215 τί
496 2179 523 2215 δ’
547 2181 651 2229 ἄλγος
667 2179 790 2230 ’ίσχονθ
813 2182 846 2216 ἐν
865 2185 988 2220 κακοῖς
1022 2185 1133 2216 κοῖσιν
1152 2185 1232 2215 Ant.
1253 2181 1334 2216 413.
1362 2178 1466 2217 τοιάδ’
1485 2182 1673 2223 ἐξονειδίζει
1695 2183 1787 2218 κακά
1804 2185 1857 2216 El.
1870 2181 1951 2218 288.
1981 2184 2034 2216 Cf.

1024 2231 1156 2270 Pflugk.
1175 2231 1215 2262 ad
1233 2231 1315 2262 Eur.
1338 2232 1425 2264 Med.
1447 2228 1527 2263 465.
1559 2233 1641 2263 Hee.
1663 2228 1742 2264 576.
1773 2231 1930 2264 Ceterum
1949 2232 2035 2272 quod

1026 2278 1066 2309 de
1079 2277 1189 2309 morbo
1203 2287 1304 2318 supra
1317 2279 1576 2318 observavimus,
1598 2279 1698 2311 etiam
1712 2279 1752 2311 de
1764 2280 1910 2310 convicio
1924 2279 2013 2310 valet
2028 2289 2034 2308 z

51 2324 104 2360 οῖς
128 2319 218 2355 1507
241 2333 282 2354 ηε
305 2333 447 2364 exaequet
472 2325 547 2355 illas
563 2331 632 2355 meo
651 2324 834 2365 infortunio
851 2326 874 2356 i.
895 2334 926 2356 e.
947 2334 988 2355 ne
1026 2325 1244 2363 intelligitur,
1275 2335 1337 2357 nec
1362 2330 1475 2357 tamen
1494 2326 1541 2357 sie
1559 2329 1690 2367 oportet
1706 2326 1931 2366 interpretari.
1947 2343 1987 2348 —
2006 2325 2020 2367 ΙΙ

60 2378 109 2401 re
134 2367 380 2402 eisdem'malis
404 2371 531 2410 agitari.
562 2368 670 2415 θυμὸς
695 2366 723 2404 δ’
750 2370 784 2404 ἐν
810 2374 931 2408 κακοῖς
950 2368 988 2404 οὐ
1027 2373 1075 2403 De
1092 2373 1178 2402 male
1193 2373 1348 2403 ominans
1363 2373 1466 2404 verbis
1492 2374 1596 2404 semel
1613 2373 1751 2405 dictum.
1779 2372 1879 2417 τέρας
1902 2381 1955 2405 τοι
1982 2369 2037 2405 διὰ

8 2429 17 2461 2·
30 2448 32 2450 .
56 2426 155 2462 ορον
172 2417 226 2449 OC
245 2413 324 2449 592.
353 2414 511 2451 πέπονθα
535 2415 627 2451 δεινὰ
651 2417 735 2463 πρὸς
752 2421 874 2455 κακοῖς
899 2417 990 2451 κακά
1025 2422 1142 2451 κακῶν
1168 2414 1349 2455 ἐθέσπισας
1374 2420 1428 2451 Tr.
1452 2417 1553 2452 1131.
1592 2420 1699 2453 Schol.
1722 2424 1789 2452 vet.
1809 2418 1948 2454 ἄπιστον
1973 2417 2037 2465 γὰρ

26 2610 33 2631 ·,
60 2602 122 2638 ῖσί
135 2610 185 2637 τις
201 2602 305 2641 ἁλούς
321 2602 402 2637 495.
420 2604 454 2638 ἐν
471 2607 593 2642 κακοῖς
610 2608 682 2643 τοῖς
695 2609 800 2639 σοῖσιν
819 2603 992 2651 ξύμπλουν

20 2702 23 2703 ν
43 2694 100 2730 ω.
113 2649 443 2744 ’ἰξξὲῆῖἶῗῗέχῗὲὲ
446 2651 550 2731 01υῶἑέ
552 2664 575 2697 η
586 2650 668 2732 343·
679 2651 807 2744 ,51ᾋὲἔῖ
809 2664 857 2733 ⁶23
871 2651 993 2736 33ἶὲἷὲ

8 2741 92 2778 ἕζζτ·’···.
125 2747 247 2782 κακοῖς
272 2743 388 2779 ἰᾶσθαι
411 2744 503 2780 κακά
527 2747 567 2778 fr.
588 2747 704 2779 Alead.
726 2744 782 2784 98,
803 2744 836 2779 2.
868 2746 902 2779 ἐν
927 2757 995 2779 κα-

4 2800 80 2837 Ἰνἰυι
96 2788 272 2837 θυμωθείς
286 2793 361 2824 Ter.
384 2790 464 2833 514,
487 2790 520 2825 3.
550 2791 584 2826 ἐν
601 2796 738 2827 κακοῖσι
763 2792 874 2837 θυμὸς
892 2792 994 2838 εὐνη-

3 2846 56 2881 g
79 2838 155 2878 Tyr.
177 2836 255 2871 581.
284 2837 389 2876 αἰδὼς
414 2838 449 2872 ἐν
475 2842 630 2872 κακοῖσιν
649 2838 747 2873 οὐδὲν
772 2839 900 2887 ὠφελεῖ
924 2841 991 2872 ino.

8 2884 47 2919 ,2⁴
62 2908 71 2925 ,
82 2881 113 2917 1.
135 2882 224 2919 ὅστις
240 2884 275 2918 ἐν
292 2888 447 2920 κακοῖσιν
467 2885 586 2932 ἱμείρει
603 2884 678 2931 βίου
693 2884 772 2928 689,
788 2886 818 2919 1.
834 2906 874 2911 —-
893 2885 996 2920 κάπι-

8 2933 13 2977 Ἰ
29 2934 48 2963 ¹3·
63 2955 75 2960 <⁴
114 2942 143 2965 ιν
154 2931 246 2966 κακά
254 2933 308 2965 El.
323 2930 402 2965 309.
417 2931 578 2978 ὑμνήσεις
591 2932 682 2967 κακά
691 2931 770 2967 382.
790 2932 847 2968 οἷα
862 2933 906 2968 λα
955 2933 997 2967 ά-

6 2978 154 3024 ,ᾗῖῑκακά
178 2977 258 3012 751.
288 2978 370 3024 βοᾶν
395 2979 438 3014 τά
463 2978 494 3014 θ’
521 2977 630 3026 αὑτῆς
653 2979 712 3014 καὶ
735 2979 778 3014 τὰ
802 2985 870 3014 τῶν
890 2981 926 3027 φί
950 2994 996 3014 ων

17 3030 73 3064 ἶ
105 3022 185 3059 803.
242 3025 265 3071 ὴ
291 3025 397 3070 μείζω
423 3024 514 3060 κακὰ
537 3026 748 3072 κτησώμεθα
774 3025 874 3060 1003.
902 3027 945 3061 τά
969 3022 997 3060 τ’

87 3070 148 3106 ’καὶ
168 3038 340 3118 μέλλοντα
356 3070 557 3107 Πελοπιδῶν
581 3072 673 3107 κακά
698 3071 797 3107 1498.
834 3075 862 3108 ὧ
887 3073 999 3108 πολλὰ

10 3112 96 3166 Ὗ
115 3118 207 3153 κακὰ
287 3118 469 3166 μοχθήσας
494 3118 562 3166 ἐγώ
587 3121 642 3152 Tr.
666 3118 767 3153 1046.
796 3120 873 3155 ποῖ’
898 3121 999 3155 ἀποι-

73 3183 84 3196 a
97 3176 107 3198 ι
120 3165 213 3200 κακά
228 3165 376 3210 (δοκεῖς)
390 3168 451 3199 Ph.
464 3164 544 3200 278.
567 3166 644 3201 ὅταν
663 3165 791 3214 φεύγῃς
807 3167 899 3202 κακά
917 3166 995 3201 641.

7 3211 36 3251 ἶ,
58 3208 103 3257 ’μ’
122 3210 254 3258 ἐργάσει
274 3212 366 3247 κακά
383 3212 461 3247 786.
489 3211 571 3247 τάπὶ
588 3213 640 3247 σοὶ
658 3213 782 3248 στένων
807 3214 898 3248 κακά
915 3212 995 3247 806.

82 3268 104 3293 ιι
124 3258 275 3294 παιδεύει
308 3259 399 3294 κακά
422 3259 564 3304 [κακούς
590 3262 692 3294 Dind.
714 3271 741 3294 o.
763 3260 882 3306 Dobr.]
910 3259 997 3293 1361

7 3301 11 3349 ἶ
60 3302 64 3308 ’
90 3327 99 3343 .,
124 3304 168 3340 τὸ.
190 3304 233 3340 σὰ
255 3306 348 3341 κακά
365 3307 423 3339 OR
440 3305 518 3340 329.
548 3306 619 3341 ’ίδια
635 3310 806 3346 κινοῦντες
822 3307 915 3342 κακά
932 3305 1000 3340 636

8 3370 11 3388 =‚
70 3365 96 3379 ι·
131 3357 210 3385 ntur
233 3351 331 3387 πόλει
353 3352 510 3402 νοσούσῃ.
547 3348 624 3388 κάκ’
646 3353 695 3392 εἰς
720 3349 848 3401 μέγιστ’
874 3354 999 3388 ἔσωσεν

9 3432 12 3433 ⁷
47 3399 102 3442 :²-
128 3397 176 3437 εἰς
198 3399 237 3435 τὸ
262 3405 336 3446 φῶς
359 3403 461 3446 φανεῖ
486 3399 578 3435 κακὰ
611 3400 733 3435 ἑκόντα
759 3399 860 3434 1229.
896 3400 1001 3435 διπλᾶ

6 2461 64 2496 ³¹3⁶.
99 2460 194 2509 ἀλγῶ
221 2466 310 2497 τοῖσι
342 2466 414 2498 σοῖς
443 2466 566 2501 κακοῖς
597 2462 677 2497 744.
712 2467 818 2498 τοῖσιν
853 2463 990 2501 οἰκείοις
1029 2463 1082 2498 διὰ
1100 2463 1290 2511 δυσφήμων
1309 2464 1422 2511 ὥσπερ
1441 2465 1637 2509 ἐμαντεύσω
1656 2471 1694 2498 ut
1711 2468 1902 2499 emendavit
1918 2467 2032 2498 Herm.

12 2551 14 2556 ,
60 2511 107 2543 ῖς
129 2512 292 2544 νοσοῦντα
321 2508 400 2544 765.
437 2509 527 2548 ὅστις
552 2509 588 2544 ἐν
613 2510 788 2545 πολλοῖσιν
814 2514 936 2546 κακοῖς
954 2510 995 2558 ζῇ
1029 2513 1128 2544 Tricl.
1158 2517 1192 2544 et
1216 2518 1339 2544 recent.
1370 2511 1426 2546 διὰ
1450 2511 1667 2559 δυσφημιῶν.
1711 2514 1862 2546 Fortasse
1888 2515 2036 2545 scriben-

13 2570 20 2579 ι
58 2576 65 2588 .
85 2554 166 2590 463.
195 2555 298 2590 εἴκειν
329 2552 356 2590 δ’
391 2557 455 2592 οὐκ
486 2556 661 2592 ἐπίσταται
691 2561 814 2596 κακοῖς
846 2556 926 2591 472.
956 2557 991 2592 ἐν
1029 2560 1108 2591 dum
1126 2557 1315 2605 δυσφημῶν
1332 2561 1437 2592 eiecto
1456 2559 1520 2594 διά.
1541 2578 1582 2583 -
1601 2561 1616 2603 11
1634 2562 1685 2592 De
1702 2571 1736 2592 τε
1750 2571 1902 2600 perversa
1918 2564 2037 2592 natura

1030 2607 1081 2638 vel
1100 2608 1222 2646 inepta.
1254 2605 1291 2639 τὸ
1327 2605 1389 2651 μὲν
1422 2609 1576 2641 νοσοῦντι
1609 2606 1805 2651 θυμοῦσθαι
1836 2606 1943 2641 κακόν
1978 2608 2034 2639 Tr.

1032 2650 1132 2686 1230.
1156 2667 1198 2680 =
1216 2651 1426 2699 ἀσύμφορον.
1463 2653 1502 2688 τὸ
1528 2653 1589 2699 μὲν
1615 2652 1751 2699 μέλλειν
1774 2654 1881 2688 κακὸν
1908 2653 1942 2687 ἐν
1965 2656 2038 2690 τοῖς

1028 2697 1194 2737 τοιούτοις
1218 2699 1287 2738 ἐστί
1313 2701 1366 2732 El.
1391 2698 1491 2733 1337.
1516 2719 1557 2725 —
1590 2701 1775 2741 Comparat.
1806 2703 1846 2733 de
1863 2711 1897 2733 re
1913 2702 2034 2733 dictus.

1031 2745 1124 2780 ε’ίλου
1156 2746 1194 2780 τὸ
1227 2745 1347 2780 κάκιον
1381 2746 1487 2781 αἰνεῖν
1521 2749 1581 2780 Ph.
1606 2746 1695 2780 1100
1713 2750 1765 2780 oh.
1803 2747 1895 2782 ἑλεῖν
1926 2749 2035 2787 vulgo.

1029 2792 1119 2838 [ἀντί
1138 2792 1258 2838 Dind.]
1286 2792 1336 2826 *τί
1354 2788 1382 2827 δ’
1411 2793 1499 2828 ἔστιν
1525 2793 1566 2828 αὖ
1595 2794 1714 2828 κάκιον
1745 2794 1784 2828 ἐκ
1811 2799 1927 2828 κακῶν
1955 2796 2036 2826 Ant.

1035 2838 1121 2873 1281
1141 2839 1235 2885 [secl.
1256 2842 1412 2873 Heiland.
1429 2854 1435 2873 :
1464 2843 1564 2874 verba
1579 2841 1698 2875 κάκιον
1717 2840 1744 2875 ἐ.
1765 2853 1798 2875 κ.
1819 2843 1924 2874 deleri
1941 2843 2042 2873 iussit

1031 2889 1098 2920 iam
1117 2888 1245 2927 pridem
1257 2889 1403 2920 Meinek.
1421 2890 1463 2920 cf.
1480 2889 1628 2921 Ellendt.
1641 2889 1662 2921 J
1667 2891 1719 2921 bb.
1734 2891 1756 2920 s.
1771 2900 1810 2920 w.
1825 2890 1913 2921 Krit.
1935 2886 2036 2920 1838.

1033 2945 1065 2975 p.
1089 2931 1183 2978 692}
1206 2934 1371 2974 Superbot.
1401 2945 1439 2967 eo
1457 2945 1578 2975 genere
1595 2936 1704 2967 dictus
1723 2937 1875 2978 Sophocli
1892 2945 1956 2968 non
1974 2940 2036 2967 est.

1104 2978 1218 3025 w
1234 2983 1296 3013 111.
1327 2982 1490 3013 Sermonis
1513 2983 1549 3013 in
1567 2983 1627 3014 hoe.
1644 2984 1779 3014 nomine
1802 2984 2042 3023 proprietatum

1036 3029 1190 3060 notabilis
1215 3034 1266 3060 est
1291 3030 1450 3060 similium
1472 3029 1655 3068 formarum
1680 3039 1754 3061 cum
1777 3031 1939 3069 yravitate
1965 3039 2043 3060 con-

1035 3077 1188 3114 εοοὶαιὶο,
1215 3085 1281 3115 quo
1306 3085 1429 3115 genere
1451 3077 1606 3116 inprimis
1632 3077 1789 3108 delectari
1808 3077 1946 3108 Graecos
1964 3085 2041 3107 con-

1036 3126 1112 3153 stat.
1143 3122 1397 3162 simplicissima
1414 3132 1466 3153 res
1484 3127 1535 3154 est
1559 3124 1594 3154 in
1613 3123 1665 3154 his
1683 3124 1866 3163 exemplis:
1896 3121 1925 3155 εἰ
1950 3120 1987 3155 δέ
2010 3132 2042 3155 τι

1036 3166 1260 3212 πρεσβύτερον
1287 3166 1336 3201 ἔτι
1359 3171 1468 3202 κακοῦ
1492 3167 1598 3202 κακόν
1625 3170 1682 3202 OR
1702 3167 1790 3201 1365
1808 3180 1851 3201 m.
1886 3167 2043 3203 πέπονθα

1037 3213 1128 3247 δεινὰ
1153 3214 1237 3260 πρὸς
1253 3217 1377 3248 κακοῖς
1400 3215 1492 3248 κακά
1514 3216 1569 3248 OC
1587 3212 1666 3248 599.
1694 3214 1726 3248 τί
1752 3213 1779 3248 δ’
1804 3214 1892 3249 ἔστιν
1916 3214 1958 3249 αὖ
1976 3214 2043 3249 κά-

1035 3272 1108 3294 κιον
1128 3259 1167 3294 ἐκ
1192 3259 1229 3306 [ἢ
1248 3263 1350 3293 Dind.
1372 3273 1404 3294 v.
1434 3261 1474 3295 ἐκ
1489 3273 1522 3304 p.
1543 3259 1611 3294 220
1630 3261 1665 3306 b]
1690 3266 1807 3295 κακῶν
1832 3264 1913 3294 Ant.
1937 3259 2038 3295 1281.

1035 3307 1141 3342 κακὸν
1166 3307 1267 3352 κακῷ
1291 3306 1404 3342 διδοὺς
1427 3307 1511 3346 ἄκος
1537 3310 1591 3341 Ai.
1613 3306 1700 3350 362,
1730 3310 1771 3341 de
1789 3319 1853 3350 quo
1871 3310 2044 3350 proverbio

1036 3365 1068 3387 v.
1091 3356 1170 3387 Lob.
1199 3356 1223 3387 l.
1244 3365 1271 3387 ο.
1292 3359 1327 3387 et
1343 3357 1466 3388 Iacobs.
1495 3357 1534 3388 ad
1559 3357 1692 3388 Aelian.
1713 3357 1775 3388 HA
1800 3366 1834 3396 p.
1857 3353 1933 3388 132.
1972 3356 2042 3395 Quo

1036 3403 1072 3434 in
1090 3411 1213 3442 genere
1238 3403 1303 3434 etsi
1323 3402 1448 3434 similia
1463 3404 1518 3434 vel
1541 3404 1678 3443 iterata,
1699 3412 1764 3435 non
1782 3407 1893 3435 tamen
1913 3412 2044 3444 semper
