2288 3600
84 163 109 182 .
125 145 300 195 ,ετ-89]

40 271 52 292 ,·
65 277 74 288 .
94 250 174 288 739.
195 253 278 290 ποτὲ
305 253 368 300 μὲν
393 253 514 296 κακόν,
550 250 667 290 ἄλλοτ’
698 250 752 290 ἐπ’
785 253 908 293 ἐσθλὸν
943 253 1039 303 ἕρπει

41 303 100 334 '‘1t.
122 297 191 335 366
209 303 261 335 ch.
301 302 386 335 Cum
405 308 562 344 cognatae
585 304 701 345 stirpis
728 304 886 336 vocabulo
904 313 1037 345 compo-

35 348 58 388 'ss1v
95 358 133 381 r:
160 346 194 383 εἶ
215 359 257 383 πε
274 348 339 396 γὰρ
363 344 479 384 ἄλλοτ’
503 347 594 396 ἄλλα
611 350 672 382 Ρ11.
694 347 759 383 701
780 351 832 383 ch.
857 350 972 393 [Dind.
994 360 1038 383 ex

32 408 95 437 ge:
121 408 152 429 ,ε
234 394 296 431 λου
329 390 358 430 τ’
390 394 494 431 ἅλλᾶι
513 397 600 440 LAJ.
638 391 710 432 ἔσθ’
735 395 792 431 ὅτε
870 391 1037 444 Ἀτρείδας

79 441 158 477 ίνειν
177 441 282 492 ἔχων,
312 437 360 477 ὅτ’
375 437 492 479 ἄλλοτ’
509 442 616 478 ἄλλον
634 446 688 477 Ai.
710 442 766 477 58.
804 445 909 478 Deest
926 455 1036 478 corre-

66 490 156 524 ‘vum
170 503 176 523 :
194 489 408 538 φορούμενος
422 490 505 537 πρὸς
520 489 635 532 οὖδας,
649 485 766 527 ἄλλοτ’
779 490 917 538 οὐρανῷ
928 490 1036 538 σκέλη

29 535 216 586 φαίνων
242 538 297 570 El.
319 534 399 570 752.
428 539 518 571 Pors.
548 539 588 571 ad
606 540 737 572 Hecub.
758 535 822 580 28,
859 541 919 581 qui
945 540 1037 572 aliud

50 584 97 616 ic
114 585 224 618 simile
249 586 446 626 exemplum
465 596 529 618 non
549 587 686 628 reperit.
722 587 788 619 Sed
805 587 881 620 vide
901 586 1032 620 Sohaef.

32 645 47 657 ν
74 632 112 664 L.
134 632 210 665 Bos.
230 643 264 675 p.
287 629 367 665 753.

85 695 343 749 Ἀλλότριος
364 703 470 745 [Curt.
493 703 550 736 Et.
572 700 651 745 321]
681 705 822 736 alienus.
853 701 895 737 αι’)
913 701 977 750 γὰρ
994 701 1035 737 ἂν

13 741 75 787 ,δ’
92 746 287 795 ἀλλοτρίοις
305 747 456 796 ὄμμασιν
474 748 590 797 εἷρπον
609 750 664 783 OC
686 747 763 783 146.
794 752 937 782 aliorum
954 760 1035 782 ocu-

13 801 41 823 *e
88 807 122 828 m
137 798 318 829 ministerio
335 807 414 830 usas
426 809 436 828 .·
465 809 494 829 v.
518 799 643 838 Reisig.
665 796 729 832 οὐκ
746 795 930 844 ἀλλοτρίαν
948 795 1034 843 ἄτην

14 846 95 882 snt.
120 840 221 876 1259.
250 845 473 877 calamitatem
491 855 510 876 a
527 847 656 877 nemine
673 846 739 877 alio
757 846 920 888 inflictam
933 856 943 876 :
971 844 1034 879 αὐ-

12 890 69 932 g..-
86 888 152 938 γὰρ
170 888 277 928 α’ίτιος
293 891 346 938 τῷ
365 890 461 926 παιδὶ
477 894 539 926 τοῦ
555 890 709 927 θανάτου
728 891 864 939 ἐγένετο
881 893 983 925 schol.

83 953 209 995 Ἀλλο
219 972 239 995 τ
249 972 266 1007 ρ
279 973 315 996 ιο
327 973 350 1009 φ
362 955 411 1009 ἇγ
422 974 463 1000 ος
481 965 666 996 alienorum
678 963 821 995 comede.
845 961 1031 1008 μαστιγίαι,

54 1017 213 1054 ντρωνες,
251 1006 522 1056 ἀλλοτριοφάγοι
557 1010 669 1043 Cedal.
707 1011 747 1043 fr.
769 1007 838 1043 309
867 1011 921 1053 [cs.
936 1012 1030 1044 Suid.

24 1070 43 1087 ’.
62 1050 295 1102 Βρουμάλια]

74 1105 258 1153 Ἀλλως.
281 1113 406 1161 μάτην.
427 1113 451 1161 ἢ
473 1114 621 1161 μάλιστα
636 1113 660 1161 ἢ
679 1114 768 1150 κατὰ
781 1114 888 1150 ἄλλον
904 1115 1032 1163 τρόπον

21 1176 44 1181 st
61 1186 69 1193 .
90 1162 198 1195 Bekk.
226 1164 294 1195 An.
320 1173 354 1204 p.
377 1160 466 1204 379,
495 1161 528 1195 4.
563 1164 609 1206 [et
636 1163 796 1206 Hesyen]
824 1163 838 1206 ΙΙ
863 1164 1033 1197 Postrema

37 1231 55 1245 -,
86 1209 228 1251 ifle-atio,
258 1211 362 1246 aliter.
393 1215 427 1242 et
445 1212 625 1253 praecipua
642 1215 693 1243 est
710 1215 745 1243 et
760 1212 945 1252 primitiva.
966 1210 1031 1246 ἄλ·-

50 1267 80 1295 ς
98 1253 136 1290 δὲ
153 1251 360 1302 δειμαίνοιμ’
378 1254 418 1291 ἂν
438 1256 528 1304 ἀμφί
546 1269 599 1292 σοι
616 1258 672 1291 OC
691 1255 770 1291 492.
784 1276 825 1282 -—
845 1258 859 1301 ΙΙ
878 1259 1028 1299 Frustra,

61 1313 200 1337 vanum.
228 1303 264 1339 ἄ.
284 1302 444 1351 σημαίνει
467 1305 507 1339 τὸ
527 1303 680 1350 ματαίως
698 1306 802 1339 schol.
839 1307 880 1338 ll.
902 1304 928 1352 ψ
949 1303 1025 1339 144.

47 1365 62 1379 a
88 1361 123 1392 p.
145 1348 202 1393 68,
224 1349 279 1384 37.
301 1353 404 1385 schol.
424 1353 572 1392 Thucyd.
595 1350 628 1393 4,
651 1349 708 1385 36.
727 1353 772 1395 [v.
787 1353 932 1385 Ahrens.
946 1354 1025 1386 dial.

23 1402 42 1439 ’,4
61 1408 95 1440 Ρ.
116 1395 162 1430 57
179 1398 228 1441 11.]
255 1400 457 1441 Antiquitus
475 1401 562 1432 nihil
579 1402 647 1432 nisi
665 1402 734 1432 alia
750 1410 788 1432 ex
802 1404 898 1441 parte
922 1402 1029 1441 signi-

19 1450 42 1489 j>
72 1455 137 1486 sse,
159 1451 311 1479 nostrum
329 1451 437 1488 sumt,
467 1452 557 1480 recte
575 1449 728 1480 observat
745 1448 861 1480 Herm.
882 1449 924 1480 ad
941 1448 1023 1480 Eur.

16 1485 45 1528 J
71 1496 135 1526 est.
163 1490 251 1526 343:
281 1495 340 1526 sed
362 1495 427 1527 loci
445 1499 545 1535 sunt,
575 1497 698 1536 quibus
724 1496 909 1536 graviorem
936 1497 1027 1528 illam

66 1541 286 1573 iflcationem
304 1542 445 1574 firmiter
461 1546 588 1574 teneat.
618 1540 763 1588 ἐναίρων
781 1541 901 1588 νεκρὸν
917 1539 937 1575 ’ἲ
959 1554 1027 1577 κα-

15 1581 89 1630 ’Ν
110 1586 220 1630 σκιάν,
241 1586 385 1622 εἴδωλον
403 1587 520 1627 ἄλλως
546 1590 606 1622 Ρ11.
629 1586 709 1622 946.
736 1587 770 1623 τί
792 1583 886 1624 ταῦτ’
910 1555 1026 1628 ἄλλως

22 1631 45 1666 T·
63 1645 181 1682 -γγειςς
224 1635 282 1668 OR
299 1633 380 1668 333.
415 1631 492 1669 ἀλλ’
522 1634 639 1675 ἄλλως
673 1639 772 1671 πονεῖ
807 1635 894 1669 1151
921 1638 1022 1670 schol.

38 1677 141 1728 την,
171 1680 236 1723 ἔξω
259 1684 321 1717 τοῦ
346 1682 593 1729 προσήκοντος.
622 1703 663 1708 -
691 1682 794 1731 ὄγκον
819 1682 884 1731 γὰρ
909 1682 1025 1722 ἄλλως

16 1736 57 1768 ζ’ςι
94 1740 174 1768 ατος
191 1728 224 1763 τί
241 1728 295 1764 δεῖ
310 1729 446 1777 τρέφειν
466 1730 628 1778 μητρῷον
646 1732 702 1764 Tr.
715 1728 797 1765 814.
819 1734 860 1766 de
877 1742 942 1774 quo
956 1733 1026 1765 loco

64 1780 98 1809 te
116 1781 361 1810 commentatur
378 1778 515 1811 Ruhnk.
537 1779 577 1811 ad
596 1779 683 1811 Tim.
700 1790 733 1821 p.
751 1775 828 1812 199.
850 1780 893 1811 cf.
914 1780 1021 1821 Toup.

16 1838 35 1856 γ»
62 1824 205 1864 Longin.
225 1835 260 1867 p.
277 1822 347 1857 257
365 1825 492 1858 Weisk.
512 1823 563 1869 (p.
579 1823 644 1859 167
661 1825 795 1869 Angl.).
816 1827 1024 1859 Adverbium

16 1869 203 1911 ,εονάζειν
220 1873 395 1914 opinatum
413 1873 591 1905 Monkium
607 1874 649 1905 ad
666 1874 750 1907 Eur.
762 1875 835 1906 Alc.
850 1871 919 1906 343
936 1875 1024 1906 bene

17 1922 129 1951 {utet
160 1919 277 1951 Herm.
299 1921 321 1951 l.
344 1930 372 1951 c.
409 1920 545 1952 Praeter
569 1920 629 1952 hos
662 1922 703 1953 de
730 1930 810 1953 voce
842 1922 900 1953 illa
925 1922 1024 1953 utilia

24 1978 41 2002 ⁴·
57 1967 120 1998 eri
144 1967 224 1999 licet
245 1967 335 2008 apud
351 1967 471 1999 Elmsl.
500 1969 541 1999 ad
558 1968 646 2000 Med.
667 1965 748 2000 997.
778 1968 908 2001 Schaef.
930 1970 1019 2011 App.
1040 1963 1043 1997 ί

22 2026 35 2039 ¹»
55 2013 155 2045 Dem.
176 2010 210 2055 2,
230 2011 311 2046 439.
342 2015 459 2047 Lehm.
481 2015 521 2046 ad
540 2015 680 2047 Lucian.
702 2013 735 2048 4.
756 2025 791 2057 p.
809 2013 888 2048 504.
909 2017 1042 2048 Iacobs¹

31 2073 35 2084 .
59 2061 193 2093 Aelian.
222 2061 287 2093 HA
304 2058 336 2093 2.
365 2071 398 2103 p.
427 2059 507 2094 244.
532 2081 573 2086 —
600 2061 614 2104 ΙΙ
634 2055 765 2097 Ἄλλως
787 2073 841 2104 τε,
874 2061 1041 2125 μάλισταὶ

26 2148 29 2151 Ι
55 2132 63 2139 .
76 2108 183 2140 Bekk.
203 2118 237 2150 p.
251 2105 332 2150 379,
346 2106 380 2141 5.
403 2108 453 2141 Cf.
470 2110 636 2142 Schaefer.
654 2110 694 2142 ad
708 2111 830 2142 Iulian.
852 2111 888 2142 in
903 2110 1018 2143 Const.
1038 2126 1040 2140 ι

29 2155 95 2187 .Χ.
117 2155 246 2188 Buttm.
272 2156 314 2188 ad
330 2156 415 2189 Plat.
437 2157 572 2188 Menon.
605 2167 632 2188 c.
660 2154 717 2189 20.
738 2158 855 2189 Herm.
883 2158 923 2190 ad
939 2159 1017 2198 Vig.

24 2204 39 2234 '.
57 2198 139 2235 780.
174 2202 258 2235 Cum
274 2204 389 2243 aliter,
418 2207 488 2235 tum
511 2205 775 2245 interpretemur
792 2205 929 2246 optime.
955 2202 1022 2239 ἄλ-

24 2243 74 2287 J:
98 2259 136 2283 τε
157 2248 239 2287 τοὺς
261 2247 407 2297 ἄγοντας
433 2249 548 2298 ὥσπερ
566 2249 702 2289 οἰκέτας
728 2245 851 2298 ἔγνωκ’
868 2250 1020 2296 ἐμαυτοῦ

18 2295 62 2328 R
81 2293 182 2328 1114.
218 2298 302 2330 Inde
320 2298 488 2330 commode
506 2299 655 2353 explices
675 2300 868 2339 pracsertim
880 2310 890 2329 .·
915 2297 1021 2333 εἴσιτε

21 2366 45 2379 ,.
56 2340 173 2382 ἄλλως
190 2355 227 2377 τε
243 2342 304 2379 καὶ
348 2343 495 2390 έροντες,
512 2343 547 2379 οἶ
573 2343 614 2379 ἂν
633 2342 711 2380 οὔτε
727 2356 778 2383 τις
792 2343 909 2391 δόμων
921 2343 1022 2379 ἀπώ-

739 131 1002 206 Ἀλλότριος
1028 168 1084 209 -7-
1113 133 1369 205 Ἀλύπητος

20 2383 88 2425 ιτ’
110 2385 181 2424 οὔτ’
211 2388 252 2425 ἂν
268 2389 316 2437 ἡσ
342 2391 396 2438 είη
414 2390 543 2438 λαβών.
573 2393 627 2427 El.
651 2390 753 2425 1324.
773 2390 889 2432 ἄλλως
909 2404 946 2427 τε
962 2392 1022 2427 καὶ

23 2447 90 2497 ’,ρη
107 2448 146 2471 τε
161 2436 305 2486 κάργεία
321 2437 418 2486 γένος
436 2441 545 2473 Acris.
567 2441 608 2472 fr.
631 2437 687 2472 61.

66 2500 209 2554 εἈλμα
228 2508 337 2552 [curt.
365 2510 420 2542 Et.
442 2506 524 2552 482]
544 2511 659 2542 saltus.
687 2512 796 2557 κυνῆς
814 2507 918 2556 ’ἅλμα
934 2522 1021 2547 κου-

40 2555 91 2589 εῖν
107 2556 163 2588 Ai.
187 2553 277 2589 1287
293 2557 336 2589 de
351 2558 533 2589 exsiliente
550 2562 649 2590 sorte.

22 2622 30 2656 ’ζ’
71 2619 263 2661 *Ἀλοοίω
287 2627 428 2660 verbero.
459 2627 516 2659 Gr.
536 2628 645 2660 Bekk.
673 2638 707 2669 p.
729 2624 810 2669 379,
832 2625 888 2660 30.
925 2627 964 2662 τὸ
982 2626 1020 2661 δὲ

22 2691 41 2705 ι,
97 2675 153 2711 αῖς
169 2672 340 2720 συγκόψαι
357 2673 394 2708 ἐν
410 2672 462 2718 τῷ
477 2674 511 2720 ἧ.
541 2674 710 2707 Futurum
729 2676 751 2722 ᾖ
765 2676 950 2707 adsciscere
967 2676 1020 2708 di—

78 2721 169 2753 Num
185 2730 225 2754 eo
234 2723 334 2754 verbo
351 2731 434 2754 usus
444 2722 546 2763 soph.
563 2723 620 2763 sit,
641 2723 782 2754 dubium
800 2727 862 2755 est.
888 2722 1021 2764 [Pollux

21 2775 59 2809 '·,
82 2764 160 2801 160.
187 2766 248 2802 καὶ
276 2766 404 2814 κέστρα
421 2766 459 2802 δὲ
477 2767 544 2815 σφύ
568 2780 608 2806 ας
631 2768 722 2807 τινὸς
745 2767 837 2807 εἶδος
862 2768 1016 2827 σιδηρᾶς,

26 2819 30 2824 ’
66 2812 102 2848 ἐν
119 2811 220 2861 Αἰγεῖ
234 2813 293 2860 (fr.
314 2813 377 2860 21)
397 2812 502 2862 Σοφ.·
519 2827 543 2849 κ
565 2826 649 2862 στρᾳ
671 2814 798 2863 σιδηρᾷ
813 2814 945 2863 πλευρα
961 2815 1021 2850 καὶ

28 2861 32 2889 ἱ
66 2859 89 2896 ὰ
122 2859 222 2909 ῥάχιν
254 2859 384 2907 ἤλαυνε
416 2861 548 2897 παίωνς
582 2865 630 2896 sic
662 2873 706 2895 ex
729 2865 858 2896 incerta
882 2864 1016 2896 emend.

15 2909 190 2950 '‘.‡.¹:³uboni
221 2908 346 2950 legitur
377 2920 436 2952 pro
459 2907 612 2956 ἠλοῆσαι
636 2908 755 2944 πλεῖον
782 2911 870 2953 qnod
890 2912 928 2942 in
946 2911 1016 2943 eod.

24 2952 82 3003 ]
100 2956 264 2990 Scribitur
280 2958 320 2988 ab
327 2957 471 2989 Heathio
489 2955 608 2991 πλεῖον
626 2955 800 3004 ἀλοιῆσαι,
821 2969 840 2990 a
851 2959 1022 2990 Brunckio

28 3001 106 3037 “ον
123 3000 283 3050 ἀλοῆσαι.
327 3004 370 3037 V.
398 3005 511 3036 Bentl.
540 3014 594 3047 ep.
623 3005 665 3037 ad
697 3006 737 3037 Τ.
765 3005 959 3037 Hemsterh.
980 3015 1015 3047 p.

23 3073 123 3129 ,66
167 3060 186 3082 e
210 3051 315 3085 vocali
330 3051 368 3083 in
386 3052 449 3083 fut.
471 3055 507 3083 et
538 3061 603 3084 aor.
633 3063 666 3084 V.
696 3052 798 3084 Thes.
818 3053 859 3085 L.
896 3053 953 3085 Gr.
984 3050 1015 3093 1,

180 3097 234 3140 G.]
741 3098 774 3144 (Ι
790 3108 825 3141 Ρ.
845 3097 892 3133 88
909 3097 1019 3143 med.)

22 3191 49 3202 .,
69 3148 329 3202 Ἀλόγιστος
347 3156 589 3198 inexputabilis.
619 3153 783 3203 ἀλύγιστα
807 3155 1018 3204 παροίσομεν

25 3198 164 3238 ,1675
179 3212 225 3234 111.
253 3203 347 3235 Suid.
375 3215 407 3235 v.
428 3201 592 3250 ἀλόγιστα
615 3208 650 3236 et
667 3205 770 3237 schol.
798 3202 912 3248 (modo
927 3205 1019 3245 quod

43 3246 302 3302 ἴβαστάζομεν)
317 3247 492 3298 ἀδιήγητα
506 3249 599 3285 κακὰ
616 3249 840 3297 βαστάξομεν.

31 3300 168 3357 ³7Ako
206 3331 249 3360 ος
265 3320 411 3354 indictus
431 3321 638 3364 [nefandusJ.
655 3322 801 3362 Hesyoh.
822 3318 954 3367 ἄλογαι
973 3319 1016 3355 τὰ

18 3361 21 3371 '
52 3382 90 3432 >⁴1¹
109 3378 142 3401 α.
156 3410 179 3446 6
214 3378 270 3414 οφ.
307 3364 426 3403 Θυεστ.
463 3369 503 3400 fr.
540 3365 621 3402 241.
658 3369 784 3402 Eadem
818 3369 875 3401 Gr.
905 3369 1012 3403 Bekk.

19 3433 21 3441 J
43 3429 66 3456 *J
80 3430 93 3442 ο
125 3437 133 3455 ,
182 3438 190 3446 .

2029 142 2095 192 35

1076 300 1098 336 ἀ
1127 251 1386 349 ώνΑέςόᾶλόγως
1411 303 1467 336 OC
1498 300 1561 335 131
1582 303 1634 335 ch.
1670 305 1744 335 sine
1768 313 1846 336 voce
1870 308 1906 336 et
1929 315 2093 338 sermone.

1074 344 1082 357 '
1115 348 1373 397 κπαραλλήλου
1382 352 1491 394 posita
1501 348 1651 396 ἀφώνως
1659 347 1795 398 ἀλόγως
1809 352 1923 392 itaque
1938 353 2093 385 Eustath.

1075 398 1249 430 intellexit
1266 398 1366 440 Soph.
1388 398 1497 430 locum
1516 407 1683 439 usurpans
1706 408 1739 440 p.
1762 395 1843 439 723,
1863 395 1920 430 29.

1281 267 1337 294 ως
1370 258 1479 289 tacite.
1519 253 1560 293 ἃς
1594 251 1889 303 παραμειβόμεσθ’
1921 254 2096 304 ἀδέρκτως

1144 462 1458 515 Ἀλοιδόρητος
1486 470 1556 501 εἰπε
1573 470 1732 501 convicio.
1765 468 1895 510 [Refert
1910 470 2001 502 Plut.
2022 470 2094 501 Μο-

1074 515 1133 548 ral.
1157 526 1190 557 p.
1211 513 1282 547 458
1297 525 1327 548 e.
1363 514 1422 548 καὶ
1453 514 1512 550 τὸν
1546 511 1792 560 Νεοπτόλεμον
1829 512 1917 563 Σοφ.
1944 516 2002 560 (fr.
2026 518 2091 549 inc.

1074 559 1161 606 731)
1185 561 1245 596 καὶ
1267 562 1326 596 τὸν
1344 558 1548 609 Εὐρύπυλον
1567 560 1724 604 ὁπλίσας,
1745 557 1937 608 Ἐκόμπασ’
1954 561 2094 598 ἀλοιδό-

1074 619 1178 655 ρητα,
1217 608 1333 656 φησίν.

1374 605 1858 674 Μψμφρίλρ-ιί
1888 609 1972 658 ὃόρῃ
2006 612 2093 645 Her-

1073 657 1174 689 werd.
1190 667 1225 698 p.
1242 655 1315 700 28.]

1148 708 1225 757 [⁴¹¹A
1236 713 1306 750 λοι
1317 727 1373 761 μα
1398 725 1440 747 ex
1465 719 1620 757 corrupta
1637 716 1784 755 Ilesychi
1810 717 1919 757 glossa
1935 718 2014 748 olim
2033 719 2093 749 So-

1072 762 1183 804 phocli
1201 765 1457 795 attribuebatur.
1487 773 1517 794 v.
1539 772 1565 794 s.
1586 760 1763 808 ἄλοιμος.]

1142 815 1182 855 Ἀ
1193 819 1352 867 λοιμός
1378 823 1537 853 inunctio·
1575 819 1637 859 τὰς
1662 820 1793 870 χρίσεις
1818 819 1878 855 καὶ
1909 820 1971 859 τὰς
2006 821 2093 856 ἐπα-

1071 866 1200 915 λείψεις
1226 866 1443 914 ἀλοιμοὺς
1469 866 1599 913 ἔλεγον.
1623 866 1711 916 Σοφ.
1731 867 1789 912 (fr.
1803 870 1871 901 ino.
1891 866 1989 913 830).
2011 865 2092 904 Μα-

1073 914 1190 962 ριεὺς
1224 913 1432 961 ἀλοιμός,
1468 914 1491 960 ἡ
1527 914 1645 950 ἐπάνω
1662 919 1727 962 τῆς
1751 918 1813 950 τοῦ
1837 913 2000 961 θαλάμου
2026 929 2091 963 γα-

1071 963 1208 1001 νώσεως
1240 962 1368 998 ένιεῖσα
1399 960 1595 1009 ἐπάλειψις,
1633 960 1866 1010 καθαπερανεὶ
1900 961 2092 1001 πετάλωσις

1072 1007 1158 1043 οὖσα
1189 1009 1224 1044 ἐν
1257 1009 1360 1056 αὐτῷ.
1387 1010 1450 1042 ΕΜ
1476 1020 1509 1052 Ρ.
1533 1006 1590 1051 69,
1617 1007 1674 1042 41.
1718 1006 1890 1057 ,Μαριεύς
1914 1011 2024 1043 dictus
2051 1013 2091 1043 ab

1072 1058 1154 1089 urbe
1179 1055 1285 1100 Cypri
1309 1058 1430 1098 Mario,
1465 1067 1550 1098 quae
1580 1063 1693 1099 postea
1724 1059 1891 1100 appellata
1915 1059 2091 1091 Arsinoe.“

1072 1105 1217 1137 Brunck.
1239 1107 1274 1137 in
1293 1106 1360 1136 lex.
1384 1099 1553 1149 ’[Ἀλοιμός
1569 1103 1657 1148 (cod.
1675 1102 1817 1150 ἄλοιμα.
1840 1106 1969 1138 Musur.
1991 1103 2090 1139 ἀλοί-

1071 1150 1179 1196 ματα)
1211 1154 1345 1200 χρῖσμα
1362 1150 1491 1198 τοίχων
1508 1149 1650 1199 (τείχων
1668 1162 1718 1194 pr.
1739 1151 1805 1197 m.)
1825 1148 1912 1199 Σοφ.
1933 1146 2089 1199 Ἀκρισίῳ

1068 1197 1126 1242 (fr.
1148 1197 1222 1243 73).
1260 1199 1405 1239 Hesych.
1430 1201 1556 1231 Verum
1575 1201 1721 1231 servavit
1747 1200 1804 1232 Gr.
1826 1200 1931 1231 Bekk.
1953 1196 2034 1240 386,
2051 1197 2084 1231 9.

1069 1246 1119 1278 cf.
1143 1247 1218 1279 Fix.
1239 1247 1280 1279 ad
1298 1247 1399 1279 Thes.
1428 1247 1466 1277 1..
1489 1246 1545 1278 Gr.
1571 1244 1602 1287 1,
1626 1244 1713 1279 1571
1734 1248 1775 1279 A.
1798 1247 1926 1287 Bergk,
1955 1247 2085 1279 Ztschr.

1068 1295 1091 1326 f.
1114 1295 1197 1327 AW.
1222 1292 1323 1327 1855.
1344 1304 1379 1335 Ρ.
1402 1291 1497 1337 108].

1131 1356 1262 1404 Ἀλοξ
1287 1341 1323 1408 (λι
1371 1363 1478 1407 [Curt.
1501 1364 1556 1395 Et.
1582 1360 1659 1396 127.
1689 1360 1769 1407 509]
1799 1365 1920 1397 sulcus.
1961 1367 2036 1398 πῶς
2053 1363 2088 1399 αί

1065 1409 1224 1490 ῗὲἶρῷῗλί
1242 1405 1281 1491 o'S
1302 1459 1322 1490 h
1341 1408 1786 1493 ρκεᾶςλφέρέινάἐδιῖνάίῖησαῖ
1804 1410 1852 1449 εἰς
1870 1409 2008 1470 τοσόνδε
2026 1413 2084 1493 ΟΙίζ

1065 1482 1109 1539 αῖ
1126 1469 1262 1552 σπὲραί,
1284 1469 2085 1552 60ίογάμοζίῗιεῇοῐονὲεῐιἵέταὺυοέᾂειςίιξιοέἓὲτςζζ

1063 1554 1163 1585 leudo
1189 1557 1224 1585 et
1248 1554 1370 1586 arando
1395 1554 1436 1585 ad
1461 1563 1531 1585 rem
1556 1553 1746 1595 nuptialem
1765 1558 1798 1585 et
1822 1555 2085 1595 procreationem

1063 1602 1245 1633 liberorum
1269 1601 1447 1641 traductio,
1476 1602 1516 1633 de
1542 1611 1609 1642 qua.
1633 1611 1665 1632 v.
1694 1601 1807 1642 lutpp.
1835 1602 1858 1633 l.
1881 1611 1908 1632 c.
1938 1602 2021 1633 item
2045 1603 2084 1633 ad

1062 1649 1144 1681 Eur.
1165 1650 1264 1680 Herc.
1288 1650 1311 1680 f.
1336 1645 1413 1680 158.
1444 1649 1534 1681 Pors.
1561 1648 1602 1680 ad
1620 1648 1740 1680 Blomf.
1769 1658 1823 1690 ap.
1843 1648 1966 1681 Aesch.
1987 1649 2082 1690 Sept.

1062 1692 1131 1727 590
1148 1699 1183 1728 et
1201 1696 1322 1727 Bloms.
1344 1696 1368 1727 l.
1386 1706 1416 1728 c.
1437 1697 1473 1727 in
1490 1696 1658 1735 glossario.

1126 1746 1321 1800 Ἀλοχος
1361 1751 1418 1809 Ὶ(ν)
1451 1751 1564 1799 [Curt.
1594 1754 1650 1787 Et.
1683 1750 1769 1833 177]
1800 1754 1955 1787 coniunx.
1993 1751 2029 1788 ἔν
2055 1750 2082 1787 δ’

1062 1798 1188 1848 ἄλοχοι
1205 1799 1324 1834 πολιαί
1341 1812 1361 1834 τ
1388 1799 1445 1835 ἔπι
1464 1800 1608 1848 ματέρες
1627 1802 1685 1834 OR
1705 1798 1748 1833 18
1791 1801 1844 1834 ch.

1125 1864 1225 1909 “AM
1254 1869 1367 1916 [Curt.
1389 1872 1446 1904 Et.
1468 1869 1553 1916 482]
1577 1881 1677 1904 mare.
1716 1869 1861 1916 διδύμας
1888 1869 1971 1909 ἁλός
1996 1872 2080 1905 Ant.

1061 1915 1129 1951 966
1147 1919 1199 1951 ch.
1228 1919 1446 1960 Propontidis
1464 1923 1498 1951 et
1517 1919 1659 1951 Euxini.
1688 1917 1859 1964 [ποντίαις
1877 1917 1960 1957 ἁλὸς
1979 1917 2084 1966 οἶδμα

1059 1963 1242 2004 δυσπνόοις
1255 1967 1338 1999 Ant.
1351 1963 1420 1998 586
1434 1966 1484 1999 ch.
1507 1964 1660 2004 ποντίαις
1678 1968 1737 1999 LA
1755 1967 1813 2000 sed
1832 1978 1842 2000 ι
1859 1971 1938 1999 ante
1957 1976 1976 1999 σ
1990 1978 2020 1999 a.
2034 1978 2079 2000 111.

1058 2014 1198 2054 antiqua
1222 2014 1326 2046 illato.
1372 2011 1455 2051 ἁλός
1482 2014 1608 2046 delevit
1634 2014 1753 2047 Elmsl.
1774 2014 1815 2046 ad
1839 2013 1924 2046 Eur.
1945 2015 2078 2048 Heracl.

1058 2057 1159 2105 570]
1185 2060 1294 2093 Schol.
1316 2058 1399 2099 ἁλός
1418 2062 1571 2101 ignorare
1588 2061 1754 2094 Martinus
1772 2061 1876 2103 vidit,
1897 2063 1980 2094 item
1997 2072 2082 2095 πον-

1056 2105 1144 2145 τίαις
1162 2109 1298 2149 legisse,
1319 2110 1362 2141 V.
1393 2106 1511 2155 ἔρεβος
1535 2113 1569 2140 et
1586 2107 1735 2146 πόντιος.

1121 2158 1281 2204 ’Άλσος
1314 2164 1426 2211 [Gurt.
1441 2167 1498 2199 Et.
1512 2163 1597 2212 320]
1621 2170 1636 2205 ΙΙ
1668 2168 1803 2209 proprie
1821 2169 1926 2199 luctu.
1941 2165 1959 2200 δ
1983 2169 2080 2213 υμὼν

1055 2211 1116 2247 καὶ
1132 2211 1228 2261 λόχμ
1256 2240 1264 2255 ,
1285 2212 1303 2247 ὁ
1323 2211 1522 2261 σύνδενδρος
1539 2213 1642 2252 τόπος
1661 2214 1762 2247 schol.
1783 2215 1836 2246 El.
1853 2212 1886 2247 5.
1901 2232 1942 2238 —
1957 2178 1981 2260 g
1997 2215 2080 2261 πρὸς

1057 2258 1368 2342 98βήὲούςίονππίὶᾶἐ
1391 2259 1634 2342 ἑξὶῐσινᾶειίῶν
1645 2258 1783 2354 gagg}
1807 2258 1950 2342 37&qu
1975 2260 2079 2343 ἒᾶῗδξ

1058 2352 1080 2388 ἀ
1108 2319 1298 2400 {atgagg-:av
1324 2328 1366 2388 κο
1390 2320 1524 2389 &⁸12⁵ss
1542 2319 1800 2389 ο11.“τούκεῑθὲν
1825 2320 1969 2393 ο”ίλσι;υςς
1979 2354 2079 2390 τοῦδε

1058 2399 1079 2434 5
1106 2399 1139 2434 5.
1187 2399 1328 2436 Σελλῶν
1363 2365 1468 2440 ἄλσος
1496 2403 1552 2434 Tr.
1586 2399 1686 2435 1167.
1723 2399 1806 2440 θεᾶς
1839 2401 1971 2441 παίζων
2002 2403 2077 2436 κατ’

1056 2446 1163 2487 ἄλσος
1177 2450 1231 2481 El.
1250 2446 1330 2481 567.
1375 2450 1389 2494 Ι]
1414 2451 1546 2483 tralate.
1575 2446 1694 2495 Θήβας
1711 2445 1737 2483 δ’
1758 2448 1954 2496 εὐαρμάτου
1972 2447 2078 2488 ἄλσος

1058 2497 1141 2528 Ant.
1162 2494 1231 2528 845
1248 2498 1283 2528 id
1299 2497 1388 2538 quod
1403 2495 1508 2531 πέδον
1527 2494 1702 2542 Θηβαϊκόν
1714 2523 1723 2538 ,
1755 2498 1824 2529 loca
1840 2498 1930 2529 culta
1947 2501 1982 2529 et
1998 2507 2076 2530 con-

1058 2545 1142 2576 sita:
1164 2554 1242 2576 nam
1258 2545 1346 2585 quod
1362 2546 1402 2576 ab
1419 2541 1572 2589 ἅλλομαι
1591 2545 1686 2576 suere
1703 2545 1764 2585 qui
1780 2545 1944 2576 ducerent
1955 2542 2073 2585 ἄλσος,

1057 2591 1092 2623 id
1109 2592 1198 2623 haud
1214 2591 1317 2623 dubie
1335 2601 1373 2623 ea
1390 2593 1518 2623 ratione
1536 2593 1661 2623 factum
1673 2616 1681 2632 ‚
1713 2592 1802 2632 quod
1825 2593 1967 2623 verbum
1991 2593 2077 2623 illud

1057 2640 1159 2671 etiam
1175 2639 1396 2680 proveniendi
1421 2643 1456 2670 et
1485 2639 1737 2680 prosilientium
1768 2639 1864 2680 quasi
1897 2638 2077 2671 herbarum

1057 2687 1336 2726 significationem
1362 2686 1479 2718 habet:
1516 2687 1630 2717 verius
1655 2690 1769 2718 autem
1800 2683 1905 2723 ἄλσος
1934 2688 1976 2717 ab
2000 2684 2076 2719 ἄλω

1056 2733 1080 2764 i.
1101 2743 1134 2774 q.
1154 2730 1262 2773 ἄλδω,
1285 2734 1350 2773 alo,
1369 2735 1481 2765 nutrio
1499 2734 1677 2774 repetitur.
1705 2733 1757 2765 De
1775 2742 1877 2764 sensu
1896 2744 1928 2764 v.
1944 2733 2071 2774 Musgr.

1057 2783 1092 2812 et
1108 2780 1206 2811 Wex.
1227 2781 1267 2812 ad
1284 2781 1367 2812 Ant.
1388 2789 1422 2821 p.
1443 2777 1524 2812 244.
1570 2780 1674 2812 Paulo
1689 2780 1849 2812 audacius
1861 2773 1989 2826 Ἀργος
2009 2783 2075 2826 τῆς

1057 2825 1308 2873 οἰστροπλῆγος
1325 2825 1429 2864 ἄλσος
1441 2823 1582 2873 Ἰνάχου
1598 2825 1706 2873 κόρης
1724 2827 1780 2860 El.
1793 2824 1827 2868 5,
1847 2837 1949 2868 quem
1966 2828 2074 2859 locum

1055 2878 1091 2906 et
1107 2875 1210 2906 schol.
1231 2875 1317 2906 male
1335 2875 1502 2915 explicuit
1519 2878 1554 2905 et
1566 2875 1759 2906 Brunckius
1776 2878 1811 2906 et
1828 2875 1898 2906 cod.
1926 2874 1954 2905 E
1966 2875 2074 2906 inter-

1054 2922 1212 2962 polatoris
1229 2931 1366 2953 manum
1383 2926 1520 2953 secutus
1538 2922 1586 2953 sic
1610 2921 1786 2953 distinxit:
1813 2919 1892 2955 τόδε
1915 2920 1979 2967 γὰρ
2005 2932 2074 2955 πα-

1055 2966 1151 3002 λαιὸν
1159 2961 1299 3015 Ἄργος,
1321 2966 1501 3005 ὁύπόθεις·
1520 2966 1597 3002 τόδε
1612 2971 1676 3013 τῆς
1702 2966 1952 3015 οἰστροπλῆγος
1969 2966 2074 3005 ἄλσος

1049 3012 1191 3062 Ἰνάχου
1209 3014 1329 3063 κόρης.
1373 3016 1439 3048 Sed
1461 3017 1528 3047 iam
1545 3016 1672 3056 Musgr.
1693 3019 1728 3047 et
1754 3016 1876 3047 melius
1894 3017 2010 3048 Herm.
2032 3016 2072 3047 de

1054 3063 1139 3103 ipsis
1165 3063 1265 3104 Argis
1288 3063 1550 3103 intelligendum
1573 3063 1780 3103 docuerunt,
1805 3063 1915 3104 deque
1939 3072 2015 3102 agro
2039 3067 2072 3094 et

1053 3111 1137 3142 urbe
1162 3111 1288 3151 Argiva
1311 3111 1544 3142 communiter.
1585 3111 1628 3142 cf.
1656 3109 1801 3142 Boeckh.
1827 3114 1898 3141 not.
1920 3109 2003 3142 Crit.
2033 3110 2073 3141 ad

1053 3157 1152 3189 Pind.
1172 3167 1208 3199 p.
1228 3153 1308 3190 364.
1788 3156 1822 3201 [1
1838 3167 1872 3198 p.
1889 3154 1934 3189 89
1952 3167 1984 3198 p.
2007 3155 2072 3200 111.)

1123 3214 1142 3234 *
1161 3211 1238 3250 Ἀλ
1249 3213 1267 3248 ύ
1277 3213 1297 3261 β
1307 3226 1353 3253 ας
1379 3227 1411 3247 v.
1427 3211 1586 3261 Ἀλίβας.

1116 3266 1349 3321 Ἀλύπητο
1361 3285 1396 3315 ς,
1418 3275 1568 3314 illaesus,
1587 3275 1799 3315 tranquillus.
1821 3271 1989 3318 ἀλυπήτῳ
2008 3271 2071 3319 βίῳ

1050 3319 1128 3353 *Τ1.
1144 3317 1212 3354 168
1227 3318 1382 3366 [seclusit
1395 3321 1499 3354 Dind.
1511 3332 1540 3354 o.
1552 3318 1686 3366 Dobr.].
1711 3319 1751 3355 τὸ
1768 3318 1934 3367 νερτέρων
1953 3317 2071 3354 εὔνουν

1051 3365 1189 3403 διαστὰν
1206 3370 1271 3415 γῆς
1294 3365 1472 3447 ἀλύπητον
1488 3365 1617 3414 βάθρον
1635 3368 1691 3400 OC
1712 3364 1802 3401 1662
1834 3365 1899 3412 [sic
1908 3369 1984 3399 LA:
2014 3377 2068 3413 γρ.

1050 3413 1249 3460 ἀλάμπετον
1268 3415 1376 3448 Schol.
1411 3415 1540 3448 demin
1556 3415 1662 3447 Paris.
1675 3412 1729 3459 F].
1750 3415 1896 3447 Pollucis
1916 3415 2072 3445 >testimo-

1743 3470 1793 3504 3*

2003 3562 2041 3600 ὦ

2151 1248 2163 1291 Ι

2138 1280 2288 1477 s,
