2288 3600
203 119 298 167 108

941 117 1226 175 Αὑτόσσυτος
1256 150 1314 156 --
1350 118 1499 168 Αὐτοῦ

1948 127 1977 173 [1
1995 140 2029 171 p.
2045 127 2264 175 269-271.]

202 246 241 267 ea
258 245 293 267 re
310 237 376 267 fuit
402 237 440 267 ll.
464 247 489 279 μ
513 233 615 268 204.;
646 247 676 267 v.
699 237 800 269 schol.
822 239 860 269 it.
882 238 990 279 Apoll.
1014 238 1036 268 l.
1056 248 1085 269 c.
1107 247 1140 278 p.
1155 234 1211 268 77.
1232 234 1390 282 ιάνέμων
1409 234 1504 283 ριπαὶ
1520 233 1613 282 τήνδ’
1631 234 1813 282 ἐπέχουσιν
1840 236 1921 267 Ant.
1942 231 2010 267 929
2028 245 2082 268 an.
2120 237 2191 276 ipsa
2209 236 2266 267 illa

203 283 339 315 Charac.
359 293 393 325 p.
418 280 519 316 1153.
858 302 862 307 ·
891 283 922 328 (1
940 295 974 326 p.
994 281 1063 316 269
1081 285 1142 316 lin.
1163 281 1217 328 9.)

274 331 334 362 111.
379 329 464 362 Cum
489 330 629 362 articulo
653 331 800 364 maxime
824 332 1043 373 compositum
1069 329 1087 365 ὁ
1113 328 1216 368 αὐτός

203 378 369 417 significat
386 377 482 417 idem,
505 378 546 410 de
560 387 628 410 uno
643 378 708 410 duo
723 379 905 419 praedicari
917 380 1034 411 iuncta
1045 379 1212 410 indicans.

204 425 292 457 Casu
312 426 518 457 nominativo
542 426 720 457 masculini
737 428 870 467 generis
886 427 1047 458 librorum
1064 427 1100 457 in
1117 427 1217 458 omit-

203 472 304 504 tendo
329 472 467 504 articulo
492 482 612 513 magna
640 482 714 504 esse
744 474 915 506 concordia
949 474 1050 514 solet;
1097 473 1155 505 sed
1179 482 1218 504 ea

203 521 276 560 ipsa
292 529 345 551 res
370 520 552 559 vestigium
576 521 647 552 veri
676 520 792 561 habet,
825 524 864 553 ut
887 522 1033 561 graviter
1057 520 1218 552 erraverit

206 567 394 599 Brunckius
430 568 558 608 ubique
591 569 778 600 secundum
806 569 925 600 Ionum
955 578 1079 599 morem
1109 564 1218 604 ώύτός

205 614 370 646 scribens.
414 613 455 659 μ’
488 607 556 647 τότ’
581 608 698 648 οὐκέθ’
721 613 822 653 αὐτὸς
846 617 920 652 τοῖς
946 612 1061 661 λόγοις
1085 612 1218 651 τούτοις

204 660 313 707 φαν”ς
339 661 400 693 Ph.
422 626 502 693 531.
532 662 581 693 sic
604 671 647 693 ex
665 672 776 703 apogr.
794 675 800 694 :
831 660 912 696 αὐτό
931 663 999 694 LA.
1030 660 1096 709 οὐχ
1117 659 1219 698 αὐτὸς

204 706 258 744 ἀεὶ
303 706 454 753 αιμόνων
476 711 685 755 παραστατεῖ
708 710 761 741 El.
783 707 863 742 917.
892 711 950 741 LA
967 706 1087 749 αὐτός,
1117 706 1219 745 αὑτός

206 756 374 790 Schaeser.
387 757 542 788 correxit.
561 757 600 787 In
621 754 701 789 τοὺς
721 755 870 802 ἐρῶντας
885 754 986 790 αὐτὸς
1004 754 1122 802 ἵμερος
1137 754 1218 802 δρᾶν

207 804 289 836 Ach.
310 804 388 835 Am.
411 800 497 843 162,
525 801 547 836 8
571 813 637 835 non
663 806 776 836 minus
798 814 914 836 verum
941 807 993 836 est
1018 801 1118 841 αὐτός
1144 813 1219 835 esse

207 851 432 883 scribendum.
461 868 502 874 —
529 850 665 883 Formae
686 849 819 885 ταύτό
845 855 879 883 et
901 849 1023 885 ταύτόν
1048 853 1095 883 ita
1119 851 1218 883 diffe-

206 902 298 938 runt,
319 901 358 929 ut
375 898 437 929 hoc
453 901 618 939 perpetuo
645 899 689 930 sit
707 903 784 930 ante
802 900 931 931 vocales
949 909 1015 931 usu
1031 902 1066 930 et
1083 899 1142 930 ubi
1158 907 1218 939 po-

206 946 331 977 sitione
349 955 452 986 opuS,
480 946 586 986 illud,
614 947 671 977 ubi
697 947 822 986 syllaba
847 947 940 978 finali
958 947 1062 978 brevi.
1091 946 1221 977 Iniuria

206 993 297 1024 enim
314 992 432 1024 Elmsl.
459 993 500 1024 ad
518 993 600 1024 Eur.
629 993 748 1035 Suppl.
769 990 850 1026 423.
893 994 982 1025 Med.
1004 990 1085 1026 650.
1114 992 1216 1034 Soph.

207 1041 265 1072 ΟΒ
281 1036 361 1072 734.
391 1037 426 1077 ἐς
443 1037 576 1073 ταύτό
594 1042 690 1081 quasi
707 1042 855 1082 precario
872 1042 1075 1082 admissum,
1097 1037 1218 1073 ταύτόν

207 1087 395 1127 legitimum
418 1097 492 1120 esse
516 1089 764 1129 pronuntiavit,
793 1098 856 1120 nec
883 1089 1009 1120 rectius
1035 1089 1220 1120 assentitur

209 1134 327 1166 Matth.
350 1135 390 1166 ad
408 1134 526 1176 Suppl.
547 1136 571 1167 1.
592 1146 620 1167 c.
642 1137 685 1168 cf.
707 1136 747 1167 ad
765 1136 891 1168 Phoen.
912 1132 1000 1167 499:
1022 1137 1087 1168 etsi
1102 1145 1219 1168 conce-

208 1182 295 1214 dunt
311 1190 385 1213 esse
403 1182 515 1223 aliqua
530 1183 692 1215 brevioris
717 1185 840 1215 formae
859 1184 1013 1224 exempla
1030 1184 1131 1215 dubio
1149 1193 1220 1214 ma-

207 1230 288 1261 iora.
318 1229 490 1270 Sophoclis
504 1239 610 1262 unum
623 1230 749 1262 habent
763 1231 818 1262 Tr.
830 1227 911 1262 425.
934 1231 1108 1262 Praeterea
1119 1227 1222 1263 ταύτό

208 1278 394 1309 necessario
411 1277 568 1309 scribitur
584 1277 642 1309 OR
659 1275 740 1310 734.
775 1275 896 1311 ταύτόν
922 1281 956 1309 et
978 1275 1080 1311 ταύτό
1098 1279 1223 1319 pariter

207 1333 325 1356 versus
355 1324 422 1356 fert
447 1324 504 1356 OR
538 1321 644 1365 1405,
682 1326 737 1356 ubi
762 1335 805 1357 ex
830 1326 925 1357 libris
951 1326 1078 1357 editum
1100 1322 1223 1358 ταύτόν

211 1368 350 1416 [τούμόν
366 1371 527 1414 Nauem.
563 1372 627 1404 Sed
639 1369 760 1406 ταύτόν
778 1373 990 1404 scribendum
1009 1374 1074 1404 fuit
1090 1375 1225 1414 propter

208 1420 447 1460 insequentem
471 1419 619 1451 vocalem
643 1419 698 1451 OC
726 1417 805 1453 612.
834 1420 894 1451 Ph.
924 1417 1004 1452 546.
1036 1417 1138 1452 1256.
1168 1419 1225 1452 ΟΒ

209 1461 289 1498 325.
302 1464 359 1498 OG
380 1462 488 1498 1419:
511 1467 553 1498 cf.
572 1467 654 1498 Eur.
675 1467 727 1498 El.
749 1464 829 1499 517.
846 1468 905 1499 Ar.
922 1468 1009 1499 Nub.
1024 1464 1103 1499 662.
1121 1464 1221 1499 1286.

212 1531 253 1538 —
271 1510 397 1547 ταύτοῦ
415 1511 542 1559 πατρός
559 1514 640 1546 Ant.
663 1511 742 1546 513.
779 1512 820 1547 ἐκ
836 1525 905 1547 πατ
928 1514 965 1552 ὸς
982 1512 1108 1548 ταύτοῦ
1127 1511 1226 1560 φύσιν

210 1561 262 1593 El.
278 1556 357 1593 325.
379 1558 414 1593 ἐν
423 1558 539 1605 ταύτῷ
552 1558 652 1594 1496.
674 1562 764 1594 Alet.
779 1563 819 1594 fr.
833 1559 890 1603 93,
928 1588 934 1594 .
956 1560 991 1595 ἐν
1004 1560 1099 1608 πόνῳ
1113 1560 1229 1606 ταύτῷ

214 1607 270 1640 OG
291 1604 392 1640 1359.
438 1605 473 1642 ἐν
489 1606 606 1654 ταύτῷ
623 1606 716 1654 λόγῳ
745 1606 844 1642 1656.
880 1609 937 1644 τὸν
963 1607 1064 1643 αὐτὸν
1082 1606 1228 1654 ἀριθμόν

213 1655 272 1687 OR
288 1652 369 1687 844.
404 1654 463 1689 τὸν
488 1653 591 1690 αὐτὸν
617 1653 766 1701 δαίμονα
783 1656 838 1689 OC
859 1655 961 1690 1337.
997 1656 1054 1690 τὸν
1073 1655 1174 1691 αὐτὸν
1194 1654 1228 1693 ἐς

213 1700 318 1736 τόπον
335 1703 390 1734 Ai.
412 1699 492 1735 437.
536 1705 656 1737 τοῦτον
673 1702 730 1737 τὸν
749 1701 849 1738 αὐτὸν
866 1702 974 1751 ἄνδρα
998 1705 1059 1736 Ph.
1085 1701 1162 1736 128.
1186 1722 1226 1727 —

214 1753 283 1783 τῶν
298 1747 410 1783 αὐτῶν
428 1751 509 1782 Ant.
523 1747 591 1783 929
601 1761 654 1784 an.
677 1751 731 1783 Tr.
746 1749 825 1783 546.
853 1754 928 1790 τοῖς
942 1750 1059 1789 αὐτοῖς
1078 1753 1133 1784 Tr.
1145 1748 1226 1783 440.

214 1798 287 1834 τοῖς
304 1794 438 1831 αὐτοῖσι
464 1798 517 1830 El.
531 1794 611 1830 916.
633 1800 740 1832 Acris.
762 1800 804 1832 fr.
817 1796 873 1831 65.
889 1797 1086 1846 ὀφθαλμοῖς
1103 1809 1140 1845 γε
1156 1799 1231 1835 τοῖς

216 1841 335 1882 αὐτοῖς
344 1845 397 1876 Ai.
412 1842 470 1877 84.
482 1843 518 1878 ἐν
527 1847 636 1879 τοῖσιν
646 1845 762 1884 αὐτοῖς
776 1844 890 1880 τοῖσδε
897 1849 1021 1881 κακοῖς
1029 1847 1110 1878 Ant.
1125 1842 1226 1878 1076.

217 1889 252 1925 ἐν
269 1893 377 1925 τοῖσιν
403 1890 521 1930 αὐτοῖς
547 1891 696 1932 δικτύοις
721 1895 762 1926 fr.
782 1895 848 1926 inc.
870 1891 951 1935 671,
974 1892 1004 1927 1.
1048 1892 1092 1927 τά
1108 1891 1136 1939 γ’
1154 1889 1230 1926 αὔθ’

216 1935 283 1978 ἔξει
300 1937 411 1985 κράτη
429 1940 487 1973 OR
504 1937 584 1973 586.
616 1959 657 1964 —
683 1939 791 1975 ταύτά
816 1946 905 1974 recte
923 1943 1086 1983 scriptum
1103 1951 1146 1973 ex
1164 1951 1231 1972 uno

218 1986 287 2018 cod.
308 1996 327 2018 a
340 1987 508 2019 Brunckio
526 1987 583 2020 ΟΒ
596 1985 684 2021 284:
712 1985 938 2035 ταύθ’ὸρῶντ’
957 1987 1143 2033 ἐπίσταμαι
1161 1986 1231 2033 μοί-

217 2031 316 2066 λιστα
333 2029 452 2080 Φοίβῳ
471 2031 664 2080 Τειρεσίαν,
694 2037 792 2076 vulgo
810 2037 896 2068 male
913 2030 1021 2077 ταῦθ’,
1049 2037 1143 2068 velut
1162 2047 1231 2080 μα-

218 2078 292 2114 θεῖν
311 2078 433 2114 δικαιῶ
450 2079 548 2116 ταῦθ’
565 2080 676 2126 [ταῦθ’
692 2082 765 2129 LA]
783 2080 871 2130 ἅπερ
884 2082 1000 2129 κάμοῦ
1014 2083 1053 2117 σὺ
1070 2086 1129 2117 νῦν
1148 2080 1228 2115 575.

218 2128 346 2160 Eadem
372 2138 448 2161 cum
471 2130 583 2163 dativo
608 2132 702 2163 verbi
727 2132 810 2164 ratio
835 2135 886 2163 est
910 2132 964 2163 Ai.
993 2128 1081 2163 687:
1125 2128 1232 2164 ταύτὰ

218 2172 303 2221 τῇδέ
329 2186 388 2220 μοι
411 2174 492 2210 τάδε
522 2180 663 2222 τιμᾶτε;
701 2179 759 2211 OR
784 2176 871 2211 579:
924 2176 1043 2225 ἄρχεις
1067 2172 1095 2211 δ’
1118 2175 1231 2225 ἐκείνῃ

217 2220 343 2264 ταύτά;
373 2226 408 2255 et
423 2221 503 2257 840.
540 2222 651 2271 λέγων
669 2236 722 2259 σοι
737 2220 843 2267 ταῦτ’,
865 2223 983 2272 ἔγωγε.
1013 2238 1044 2258 v.
1067 2225 1228 2258 Abresch.

219 2270 331 2303 Diluc.
361 2270 510 2311 Thucyd.
539 2283 572 2314 p.
601 2270 682 2305 548.
722 2274 888 2306 Probabili
915 2275 1104 2307 coniectura
1127 2270 1235 2306 ταύτά

219 2327 278 2359 pro
293 2314 420 2351 ταύτάν
437 2319 498 2351 Ph.
519 2317 600 2352 853.
618 2320 669 2353 ch.
691 2322 824 2361 corrigit
837 2322 952 2353 Herm.
975 2322 1055 2353 diss.
1077 2322 1118 2352 de
1136 2330 1230 2361 pron.

221 2362 323 2402 αὐτός
339 2375 372 2406 p.
395 2362 475 2398 335.
490 2385 531 2390 —
547 2367 715 2409 Exempla
731 2369 790 2400 illa
806 2369 989 2401 Abreschio
1005 2372 1137 2410 praeter
1153 2368 1235 2399 alios

220 2410 306 2456 (Dil.
328 2412 433 2445 Thuc.
454 2423 487 2454 p.
510 2411 594 2458 737]
612 2419 646 2446 et
671 2415 876 2448 Buttmanno
898 2414 956 2460 (ad
973 2416 1034 2448 Ph.
1059 2412 1143 2459 119)
1161 2415 1235 2447 sine

221 2459 332 2492 addito
349 2461 488 2493 articulo
505 2461 591 2494 idem
608 2463 798 2502 significare
815 2465 886 2496 visa
903 2464 1015 2496 omnia
1028 2464 1108 2495 alios
1123 2463 1234 2504 expli-

222 2510 315 2540 catus
340 2507 477 2541 habent.
529 2509 661 2541 Ionicae
678 2510 713 2542 id
740 2512 834 2552 poesi
857 2511 1050 2552 proprium:
1086 2511 1145 2551 qui
1163 2519 1237 2541 eam

222 2555 503 2587 consuetudinem
520 2556 598 2588 olim
616 2566 683 2589 non
700 2558 801 2599 plane
818 2558 1024 2590 abiudicarat
1040 2558 1080 2589 ab
1099 2557 1233 2597 Atticis,

223 2601 353 2635 Schaef.
375 2602 416 2634 ad
434 2602 532 2643 Greg.
554 2613 588 2644 p.
610 2601 690 2636 303.
721 2606 763 2636 cf.
784 2606 864 2637 Mel.
896 2605 949 2638 Cr.
969 2615 1002 2646 p.
1025 2602 1046 2637 3
1064 2609 1098 2636 et
1115 2601 1178 2645 65,
1208 2605 1237 2635 is

223 2658 367 2681 errorem
385 2659 484 2681 suum
502 2652 671 2683 revocavit
688 2652 776 2694 App.
792 2653 968 2685 Demosth.
980 2649 1012 2685 3.
1034 2662 1068 2694 p.
1083 2648 1140 2684 61.
1161 2651 1234 2683 coll.

222 2697 338 2728 Herm.
359 2697 400 2728 ad
416 2697 498 2729 Ant.
519 2694 600 2730 920.
644 2699 805 2731 Omnium
829 2700 1088 2740 diligentissime
1113 2699 1154 2730 de
1179 2698 1240 2730 hac

223 2753 259 2775 re
277 2744 345 2784 egit
362 2743 523 2776 Matthiae
539 2745 626 2777 Add.
648 2746 688 2777 ad
710 2746 792 2778 Eur.
815 2744 847 2779 7.
869 2758 902 2789 p.
924 2744 1004 2779 502.
1027 2765 1071 2770 —
1090 2743 1194 2792 σοφός
1211 2741 1239 2777 τ’

225 2787 266 2824 ἂν
290 2787 392 2828 αὑτὸς
415 2788 567 2837 κάγαθὸς
591 2787 706 2839 κεκλῇ
731 2790 806 2838 ἅμα
829 2795 889 2826 Ph.
914 2791 979 2826 119
1003 2794 1044 2826 ad
1070 2793 1239 2832 significa-

224 2838 352 2870 tionem
368 2839 574 2878 pronominis
601 2841 667 2880 ipse
692 2842 933 2882 revocandum,
963 2845 1083 2882 estque
1109 2843 1145 2872 tu
1164 2849 1239 2871 vcro

223 2886 291 2925 ipse
307 2886 520 2917 asseverandi
548 2888 700 2919 formula.
745 2889 783 2920 In
806 2889 892 2921 Phil.
917 2885 1006 2920 1330
1024 2885 1124 2925 οὗτος
1140 2884 1240 2932 ἥλιος

226 2933 442 2964 scribendum
468 2930 585 2976 [αὐτός
603 2934 662 2966 LA
680 2931 780 2973 αὐτὸς
800 2936 902 2968 Dind.
919 2946 953 2967 c.
975 2934 1161 2976 Doederl.].
1184 2933 1241 2965 ΟΒ

226 2975 295 3011 458
326 2977 514 3025 φανήσεται
539 2978 578 3013 δὲ
603 2979 751 3028 ἀδελφὸς
776 2981 878 3020 αὐτὸς
895 2981 953 3016 καὶ
971 2980 1105 3028 πατήρ,
1131 2991 1240 3023 quan-

226 3035 326 3067 quam
344 3035 435 3058 nune
451 3024 552 3065 αὑτὸς
570 3029 706 3070 scripsit
718 3030 850 3071 Herm.,
872 3034 970 3062 vetus
989 3030 1047 3061 LA
1064 3029 1241 3061 auctoritas

226 3073 324 3113 longe
353 3073 592 3114 elegantiorem
619 3078 825 3109 sententiam
853 3078 972 3109 habet:
1011 3078 1076 3117 ipse
1102 3079 1132 3108 et
1154 3084 1242 3107 unus

227 3119 358 3160 quidem
368 3124 465 3161 pater
479 3124 509 3152 et
526 3121 633 3162 frater
645 3122 877 3157 declarabitur.
906 3126 965 3157 νῦν
982 3120 1029 3157 ἔτ’
1053 3121 1154 3160 αὐτός
1172 3120 1243 3166 εἰμι

226 3165 277 3212 τῷ
296 3164 504 3212 βουλεύματι
527 3168 585 3201 OR
601 3166 671 3201 557
687 3173 822 3203 consilio
848 3173 914 3212 ipse
938 3181 1012 3202 sum
1029 3170 1135 3202 adhuc
1153 3169 1187 3201 h.
1208 3179 1238 3201 e.

228 3216 294 3255 ipse
309 3214 390 3246 mihi
406 3218 539 3247 consto:
573 3217 691 3249 Herm.
714 3222 747 3250 et
765 3219 870 3250 Dind.
899 3215 1012 3257 αὑτός,
1035 3227 1111 3249 nam
1130 3218 1165 3248 in
1184 3216 1243 3247 LA

229 3270 339 3302 margo
364 3262 405 3293 ab
428 3262 529 3294 schol.
551 3264 674 3302 legitur
699 3258 749 3298 ἔθ’
766 3263 870 3299 αὺτὸσ
891 3263 909 3299 ὁ
928 3262 1045 3298 αὐτόσ.
1090 3263 1119 3297 ὦ
1137 3261 1244 3309 μέγας

229 3306 336 3354 λιμὴν
359 3305 461 3347 αὐτὸς
486 3307 630 3355 ἤρκεσεν
655 3309 752 3345 παιδὶ
773 3311 832 3346 καὶ
858 3309 1101 3358 θαλαμηπόλῳ
1127 3311 1244 3343 πεσεῖν

230 3355 288 3388 OR
307 3352 396 3389 1209
415 3356 466 3388 ch.
497 3359 562 3397 ipse
587 3358 674 3389 solus
698 3359 848 3400 suffecit;
882 3360 984 3390 etiam
1003 3359 1056 3390 hic
1074 3358 1189 3389 Herm.
1210 3359 1245 3388 et

230 3405 331 3438 Dind.
361 3408 473 3436 contra
498 3405 655 3439 librorum
685 3406 784 3438 fldem
810 3403 925 3443 αὑτός.
970 3403 1019 3439 ἐτι
1035 3409 1104 3439 τῶν
1132 3401 1244 3437 αὐτῶν

1252 286 1356 316 animi
1374 286 1565 324 inqenerata
1582 285 1774 324 impotentia
1799 283 2028 324 significatur,
2055 283 2143 324 quod
2167 284 2267 324 plane

1253 332 1408 372 congruit
1425 341 1500 363 cum
1517 331 1576 363 OR
1592 327 1680 371 557,
1714 339 1776 362 nec
1799 330 1913 362 minus
1937 330 1995 362 illo
2013 333 2186 362 novatores
2203 339 2265 362 ex-

1253 382 1387 420 pertum
1411 382 1473 410 est.
1511 377 1603 409 Nihil
1620 378 1653 409 h.
1675 378 1697 409 l.
1726 378 1794 418 agit
1811 377 1907 409 Wex.
1952 378 1992 409 In
2009 377 2069 409 Ph.
2091 374 2159 409 500
2176 375 2213 415 ἐς
2229 375 2268 410 σὲ

1253 425 1317 472 γὰρ
1334 423 1473 470 πομπόν
1496 436 1532 458 τε
1554 423 1679 458 καύτὸν
1697 422 1840 470 ἄγγελον
1857 421 1936 469 ἥκω
1961 427 2095 456 tantum
2112 425 2207 456 abest
2230 428 2270 456 ut

1254 473 1394 505 eundem
1410 474 1674 514 interpretemur
1689 473 1857 512 nuntium,
1877 475 1917 504 ut
1932 480 2001 504 uno
2018 472 2192 512 subrogato
2210 481 2267 503 vo-

1255 521 1370 552 cabulo
1387 517 1611 566 αὐτάγγελ
1622 530 1667 552 ον
1694 529 1805 551 veram
1830 519 2032 551 sententiam
2049 518 2269 551 demonstrari

1254 571 1426 609 putemus.
1465 568 1503 598 In
1524 563 1677 600 Elam?
1699 566 1782 598 Ach.
1803 567 1879 598 Am.
1901 566 1942 598 fr.
1965 562 2043 606 162,
2064 563 2098 598 8.
2139 563 2270 603 αὐτός

1254 614 1468 647 scribendum
1487 615 1591 646 fuisse
1606 614 1763 645 vidimus.
1792 613 1886 652 Quod
1899 614 1979 645 olim
1994 613 2117 654 opponi
2130 613 2267 653 solebat,

1255 659 1359 695 αὑτό
1370 672 1386 698 ς
1404 662 1439 693 in
1459 662 1551 693 codd.
1575 671 1741 701 nusquam
1758 661 1845 702 legi,
1872 661 1939 692 iam
1957 661 2102 692 concidit
2117 663 2194 701 post
2210 660 2269 692 ad-

1256 712 1370 741 notata
1395 720 1414 741 a
1438 710 1589 740 Bekkero
1617 709 1657 740 ad
1681 709 1765 740 Plat.
1787 711 1811 739 t.
1834 709 1860 739 Ι.
1884 705 1915 739 1.
1936 717 1970 748 p.
1991 704 2056 748 51,
2087 703 2118 739 1.
2140 707 2180 739 ad
2199 708 2269 739 De-

1256 757 1378 789 mosth.
1399 766 1432 798 p.
1458 753 1513 797 11,
1535 760 1604 788 not.
1626 765 1655 787 e.
1677 766 1710 797 p.
1731 751 1812 795 299,
1834 758 1902 787 not.
1922 764 1957 796 p.

1328 823 1360 861 A
1371 824 1444 860 ὐτό
1455 836 1581 859 σσυτο
1593 837 1608 863 ς
1626 828 1739 866 sponte
1754 826 1898 856 veniens.
1920 821 2146 858 αὐτόσσυτον;
2168 822 2273 858 αὐτο-

1256 872 1450 908 κέλευστον.
1498 870 1586 918 Σοφ.
1617 869 1722 918 Σκυρ.
1752 870 1809 915 (fr.
1839 868 1940 916 503.)
1971 871 2117 911 Hesych.
2147 876 2183 904 et
2211 872 2267 904 Gr.

1257 923 1362 954 Bekk.
1384 931 1418 963 p.
1439 918 1520 961 467,
1542 917 1598 960 31,
1620 920 1675 952 hic
1691 920 1765 951 sine
1783 919 1920 951 nomine
1937 919 2081 951 fabulae.

1327 988 1358 1026 A
1367 989 1385 1024 ὐ
1395 1003 1415 1024 τ
1423 989 1440 1024 ό
1449 1001 1467 1023 σ
1476 1002 1496 1024 τ
1504 1002 1521 1024 o
1531 989 1552 1024 λ
1562 1002 1579 1024 ο
1591 1001 1618 1027 ς.
1648 987 1855 1024 αὐτόστολον
1873 987 2058 1036 πέμψαντά
2075 983 2109 1034 μ’
2123 987 2273 1023 ἐκσῶσαι

1255 1040 1315 1072 Ph.
1337 1036 1407 1071 496
1424 1040 1447 1070 i.
1469 1049 1501 1080 q.
1531 1036 1633 1071 αὐτὸν
1653 1035 1889 1082 στελλόμενον.

1327 1105 1442 1144 Αὐτο
1454 1105 1597 1155 σφᾶγή
1611 1120 1626 1145 ς
1644 1119 1664 1140 α
1691 1111 1789 1140 semet
1813 1109 1867 1140 vel
1885 1118 1905 1140 α
1921 1109 1989 1139 suis
2007 1116 2131 1139 caesus.
2170 1104 2275 1140 αὐτο-

1257 1160 1371 1204 σφαγῆ
1407 1155 1575 1190 πίπτοντα
1612 1155 1694 1188 *Ai.
1724 1152 1790 1188 841
1834 1153 2003 1199 [spurium
2036 1158 2131 1187 notat
2154 1152 2276 1199 schol.]

1259 1206 1353 1244 Quod
1367 1205 1522 1246 sequitur
1533 1203 1601 1240 τὼς
1611 1201 1840 1248 αὐτοσφαγεῖς
1853 1200 2002 1243 ὀλοίατο,
2020 1211 2086 1234 non
2100 1211 2161 1233 sua
2174 1211 2278 1234 manu

1259 1254 1318 1285 sed
1336 1264 1356 1284 a
1372 1254 1440 1284 suis
1457 1261 1588 1283 caesum
1604 1251 1812 1291 significans,
1836 1250 2020 1282 illustravit
2044 1250 2124 1282 Lob.
2151 1249 2192 1281 ad
2207 1245 2277 1281 842

1260 1305 1295 1333 et
1311 1301 1427 1332 Herm.
1449 1300 1486 1331 in
1504 1308 1594 1331 cens.
1615 1299 1671 1330 Ai.
1693 1298 1818 1329 Wund.

1331 1355 1475 1393 Αὐτοῦ
1500 1358 1621 1397 inipso
1640 1357 1720 1396 loco,
1742 1357 1824 1396 illic,
1844 1356 1906 1388 hic.
1942 1355 1957 1398 ΙΙ
1991 1354 2146 1396 Proprie.-
2173 1351 2279 1388 αὐτοῦ

1263 1403 1334 1452 μέν’
1352 1404 1458 1451 οὗπερ
1474 1402 1634 1451 κάφάνης
1652 1403 1708 1435 OG
1726 1400 1782 1435 77.
1826 1397 1934 1436 τοῖσδ’
1951 1399 2067 1437 ἐνθάδ’
2084 1399 2189 1436 αὐτοῦ
2215 1399 2280 1447 δη-

1264 1452 1384 1499 μόταις
1402 1451 1458 1486 78.
1496 1452 1759 1491 Colonensibus,
1790 1451 1854 1483 loci
1871 1460 1972 1492 quem
1989 1450 2159 1482 insederat
2176 1449 2279 1482 Oedi-

1263 1512 1340 1543 puS,
1362 1501 1491 1533 accolis
1536 1496 1641 1532 αὐτοῦ
1670 1494 1736 1529 192
1753 1498 1804 1530 ch.
1822 1510 1828 1529 :
1867 1499 2050 1530 consistere
2067 1498 2159 1529 enim
2176 1497 2279 1529 Oedi-

1263 1559 1345 1591 pum
1364 1548 1483 1580 chorus
1499 1547 1611 1586 iubet;
1643 1549 1694 1577 est
1710 1546 1814 1587 igitur
1827 1543 1883 1578 ἐπί
1931 1556 1977 1585 ες,
1996 1543 2045 1590 μὴ
2060 1542 2178 1590 πόρρω
2192 1541 2280 1589 πρό-

1266 1595 1370 1642 βαινε,
1394 1596 1472 1627 halt.
1520 1590 1560 1627 ἕκ
1587 1591 1647 1630 λος
1673 1590 1777 1626 αὐτοῦ
1796 1590 1900 1637 μίμνε
1940 1589 2020 1625 039.
2062 1588 2168 1625 αὐτοῦ
2186 1588 2281 1636 βαιὸν

1266 1641 1461 1689 ἀμμείνασα
1486 1641 1542 1673 Tr.
1596 1638 1652 1672 35.
1699 1636 1779 1685 μηδ’
1797 1637 1901 1673 αὐτοῦ
1922 1637 2018 1674 θάνω
2043 1635 2124 1672 802.
2170 1635 2283 1675 θέλεις

1268 1690 1438 1736 μείνωμεν
1457 1687 1562 1722 αὐτοῦ
1580 1688 1634 1720 El.
1656 1684 1714 1719 81.
1737 1705 1777 1710 -
1809 1687 1824 1729 ΙΙ
1851 1687 2027 1727 Fiyurate:
2063 1682 2140 1723 ἅλις
2158 1679 2279 1731 ἔμοιγ’,

1267 1736 1343 1775 ἅλις
1362 1735 1516 1784 φαίνεται
1542 1729 1612 1769 ἕνθ’
1630 1732 1769 1780 ἔληξεν,
1802 1732 1906 1768 αὐτοῦ
1927 1731 2040 1779 μένειν
2066 1733 2124 1766 ΟΒ.
2142 1729 2210 1766 686
2227 1733 2279 1765 ch.

1269 1788 1371 1818 Recte
1382 1785 1483 1817 schol.
1499 1796 1505 1815 ε
1529 1780 1683 1829 φαίνεταί
1693 1793 1752 1825 μοι
1765 1779 1963 1828 ἀρκούντως
1974 1779 2066 1829 ἔχειν
2079 1779 2117 1815 τὸ
2127 1782 2280 1826 πρᾶγμα,

1296 1831 1424 1867 αίνεται
1449 1829 1546 1876 ἐμοί,
1578 1826 1662 1863 ἔνθα
1687 1826 1859 1863 ἐπαύσατο
1882 1827 1906 1873 ή
1925 1825 2133 1875 φιλονεικία,
2161 1825 2281 1867 αὐτοῦ,

1268 1891 1375 1927 ηγουν
1393 1877 1478 1920 ἐκεῖ,
1501 1877 1625 1923 μένειν.
1656 1877 1792 1909 Creonti
1810 1877 1896 1908 filias
1910 1877 1950 1908 ab
1961 1876 2088 1916 Oedipo
2101 1875 2286 1907 abductum

1269 1929 1386 1961 chorus
1405 1924 1544 1972 ἐπίσχες
1563 1922 1685 1965 αὐτοῦ,
1713 1922 1800 1964 ξεῖνε
1818 1923 1873 1956 OG
1891 1920 1979 1956 856:
2015 1931 2081 1955 non
2100 1923 2188 1954 illico
2205 1931 2284 1953 con-

1267 1978 1355 2015 siste,
1377 1975 1435 2007 sed
1451 1983 1492 2005 ne
1510 1972 1587 2014 quid
1603 1973 1693 2003 ultra
1710 1971 1805 2003 aude.
2027 1968 2060 2014 (Ι
2077 1979 2111 2012 p.
2133 1966 2201 2001 271
2218 1967 2288 2013 in.)

1341 2030 1372 2069 A
1381 2031 1399 2067 ὑ
1409 2044 1429 2066 τ
1439 2044 1456 2067 o
1466 2035 1498 2066 ῦ.
1520 2031 1534 2074 ΙΙ
1551 2032 1737 2063 Pronomen
1756 2030 1957 2062 reflexivum
1975 2029 2096 2061 tertiae
2108 2037 2283 2070 personae,

1270 2084 1334 2115 sui.
1361 2081 1424 2127 τὴν
1443 2078 1550 2114 αὑτοῦ
1569 2075 1667 2125 φύσιν
1686 2075 1765 2111 ὅταν
1782 2075 1893 2110 λιπών
1909 2087 1960 2113 τις
1978 2073 2043 2122 δρᾷ
2057 2073 2101 2109 τὰ
2114 2074 2163 2121 μὴ
2178 2084 2287 2122 προσ-

1270 2126 1386 2163 εικότα
1403 2129 1462 2160 Ph.
1485 2123 1566 2159 902.
1608 2124 1647 2159 τὸ
1665 2122 1769 2171 ἄλγος
1795 2122 1843 2161 εἰς
1869 2118 1915 2157 ἕν’
1933 2121 2070 2170 ἔρχεται
2088 2121 2192 2168 μόνον
2209 2119 2288 2156 καθ’

1270 2174 1372 2211 αὐτόν
1391 2174 1456 2209 OR
1473 2171 1529 2207 63.
1558 2174 1668 2205 Possit
1685 2173 1787 2204 etiam
1805 2169 1908 2204 αὐτόν
1926 2171 2019 2211 ferri,
2039 2172 2107 2211 ipse
2122 2180 2211 2202 unua
2228 2169 2288 2201 do-

1271 2226 1338 2256 lore
1356 2224 1514 2264 lanyitur.
1553 2218 1655 2257 αὐτὸς
1672 2216 1751 2253 καθ’
1768 2216 1873 2252 αὑτοῦ
1890 2215 2123 2263 (σημαινέτω)
2139 2214 2220 2250 228.
2258 2213 2288 2250 εἴ

1269 2282 1320 2309 τις
1338 2269 1469 2305 ἀπώσει
1493 2265 1620 2305 τοῦπος
1645 2265 1669 2312 ἢ
1695 2264 1827 2313 χαύτοῦ
1852 2262 1934 2299 234.
1978 2263 2074 2298 παισὶ
2090 2266 2164 2302 τοῖς
2182 2261 2288 2298 αὑτοῦ

1273 2318 1378 2359 ξυνών
1397 2314 1478 2350 457.
1523 2314 1559 2349 αἱ
1581 2313 1619 2348 δὲ
1643 2316 1799 2347 τοιαῦται
1815 2310 1932 2360 φύσεις
1951 2309 2070 2349 αὑταῖς
2088 2310 2171 2345 εἰσὶν
2188 2309 2288 2357 ἄλγι-

1273 2377 1348 2399 σται
1365 2363 1480 2412 φέρειν
1498 2360 1577 2395 675.
1623 2359 1760 2395 ἔπαισεν
1786 2357 1898 2406 ἄρθρα
1921 2362 1991 2392 τῶν
2017 2356 2122 2393 αὑτοῦ
2146 2356 2286 2392 κύκλων

1276 2410 1376 2445 1270.
1404 2415 1468 2458 τῆς
1487 2408 1573 2456 ὑπέρ
1589 2407 1616 2442 τ’
1636 2407 1722 2454 ἐμοῦ
1740 2406 1848 2445 αὐτ”ς
1865 2404 1896 2442 θ’
1913 2405 2048 2453 ὁρώσης
2066 2406 2122 2439 OC
2140 2403 2196 2439 34.
2229 2402 2287 2438 εὐ-

1271 2472 1311 2494 τυ
1339 2459 1382 2506 ὴς
1406 2457 1515 2493 ἵκοιτο
1540 2456 1584 2503 τῆ
1601 2453 1631 2489 θ’
1650 2454 1755 2490 αὐτοῦ
1774 2454 1817 2488 πό
1843 2466 1871 2488 ει
1889 2452 1968 2499 ἐμοί
1983 2465 2020 2487 τε
2038 2451 2118 2486 308.
2158 2451 2208 2490 τίς
2225 2450 2288 2499 γὰρ

1274 2471 1397 2545 ἐσθλὸς
1415 2505 1481 2553 οὐχ
1498 2489 1593 2551 αὐτῷ
1611 2501 1727 2549 φίλος,
1750 2500 1830 2535 310.
1874 2501 1891 2536 ὁ
1908 2503 1988 2538 νοῦς
2005 2498 2085 2534 ὅταν
2109 2498 2213 2534 αὐτοῦ
2230 2498 2288 2546 γέ-

1274 2566 1374 2601 νηται
1393 2551 1471 2586 660.
1502 2553 1561 2584 LA
1579 2551 1710 2585 αὐτοῦ
1723 2577 1730 2591 ,
1760 2551 1942 2591 probatque
1962 2549 2080 2580 Elmsl.
2097 2559 2103 2579 :
2134 2548 2199 2579 erit
2224 2548 2288 2586 igi—

1276 2607 1331 2634 tur
1348 2603 1403 2634 ubi
1421 2602 1500 2633 illuc
1518 2602 1670 2631 animum
1687 2597 1898 2629 adverterint.
1919 2597 2044 2637 Aptius
2056 2593 2190 2636 [Dind.]
2211 2591 2261 2627 αὑ
2272 2613 2288 2618 -

1275 2652 1349 2683 τοῦ
1362 2676 1369 2690 ,
1399 2650 1451 2681 sui
1468 2657 1599 2688 compos
1611 2671 1619 2687 ,
1648 2647 1688 2678 de
1706 2655 1771 2686 qua
1788 2644 1930 2676 formula
1948 2654 1979 2674 V.
2001 2643 2118 2675 Valck.
2140 2642 2230 2674 Adn.
2250 2641 2288 2673 ad

1277 2698 1316 2728 N.
1340 2698 1379 2729 T.
1407 2707 1442 2738 p.
1463 2691 1542 2727 292.
1581 2695 1703 2735 Opusc.
1734 2696 1758 2723 t.
1788 2693 1832 2723 11.
1877 2688 1986 2735 αὐτῆς
2011 2687 2141 2726 ὄνειδος
2165 2685 2288 2725 παῖδας

1277 2742 1419 2791 ἐξέφυσε
1436 2739 1516 2774 984.
1552 2739 1610 2775 τὸν
1628 2736 1720 2785 ἄνδρ’
1739 2737 1838 2772 ἔασον
1855 2735 1953 2771 τόνδε
1968 2735 2012 2782 τῇ
2025 2733 2056 2770 θ’
2074 2733 2178 2769 αὑτοῦ
2197 2733 2288 2781 φρενὶ

1276 2790 1377 2838 χάριν
1395 2790 1584 2835 παρασχεῖν
1605 2785 1705 2820 1182.
1751 2784 1846 2819 παισὶ
1871 2786 1945 2818 τοῖς
1961 2781 2067 2817 αὐτοῦ
2087 2779 2189 2815 1396.
2227 2784 2288 2826 τῆς

1278 2836 1381 2872 αὑτοῦ
1400 2836 1531 2882 πάτρας
1548 2836 1630 2867 Ant.
1649 2831 1725 2866 182.
1754 2831 1788 2866 τί
1803 2829 1890 2865 τόνδ’
1908 2829 1947 2865 ἂν
1971 2829 2080 2867 εἴποις
2096 2827 2184 2863 ἄλλο
2200 2826 2288 2873 πλὴν

1278 2883 1373 2919 αὑτῶ
1390 2883 1515 2920 πόνους
1542 2884 1645 2928 φῦσαι
1662 2878 1742 2913 646.
1784 2877 1860 2924 ἥτις
1877 2878 1934 2912 τὸν
1952 2875 1994 2911 αὑ
2021 2880 2059 2915 ’ς
2077 2874 2288 2923 αὐτάδελφον

1277 2917 1367 2966 ε’ίασε
1378 2928 1456 2964 696.
1475 2929 1575 2967 αὐτὸς
1589 2927 1673 2975 πρὸ;
1689 2926 1794 2961 αὑτοῦ
1804 2924 1949 2970 (ὄλωλε)
1963 2889 2063 2957 1171ιῖ.
2078 2921 2197 2968 [αὐτοῦ
2206 2923 2288 2965 quod

1278 2983 1329 3012 est
1347 2981 1382 3012 in
1401 2980 1459 3011 LA
1477 2981 1617 3009 tuentur
1634 2976 1752 3007 Elmsl.
1774 2975 1814 3006 ad
1834 2974 1913 3005 Eur.
1927 2974 2026 3004 Herc.
2042 2968 2119 3003 144.
2140 2971 2184 3002 Η.
2199 2971 2288 3019 Keil.

1277 3029 1312 3059 in
1331 3027 1394 3058 Rh.
1417 3026 1460 3057 M.
1485 3023 1539 3065 18,
1560 3020 1660 3067 263]
1694 3019 1789 3066 αὐτῷ
1813 3016 1985 3066 χολωθείς
2011 3015 2114 3051 1235.
2158 3015 2285 3051 παίσασ

1278 3072 1437 3120 αὐτόχειρ
1454 3070 1561 3117 αὐτήν
1583 3067 1681 3102 1315.
1727 3068 1765 3102 τὸ
1790 3067 1853 3114 γὰρ
1878 3065 1998 3105 νὲαζον
2017 3064 2052 3100 ἐν
2069 3062 2216 3098 τοιοῖσδε
2234 3062 2288 3109 βό-

1279 3131 1394 3154 σκεται
1409 3119 1550 3166 χώροις,
1568 3114 1609 3152 ἵν’
1628 3115 1733 3150 αὐτοῦ
1753 3116 1808 3148 Tr.
1835 3111 1900 3146 145
1942 3114 2033 3145 felici
2061 3112 2288 3144 emendatione

1280 3169 1410 3208 Herm.,
1432 3168 1487 3198 cui
1504 3166 1633 3198 nullius
1651 3163 1812 3196 momenti
1825 3161 2032 3202 argumentis
2051 3162 2216 3200 repugnat
2234 3168 2288 3190 no-

1281 3215 1441 3247 vissimus
1459 3214 1566 3245 editor
1603 3211 1717 3253 [Dind.
1751 3220 1777 3242 c.
1807 3210 1901 3241 libris
1925 3207 2087 3255 χώροισιν
2113 3203 2218 3239 αὐτοῦ
2237 3206 2288 3236 sed

1279 3264 1315 3294 in
1326 3262 1386 3293 LA
1400 3258 1506 3294 ἀύτοῦ
1520 3271 1547 3292 o.
1562 3259 1654 3299 dupl.
1668 3257 1779 3299 spir.].
1800 3255 1864 3301 τὴν
1882 3253 1985 3288 αὑτοῦ
2000 3257 2137 3286 σκοπῶν
2155 3250 2288 3299 πρᾶξιν*

1284 3306 1361 3341 151.
1392 3303 1531 3347 ἐξέλεθ’
1550 3304 1644 3350 αὐτῷ
1661 3307 1779 3350 κτῆμα
1795 3302 1854 3336 καὶ
1871 3300 1966 3339 θεοῖς
1979 3298 2060 3333 245.
2082 3299 2183 3345 ὅρκον
2202 3296 2288 3344 αὐτῷ

1281 3353 1484 3401 προςβαλών
1501 3351 1582 3386 255.
1613 3351 1746 3387 ἐδεστὸν
1765 3348 1799 3389 ἐξ
1816 3348 1920 3384 αὑτοῦ
1939 3345 2052 3395 φθίνει
2068 3345 2147 3380 677.
2189 3343 2288 3399 obri?

1283 3401 1463 3448 διηίστωσε
1481 3398 1562 3434 881.
1609 3398 1696 3444 αὐτὴ
1724 3397 1808 3444 πρὸς
1833 3394 1940 3440 αὐτῆς
1956 3396 2202 3441 χειροποιεῖται
2217 3390 2288 3426 uim
