2288 3600
199 112 227 142 x
247 129 249 132 ,
960 86 1216 121 PRAEFATIO
1240 86 1465 120 EDITORIS.

200 223 255 253 ne
286 208 365 252 hoc
396 208 563 252 lexicon
606 207 855 250 abhorreret
893 220 920 250 a
959 217 1169 249 consensu
1204 203 1393 247 virorum
1431 202 1654 247 doctorum
1697 215 1751 245 ea
1786 201 1832 245 in
1862 215 1909 245 re
1940 200 2116 247 tandem
2155 202 2270 248 facto

201 306 278 349 pro
309 289 642 337 Hermannianis
673 302 777 333 usus
810 303 904 333 sum
937 286 1224 332 Brunckianis
1256 285 1462 330 numeris.
1518 283 1645 337 Quod
1675 283 1733 328 ad
1763 283 2090 341 explicationes»,
2137 298 2270 342 quum

200 372 446 418 Ellendtius
496 371 731 416 Hermanni
783 371 969 427 vestigia
1012 370 1267 426 pressisset,
1320 368 1582 413 editionibus
1634 366 1972 424 Sophoclearum
2023 367 2269 415 fabularum

202 455 535 500 Hermannianis
565 454 811 498 novissimis
842 454 1083 510 quibusque
1115 452 1295 496 conlatis
1327 464 1608 507 quaecunque
1648 450 1805 496 mutari
1836 463 2016 496 necesse
2045 455 2141 496 erat
2170 465 2268 497 mu·-

200 538 309 594 tavi,
351 552 379 581 a
409 537 582 591 ceteris,
628 536 871 592 ubicunque
913 535 1159 592 discrepare
1189 534 1417 579 sententiis
1454 534 1711 591 interpretes
1742 533 1944 578 videbam
1959 569 1969 589 ‚
2014 534 2270 591 plerumque

202 620 391 665 abstinui
422 620 484 664 ita
514 624 659 663 tamen
690 623 736 662 ut
766 619 810 662 in
842 617 1081 662 subsidium
1124 631 1323 662 vocarem
1364 617 1635 662 Dindorfium
1667 616 1935 662 Wunderum
1968 616 2268 663 Schneidewi-

202 716 303 746 num
350 702 595 746 Nauckium
648 701 880 758 Bergkium
933 700 1216 758 Blaydesium
1262 700 1525 758 Seyffertum
1563 700 1801 744 Wolffium.
1880 700 1945 744 Ac
1994 699 2050 744 de
2088 700 2270 746 consilio

203 784 375 841 quidem
407 789 450 828 et
481 784 644 828 ratione
675 783 802 827 huius
834 784 1035 828 editionis
1067 784 1174 828 satis
1205 783 1382 828 dictum.
1439 784 1592 828 Restat
1622 788 1669 827 ut
1700 783 1750 828 O.
1779 781 2056 839 Schaedelio,
2092 783 2166 839 qui
2196 783 2267 829 in-

201 868 312 924 signi
352 867 654 912 benevolentia
691 871 734 910 et
774 866 915 910 officio
953 880 1234 922 quaecunque
1271 866 1440 910 viderat
1480 867 1525 910 in
1564 866 1648 910 hac
1688 866 1878 911 editione
1920 866 2161 912 desiderari
2192 871 2268 912 aut

200 951 305 994 vitio
347 951 562 1004 laborare,
609 949 762 993 litteris
801 950 944 994 statim
984 955 1083 1007 post
1120 949 1316 1005 singulos
1358 949 1500 1006 operis
1542 949 1772 994 fasciculos
1811 949 2060 1006 divulgatos
2100 949 2158 994 ad
2195 963 2267 995 me

201 1033 314 1076 datis
346 1046 512 1076 mecum
534 1032 875 1087 communicavit,
911 1032 1075 1089 gratias
1106 1047 1235 1089 agam
1257 1032 1493 1076 maximas:
1530 1046 1605 1077 eos
1626 1036 1772 1077 autem
1803 1033 1875 1089 qui
1906 1037 2133 1090 praeterea
2161 1033 2269 1079 vitia

201 1116 309 1159 forte
340 1115 426 1159 sint
454 1114 769 1170 investigaturi,
806 1120 978 1172 rogatos
999 1116 1143 1172 velim,
1182 1119 1229 1158 ut
1259 1129 1344 1159 non
1376 1119 1464 1159 tam
1486 1115 1809 1172 neglegentiam
1838 1115 2095 1161 inertiamve
2125 1130 2267 1161 meam

201 1202 405 1242 accusent
442 1211 569 1253 quam
608 1197 890 1242 humanarum
929 1199 1083 1243 virium
1120 1198 1287 1242 ratione
1318 1197 1469 1242 habita
1512 1212 1582 1242 me
1613 1203 1830 1243 moneant.
1894 1200 2005 1244 Item
2036 1199 2093 1245 de
2123 1199 2268 1257 operis

201 1280 402 1324 tarditate
433 1284 684 1324 excusatum
716 1295 784 1326 me
806 1283 927 1326 volo:
964 1296 1063 1325 nam
1086 1282 1202 1325 bello
1233 1281 1491 1337 gravissimo
1512 1281 1699 1338 patriam
1731 1282 1993 1328 sollicitante
2024 1287 2140 1328 totus
2160 1282 2266 1327 mihi

200 1367 292 1407 erat
322 1375 461 1406 annus
491 1362 549 1406 ad
579 1363 770 1407 laborem
800 1364 1147 1409 intermittendus
1178 1364 1310 1408 armis
1341 1377 1490 1409 musas
1522 1364 1650 1409 silere
1680 1365 1945 1410 iubentibus.

320 1522 325 1541 *N
376 1468 545 1513 Dabam
576 1469 846 1514 Francofurti
878 1470 934 1514 ad
964 1471 1166 1516 Moenum
1198 1470 1315 1514 Prid.
1352 1471 1452 1515 Kal.
1489 1471 1585 1516 Iun.
1620 1471 2004 1518 MDOOOLXXII.
