2288 3600
287 166 387 213 400

284 279 331 312 ὧν
342 278 435 325 παρὰ
445 277 622 313 Σοφοκλεῖ
640 278 674 313 ἐν
691 273 813 327 Ἰνάχῳ
823 278 881 323 [fr.
894 277 993 324 261),
1008 278 1063 313 ἐπὶ
1079 283 1141 325 τῆς
1154 273 1277 326 Ἴριδος
1290 289 1297 295 ·

284 325 392 373 γυνὴ
409 325 474 364 τίς
525 325 586 366 Be,
617 324 787 364 κυκλὰς
820 321 1044 374 Ἀρκάδος
1068 330 1219 372 κυνῆς.
1253 328 1295 360 cf.

284 375 399 406 Valck.
421 375 462 406 ad
478 374 587 407 Adon.
608 384 641 415 p.
664 371 743 407 346.
783 374 995 407 Sententiam
1021 385 1096 406 cum
1115 375 1299 406 absolutam

284 431 359 454 esse
378 431 443 453 non
463 425 612 462 constet,
642 421 769 462 duplex
787 427 838 453 est
856 422 1051 462 explicandi
1076 422 1148 453 via:
1181 422 1295 462 altera,

285 473 325 501 ut
340 466 472 506 κυκλάς
490 471 597 513 κυνῆς
615 469 846 500 subaudiendo
857 467 975 515 μόρφη
993 470 1028 500 id
1047 470 1090 500 sit
1108 469 1195 509 quod
1212 471 1300 513 κυνῆ

284 513 508 560 κυκλοειὸήςς
531 516 644 555 altera,
667 520 706 547 ut
722 513 854 552 κυκλάς
872 518 1015 548 relatum
1032 516 1071 547 ad
1089 515 1174 562 γυνή
1193 517 1301 556 signi-

284 564 363 595 ficet
378 560 616 607 κυκλουμένη,
637 563 672 594 id
690 567 742 594 est
757 560 1016 608 καλυπτομένη.
1051 563 1148 605 [Vbb.
1170 560 1302 600 κυκλὰς

286 604 457 657 Ἀρκάδος
475 612 583 654 κυνῆς
602 610 710 651 'roupi
729 610 940 642 coniecturae
957 611 1134 650 debentur,
1156 612 1190 641 in
1209 611 1302 641 lbris

285 663 337 689 est
356 654 506 702 συληνᾶς
530 654 600 699 (ed.
623 657 700 688 Ald.
727 654 899 701 κυληνᾶς)
916 651 1014 703 Ἀρκ.
1035 661 1134 702 κυνῆ.
1171 658 1298 689 Nauck.

286 706 429 736 coniecit
445 716 475 750 γ.
487 715 516 736 τ.
538 701 601 748 ἥδε
619 702 769 750 γυμνάςς
793 698 962 750 Ἀρκάδος
979 707 1079 750 κυνῆ.
1096 708 1231 745 quaeest
1242 707 1304 735 ista

286 751 414 792 femina
438 752 549 782 leviter
566 753 708 783 vestita?
741 751 853 783 Picens
879 751 1008 792 quidem
1026 751 1163 783 Arcadis
1181 755 1225 783 est
1252 751 1303 791 fe-

285 800 408 831 minae.
438 799 505 830 Alii
524 799 588 829 alia
601 802 824 839 temptarunt.
847 800 989 830 Dubitat
1000 800 1080 830 Lob.
1103 799 1189 831 Prol.
1202 795 1304 842 443]

289 865 331 869 -
350 857 368 878 υ
388 847 423 877 in
442 847 506 877 arsi
526 846 730 886 producitur,
754 847 787 877 in
806 847 896 878 thesi
914 847 1104 887 corripitur.

358 912 558 951 Κυκλέω.
590 917 779 948 Transitive
798 920 940 956 torqueo,
961 917 1180 947 circum-volvo
1195 940 1202 953 ,
1223 926 1304 947 (ron-

286 967 386 996 verto.
422 961 516 1000 ὁδοῖς
541 961 680 996 κυκλῶν
707 961 856 1007 ἐμαυτὸν
884 961 931 1000 εἰς
966 961 1183 1010 ἀναστροφήν
1219 964 1300 995 Ant.

287 1008 356 1044 226
382 1011 405 1043 i.
427 1021 459 1052 q.
481 1009 727 1056 περιστρέφων.
758 1004 811 1043 ἐπ’
829 1008 924 1056 ἀνδρὶ
942 1009 1104 1054 δυσμενεῖ
1125 1008 1220 1055 βάσιν
1238 1022 1304 1043 κυ-

286 1056 437 1091 κλοῦντα
462 1059 517 1090 Ai.
548 1054 590 1089 19
619 1056 725 1090 Schol.
756 1058 824 1089 Pal.
855 1057 1135 1104 περιεργόμενον.
1179 1055 1305 1090 κυκλεῖ

288 1103 326 1139 δὲ
344 1106 455 1138 πᾶσαν
474 1102 618 1138 οἰκετῶν
636 1102 864 1149 παμπληθίαν
878 1106 972 1137 Laoc.
988 1098 1034 1137 'fr.
1057 1102 1136 1143 342,
1158 1102 1179 1135 4
1197 1115 1305 1136 seeum

288 1153 401 1192 volvit,
424 1153 446 1184 i.
468 1161 498 1184 e.
516 1153 613 1183 turba
638 1153 860 1184 circumfusus
884 1153 1085 1191 ingreditur.
1124 1150 1242 1195 [Dind.
1273 1162 1300 1184 o.

280 1198 404 1232 'Reisk
425 1196 558 1244 κύκλῳ,
579 1199 649 1231 cod.
682 1200 802 1239 partim
825 1197 979 1241 κυκλοῆ.
1023 1199 1112 1231 Hinc
1134 1201 1305 1239 passivum

289 1251 359 1279 est:
389 1244 508 1280 ἴδεσθέ
527 1240 560 1290 μ’
579 1243 653 1279 οἷον
678 1248 774 1290 κῦμα
799 1243 1015 1292 ἀμφίδρομον
1040 1244 1220 1279 κυκλεῖται
1247 1247 1299 1278 Ai.

290 1291 429 1333 352m.,
451 1294 539 1335 quod
557 1303 636 1325 cave
653 1293 825 1334 deponens
843 1294 992 1325 medium
1009 1298 1120 1334 putes.
1160 1294 1305 1324 Volvitur

288 1343 376 1373 circa
391 1351 454 1381 me,
475 1341 497 1373 i.
516 1350 546 1373 e.
568 1341 851 1372 circumfunditur
869 1345 902 1372 et
921 1342 1059 1380 mergit:
1095 1339 1201 1386 ἤγουν
1220 1351 1305 1373 πον-

288 1386 370 1428 τίζει
417 1399 431 1420 ε
449 1385 536 1434 ἄρτι,
558 1392 596 1419 ut
616 1388 780 1428 scriptum
798 1389 832 1419 in
852 1389 953 1420 schol.
975 1389 1045 1420 Pal.
1091 1388 1178 1419 Male
1197 1389 1299 1420 schol.

289 1441 356 1468 vet.
380 1432 429 1468 ’τι
444 1433 542 1479 κῦμά
557 1446 588 1468 τι
607 1431 814 1480 ὑπολειφθὲν
834 1432 901 1468 ἀπὸ
919 1437 979 1468 τοῦ
991 1439 1165 1481 χειμῶνος
1179 1432 1305 1468 κυκλεῖ

289 1480 403 1516 αύτόν.
427 1501 468 1506 -
489 1483 639 1514 Tralate:
662 1479 770 1526 ούμὸς
789 1479 855 1515 αἰεὶ
872 1481 1005 1527 πότμος
1024 1480 1058 1515 ἐν
1078 1481 1196 1527 πυκνῷ
1220 1482 1302 1515 θεοῦ

287 1529 402 1577 τρόχῳ
427 1527 607 1563 κυκλεῖται
622 1527 681 1562 καὶ
700 1527 927 1573 μεταλλάσσει
945 1528 1043 1574 φύσιν
1060 1531 1126 1562 inc.
1150 1528 1229 1569 713,
1250 1527 1299 1569 2.,

288 1578 518 1618 adsignificata
535 1577 771 1616 mutabilitate,
784 1587 883 1617 quam
902 1578 1100 1617 exsequitur
1118 1578 1303 1608 accuratius

289 1626 439 1657 additum
462 1622 521 1657 καὶ
547 1620 774 1668 μεταλλάσσει
808 1621 918 1669 φύσιν.
948 1642 993 1647 —-
1020 1624 1056 1656 Si
1090 1625 1222 1665 quando
1250 1625 1302 1655 in-

289 1673 466 1705 transitive
492 1672 634 1710 dicitur,
665 1671 935 1702 subaudiendum
962 1681 1145 1711 pronomen
1164 1672 1301 1702 reflexi-

289 1729 380 1752 vum.
403 1716 530 1752 πολλαὶ
541 1715 707 1751 κυκλοῦσι
722 1716 843 1755 νύκτες
861 1715 988 1764 ἡμέραι
1004 1712 1033 1750 τ’
1050 1716 1119 1751 ἰ’σαι
1130 1719 1181 1750 ΕΙ.
1197 1716 1297 1750 1365.

291 1768 458 1799 Futurum
473 1767 623 1798 Atticum
643 1775 717 1797 esse
734 1766 860 1797 iniuria
878 1767 1017 1806 putabat
1037 1767 1167 1798 Schaet'.
1183 1778 1189 1797 z
1212 1766 1300 1796 idem

290 1821 403 1847 tamen
420 1818 510 1845 recte
528 1813 627 1853 cavit,
649 1822 691 1844 ne
708 1814 784 1854 quis
801 1813 908 1844 active
926 1814 1053 1845 dictum
1070 1823 1147 1844 cum
1165 1823 1302 1845 accusa-

290 1863 359 1894 tivo
375 1858 455 1898 τοὺς
476 1857 510 1892 ἐν
531 1857 625 1905 μέσῳ
643 1856 768 1906 λόγους
794 1861 1065 1900 coniungendum
1091 1865 1200 1901 putet.
1248 1857 1303 1892 ἐπὶ

291 1911 393 1953 πῆμα
407 1906 467 1941 καὶ
482 1904 573 1954 χαρὰ
589 1904 738 1952 [πήματι
754 1905 813 1939 καὶ
828 1909 933 1953 χαρᾶι
951 1905 1027 1951 LA]
1053 1909 1134 1940 πᾶσι
1150 1905 1303 1940 κυκλοῦ-

291 1966 340 1989 σιν
367 1952 441 1988 οἷον
460 1952 586 2001 ἄρκτου
607 1951 792 2001 στροφάδες
809 1951 971 1988 κέλευθοι
989 1955 1043 1986 Tr.
1067 1952 1130 1986 131
1152 1955 1203 1986 ch.
1240 1965 1304 1987 κυ-

291 2000 431 2036 κλοῦσιν
451 1999 507 2034 ἐπὶ
523 2003 635 2039 πᾶσιν,
656 2010 723 2033 non
743 1998 983 2035 ἐπικυκλοῡσιν
1017 1999 1072 2045 [ut
1092 2002 1165 2033 vult
1182 1998 1305 2045 Dind.]

292 2049 474 2090 iungenda.
505 2048 584 2089 „Eo
602 2050 693 2080 enim
711 2049 778 2080 fine
803 2049 908 2081 Ursae
934 2049 1157 2080 similitudine
1182 2050 1302 2087 utitur,

292 2101 332 2129 ut
355 2096 636 2138 quemadmodum
659 2096 741 2128 haec
768 2105 941 2137 nunquam
968 2106 1033 2127 non
1060 2106 1159 2137 supra
1185 2105 1244 2127 nos
1269 2097 1304 2127 in

293 2145 382 2177 caelo
399 2145 552 2182 vertitur,
575 2143 622 2175 ita
641 2152 743 2184 super
757 2144 923 2184 capitibus
946 2144 1069 2175 nostris
1095 2145 1196 2174 etiam
1221 2144 1306 2174 bona

293 2196 328 2224 et
344 2192 430 2223 mala
447 2194 610 2232 perpetuo
627 2199 704 2230 gyro
723 2191 809 2222 verti
826 2191 925 2222 dicat.
937 2191 958 2207 “
989 2191 1170 2221 Hermann.
1204 2190 1306 2222 Cete-
1323 2186 1324 2192 ¹

293 2248 366 2318 nim
386 2238 523 2270 Triclin.
545 2238 630 2270 male
646 2231 822 2277 κυκλοῦσ’,
843 2238 920 2270 Ald.
942 2242 976 2269 et
1000 2238 1093 2269 codd.
1125 2241 1205 2269 vett.
1241 2248 1307 2270 κυ-

293 2297 316 2319 κ
340 2295 446 2319 ουσιν.

366 2339 589 2381 Κυκλόεις
614 2343 817 2375 orbicularis.
857 2336 1044 2389 ”Αρτεμιν,
1083 2340 1104 2375 ἃ
1129 2335 1307 2375 κυκλόεντΊ

294 2389 421 2438 ἀγορᾶς
437 2387 560 2438 θρόνον
587 2387 712 2423 εύκλέα
737 2387 856 2423 θάσσει
881 2390 939 2422 OR
966 2387 1029 2422 161
1051 2390 1101 2422 ch.
1147 2390 1176 2421 A
1203 2391 1308 2421 forma

294 2440 372 2471 olim
398 2439 561 2479 fororum,
590 2438 648 2469 ubi
672 2438 781 2469 Diana
804 2438 937 2469 Boeotis
963 2438 1099 2478 publice
1123 2438 1303 2476 colebatur,

295 2487 443 2519 dictum:
466 2495 497 2517 V.
516 2485 659 2517 Casaub.
682 2485 722 2517 ad
742 2485 908 2525 Theophr.
932 2484 1018 2517 Char
1035 2494 1069 2525 p.
1093 2481 1171 2516 123.

365 2539 559 2580 Κύκλος.
595 2543 647 2574 De
664 2544 768 2575 forma
785 2553 874 2575 unus
892 2544 983 2575 locus
1001 2543 1159 2575 notabilis
1178 2544 1218 2575 fr.
1239 2543 1304 2574 inc.

296 2588 375 2631 731,
404 2600 470 2632 quo
494 2591 762 2632 metaplasticum
787 2587 901 2624 κύκλα
923 2591 1058 2630 legitur.
1099 2589 1231 2622 Servari
1257 2593 1308 2621 to-

295 2648 378 2670 num
390 2636 545 2670 observat
570 2637 634 2668 EM
659 2647 692 2678 p.
715 2633 795 2678 544,
816 2634 881 2677 22,
914 2638 1012 2679 isque
1036 2638 1148 2677 gravis
1167 2643 1239 2668 est:
1272 2647 1304 2668 v.

296 2686 373 2718 Arc.
394 2695 429 2726 p.
459 2681 521 2724 50,
546 2681 600 2716 19.
629 2681 694 2725 53,
722 2681 779 2717 26.
816 2685 856 2716 In
882 2686 947 2716 arsi
972 2686 1061 2726 prior
1078 2684 1202 2723 syllaba
1230 2693 1308 2724 pro-

295 2733 442 2773 ducitur,
462 2732 497 2764 in
516 2731 605 2763 thesi
623 2732 818 2773 corripitur:
840 2732 923 2763 illud
940 2741 1066 2771 rarum,·
1084 2741 1116 2763 ν.
1138 2731 1205 2762 inc.
1227 2727 1305 2762 731.

297 2796 342 2803 -
369 2778 576 2819 Significatio
603 2788 671 2810 una
698 2778 784 2810 orbis
801 2779 1005 2811 convertitur
1029 2779 1071 2810 ad
1095 2778 1196 2810 varia.
1226 2777 1240 2819 ΙΙ
1267 2777 1311 2808 Et

300 2836 410 2859 rerum
426 2825 536 2867 forma
552 2825 772 2857 rotundarum
787 2826 934 2866 primum
961 2826 1128 2865 significat
1151 2826 1251 2856 solem
1277 2827 1312 2856 et

297 2876 399 2906 astra.
445 2870 480 2905 ἐν
507 2869 618 2918 αἰθέρι
646 2869 740 2917 μέσῳ
766 2870 915 2918 κατέστη
932 2870 1092 2918 λαμπρὸς
1117 2869 1217 2916 ἡλίου
1247 2869 1311 2904 κύ-

295 2918 380 2957 κλος
398 2921 479 2952 Ant.
500 2916 580 2952 416.
601 2917 659 2953 τὸν
679 2917 867 2966 στρέφοντα
896 2916 1026 2952 κύκλον
1051 2916 1152 2964 ἡλίου
1178 2919 1219 2950 fr.
1241 2919 1308 2950 inc.

299 2964 378 3000 771.
423 2967 556 2999 Deinde
585 2967 730 2998 caelum:
755 2963 787 2999 τί
817 2965 875 3000 τὸν
902 2963 973 3000 ἄνω
990 2963 1143 3003 λεύσσεις
1160 2962 1308 3005 κύκλον;

297 3015 359 3047 Ph.
379 3011 460 3046 815.
489 3024 521 3046 v,
551 3013 665 3045 Herm.
702 3013 798 3046 Unde
823 3012 962 3045 ductum
987 3013 1123 3045 videtur
1148 3009 1313 3051 ἐξίσταται

298 3059 336 3094 δὲ
351 3060 475 3098 νυκτὸς
493 3057 568 3094 αἰαν
578 3058 586 3070 “
598 3072 613 3098 ς
629 3057 758 3098 κυκλὸς
770 3059 816 3106 τῇ
827 3057 1042 3104 λευκοπώλῳ
1056 3057 1180 3105 φέγγος
1194 3056 1311 3105 ἡμέρᾳ

299 3105 435 3154 φλέγειν
453 3107 508 3140 Ai.
530 3071 631 3139 673:
661 3108 748 3148 quod
765 3116 830 3138 non
849 3111 961 3148 potest
986 3107 1053 3138 nisi
1075 3107 1115 3138 de
1141 3107 1228 3138 caelo
1254 3106 1309 3136 in—

298 3155 406 3195 telligi
422 3155 526 3186 nocti-⁹
543 3154 678 3186 tenebris
691 3155 838 3186 involuto
857 3158 891 3186 et
909 3157 989 3186 tecto
1001 3179 1008 3192 ,
1038 3154 1129 3185 unde
1147 3163 1223 3185 cum
1241 3162 1307 3184 nox

299 3201 460 3242 discedit,
489 3202 619 3233 caelum
642 3201 751 3232 locum
777 3201 910 3233 dedisse
935 3201 1058 3232 dicitur
1081 3200 1204 3232 orienti
1230 3200 1302 3231 soli.

298 3248 420 3280 Fateor
444 3252 557 3280 tamen
582 3248 678 3279 valde
695 3248 837 3279 blandiri
862 3246 984 3284 νυκτὸς
1009 3244 1130 3291 αἰανῆς
1158 3244 1301 3286 κύκλος,

300 3299 338 3327 ut
356 3297 437 3327 luna
467 3295 675 3335 significetur
701 3295 762 3326 soli
786 3295 928 3334 cedens3
959 3303 1149 3335 quanquam
1183 3290 1303 3337 αἰανής

299 3343 427 3383 potiore
451 3343 517 3374 fide
542 3342 746 3382 habendum,
767 3351 798 3374 v,
821 3339 941 3386 αἰανής
960 3351 1060 3382 supra
1076 3350 1110 3381 p.
1131 3337 1187 3373 23.
1232 3339 1303 3371 Iam

297 3390 459 3430 frequens
475 3393 528 3421 est
544 3389 586 3420 de
602 3389 715 3420 oculis.
745 3388 919 3420 Rationem
928 3387 1180 3420 transferendae
1199 3388 1304 3427 signi-

297 3436 462 3469 ficationis
491 3438 653 3468 monstrat
675 3433 841 3479 ὀμμάτων
867 3432 1008 3472 κύκλοις
1041 3435 1123 3466 Ant.
1154 3430 1221 3466 974
1246 3434 1298 3466 ch.

1031 161 1234 212 Κυκλέω
1275 194 1319 198 --
1354 162 1608 212 Κυλλαίνω

1319 1752 1322 1764 ·
1340 1739 1395 1775 56.
1420 1743 1529 1774 Schol.
1545 1747 1611 1774 vet.
1628 1740 1717 1775 κατὰ
1734 1740 1844 1775 πάντα
1860 1740 1965 1775 τόπον
1983 1744 2044 1787 τῆς
2062 1738 2256 1778 ἐπαύλεως),

2022 173 2050 218 [1
2066 185 2100 217 p.
2113 171 2251 208 (κη-ι
2275 217 2288 239 Ἃ

1358 326 1399 374 ἀρ
1417 326 1527 361 ἐσαιὲν
1547 325 1635 374 ὁρῶν
1653 325 1783 364 κύκλος
1800 325 1936 360 λεύσσει
1951 338 2001 360 νιν
2028 324 2162 374 Μαρίου
2188 323 2278 366 Διός·

1335 339 1405 407 ἶ104
1423 376 1474 408 ch.
1504 378 1598 414 πῶς,
1626 375 1653 408 ὦ
1677 372 1720 407 τὰ
1738 368 1834 407 πάντ’
1855 372 1984 412 ἰδόντες
2001 372 2023 408 ἀ
2053 369 2087 421 φ’
2111 372 2190 419 ἐμοὶ
2212 373 2256 408 κύ

1336 416 1428 455 ταῦτ’
1441 419 1729 468 ἐξανασχήσεσθε,
1741 424 1848 455 τοῖσιν
1858 415 2009 468 Ἀτρέως
2039 418 2234 466 μὲξυνόντα
2243 431 2268 456 π

1339 470 1399 501 Ph.
1433 466 1533 501 1354.
1580 470 1690 501 Schol.
1719 466 1865 502 ἐνιαυτοί
1889 473 1925 501 et
1947 467 2069 515 χρόνοι
2093 470 2243 510 interpre

1339 516 1484 549 Brunck.
1506 526 1583 548 cum
1602 517 1765 548 Ratallero
1784 519 1872 548 astra
1889 517 2083 557 intelligens
2101 517 2242 548 circulos
2263 506 2288 555 d

1338 565 1517 602 mi‹·antes‚·
1539 564 1622 595 male
1640 567 1795 604 uterque,
1817 573 1893 594 cum
1911 572 2087 604 nunquam
2112 566 2201 595 astra
2226 572 2275 595 se

1341 611 1429 642 :olus
1453 614 1621 651 gestarum
1639 612 1674 642 in
1701 612 1780 642 orbe
1797 620 1908 642 rerum
1934 612 2032 642 testis
2057 611 2209 642 advocari
2235 606 2283 643 s··'

1336 278 1420 327 α”ρας
1443 280 1579 314 ἔπαισεν
1606 278 1717 327 ἄρθρα
1740 284 1808 313 τῶν
1828 277 1932 314 αὑτοῦ
1949 278 2090 314 κύκλων
2108 281 2166 314 OR
2185 267 2288 506 1273¹

1340 658 1411 688 Iam
1430 658 1596 690 Camerar.
1618 663 1708 689 recte
1726 658 1894 698 explicuit
1909 658 1950 689 de
1968 658 2084 697 oculis,
2104 658 2282 697 coniung

1340 714 1405 746 que
1431 710 1531 745 sunt,
1561 705 1671 736 deleta
1695 706 1970 745 interpunctione
1994 708 2071 746 post
2101 701 2225 737 κύκλοι
2267 718 2269 721 ·

1340 753 1457 792 posita,
1480 752 1507 785 ὦ
1525 749 1567 784 τὰ
1584 745 1681 785 πάντ’
1700 749 1829 788 ἰδόντες
1847 753 1954 784 ταῦτα
1969 749 2112 791 κύκλοι,
2138 751 2274 783 incide

1341 804 1453 830 autem
1473 803 1547 840 post
1572 801 1700 838 ταῦτα,
1730 799 1818 839 quod
1847 799 2110 830 demonstrative
2135 799 2269 831 dictum*

1340 846 1526 878 Philocteta
1544 856 1597 877 res
1615 847 1825 878 circumsitas
1843 847 2081 886 significante..
2105 863 2145 868 —
2180 845 2195 888 u
2218 843 2279 877 De

1341 903 1422 934 quac
1440 896 1475 925 ἱπ
1500 893 1608 925 orbem
1621 895 1731 934 posita
1748 896 1835 933 sunt,
1858 896 2056 924 conventum
2074 893 2220 925 maxime
2238 901 2256 924 e
2273 919 2280 927 .

1340 941 1452 971 calum
1470 941 1644 972 hominum
1664 940 1841 980 significat.
1888 938 1928 973 ἐκ
1943 938 2007 986 γὰρ
2026 938 2124 973 συνέδ
2133 950 2187 973 ιου
2212 950 2259 974 κα

1341 990 1499 1033 ραννικοῦ
1517 985 1649 1020 κύκλου
1662 983 1751 1020 Keil*
1768 999 1807 1025 ας
1827 985 1998 1031 μεταστάς
2009 988 2062 1019 Ai.
2077 985 2120 1019 75
2149 1013 2156 1020 .
2193 987 2255 1019 Sin
2284 997 2287 1000 ⁴

1339 1035 1492 1075 intellige
1510 1032 1699 1081 ἐρρηξάτην
1719 997 1768 1071 είς
1785 1031 1900 1068 κύκλα
1916 1031 2079 1080 χαλκέων
2098 1030 2215 1068 ὅπλων
2232 1035 2264 1066 fr

1342 1079 1406 1113 731
1435 1084 1470 1113 ἰη
1495 1083 1601 1113 orbem
1625 1084 1772 1113 virorum
1797 1085 2000 1113 armatorum
2026 1083 2214 1122 irruperunt
2236 1078 2273 1126 [ι.

1340 1130 1449 1161 locum
1467 1131 1611 1169 graviter
1630 1130 1677 1160 sic
1693 1130 1887 1160 immutavit
1897 1129 2067 1160 Herwerd.
2084 1141 2090 1160 ε
2115 1138 2266 1174 μεσομφ

1341 1175 1425 1223 δόρη
1444 1173 1632 1223 ἐρρηξάτην
1650 1173 1807 1209 κύκλοισι
1823 1173 1984 1221 χαλκέων
2005 1172 2149 1219 όπλων].
2169 1193 2210 1199 -
2236 1174 2273 1218 ss*

1340 1224 1539 1255 adverbialis
1576 1225 1711 1255 exstitit
1752 1224 1872 1255 dictio:
1929 1232 2005 1254 cum
2029 1223 2271 1264 praepositiou-'

1342 1265 1376 1314 μ’
1395 1268 1498 1308 εὐθὺς
1515 1270 1549 1304 ἐν
1567 1268 1687 1315 κύκλῳ
1707 1269 1847 1316 στρατὸς
1863 1268 2012 1314 ἐκβάντα
2025 1271 2092 1307 πᾶς
2108 1267 2242 1314 ὴσπάζε

1342 1315 1420 1350 356.
1465 1316 1643 1364 στείχοντα
1666 1315 1728 1363 γὰρ
1755 1314 1935 1363 πρόσωθεν
1962 1314 2063 1350 αὐτὸν
2089 1315 2124 1349 ἐν
2149 1313 2239 1350 κύκλ
2256 1327 2272 1358 '.'=

1340 1361 1459 1402 θόντες
1478 1363 1615 1411 ἀμφέστ
1644 1375 1702 1397 σαν
1728 1365 1783 1397 Ai.
1815 1361 1882 1396 723
1901 1376 1908 1404 3
1931 1365 2005 1396 sine
2024 1365 2269 1408 praepositioni.

1344 1413 1424 1444 Lob.
1447 1413 1542 1444 Path.
1562 1409 1592 1452 1,
1606 1376 1674 1444 6¹25)
1692 1409 1762 1455 sq.]
1789 1412 1992 1457 φονώσαισιν
2011 1408 2217 1458 ἀμφιχανὼν
2249 1414 2261 1436 ¹⁴

1339 1457 1481 1505 λόγχαις
1500 1455 1695 1492 ἑπτάπυλον
1725 1457 1835 1503 στόμα
1859 1459 1941 1491 Ant.
1973 1455 2039 1489 118
2069 1459 2122 1490 ch.
2152 1458 2222 1491 cod.

1339 1499 1543 1546 κυκλώσας,
1572 1516 1637 1548 quo
1662 1507 1791 1538 scilicet
1817 1508 1916 1538 verbo
1935 1503 2140 1551 ἀμφιχανὼν
2158 1503 2201 1538 κύ
2257 1517 2272 1547 Q

1340 1554 1500 1594 plicatum
1518 1556 1558 1586 ab
1576 1554 1687 1594 aliquo
1707 1555 1826 1586 suerat.
1863 1550 1983 1597 κύκλῳ
2024 1551 2065 1599 ἀρ
2084 1550 2185 1586 αὐτὸν
2197 1547 2235 1586 Μ
2250 1557 2262 1572 ”

1340 1598 1430 1638 ἅπας
1447 1599 1536 1638 λεὼς
1554 1598 1661 1646 κρίνει
1678 1598 1854 1646 παραστάς
1872 1601 1927 1632 Tr.
1952 1564 2030 1634 194.
2069 1597 2139 1647 ὁρῶ
2166 1609 2255 1646 περι

1339 1646 1457 1693 κύκλῳ
1485 1646 1620 1681 πάντων
1647 1642 1696 1680 όσ’
1722 1646 1808 1681 ἐστὶν
1833 1644 1967 1681 ἀνθέων
2000 1644 2116 1692 θήκην
2139 1657 2206 1680 πατ
2233 1662 2240 1675 e
2262 1651 2264 1655 '

1339 1692 1418 1728 895.
1459 1695 1512 1727 Sic
1531 1696 1791 1734 intelligendum
1806 1695 1846 1726 de
1864 1695 1968 1726 Aiace
1992 1691 2111 1738 κύκλῳ
2131 1657 2260 1740 pay-i}

1341 1789 1408 1829 ζων
1426 1787 1485 1823 καὶ
1502 1788 1707 1823 διακόπτων.

1339 1839 1504 1869 nimento:
1543 1835 1580 1870 εὖ
1606 1847 1643 1882 γε
1679 1835 1836 1883 στοχάζει
1859 1834 2144 1881 κάποφράγνυσαι
2168 1833 2210 1868 κύ
2253 1850 2259 1882 χ

1339 1886 1481 1931 πρᾶγμα
1498 1887 1579 1916 Ant.
1601 1881 1666 1916 241
1688 1884 1727 1915 ab
1746 1886 1836 1915 omni
1850 1886 1945 1924 parte
1961 1892 2065 1914 caves.

1754 1790 1799 1820 Et
1815 1790 1932 1820 tralate
1950 1789 2079 1820 dictum
2096 1789 2193 1830 quasi
2224 1802 2230 1815 ι
2258 1799 2266 1816 .—

1413 1949 1445 1987 K
1455 1965 1473 1986 υ
1483 1965 1506 1987 κ
1515 1951 1535 1986 λ
1544 1954 1573 1987 ώ
1584 1964 1608 1986 π
1618 1964 1633 1985 ε
1645 1963 1681 1987 ιο
1693 1965 1708 1991 ς
1730 1953 1914 1994 Cyn-copias.
1942 1950 2094 1990 κύκλους
2111 1951 2171 1986 καὶ
2185 1963 2205 1984 τ
2232 1968 2249 1986 ι».

1339 1998 1382 2034 τὰ
1398 1999 1508 2047 τείχη.
1545 2000 1705 2047 τροχὸν
1725 1999 1815 2033 δὲτὸ
1839 2002 1976 2046 τεῖχος,
2004 2000 2052 2037 ὡς
2078 1997 2165 2046 Σοφ.
2181 1961 2258 2045 ‘fh‘

1340 2046 1399 2091 (fr.
1415 2049 1513 2080 Herc.
1529 2049 1634 2080 Taen.
1647 2046 1733 2092 222)
1750 2043 2045 2081 Κυκλώπειον
2063 2045 2221 2094 τροχόν
2239 2083 2245 2090 ,

1341 2096 1452 2134 chius,
1473 2096 1605 2127 moenia
1623 2096 1736 2127 nescio
1761 2097 1860 2127 cuius
1877 2096 1972 2126 urbis
1991 2094 2148 2137 Cyclopia
2164 2103 2255 2136 resp

1343 2153 1361 2174 a
1390 2142 1491 2184 Soph.
1514 2148 1707 2175 memorata.

1415 2193 1636 2238 Κύκνειος
1662 2202 1818 2232 olorinus.
1853 2198 1970 2234 πτίλον
1996 2198 2153 2234 κύκνειον
2179 2201 2220 2232 fr.

1344 2249 1480 2289 dosoph.
1501 2246 1549 2291 (ν.
1573 2245 1723 2292 βαθμός)
1742 2248 1784 2280 de
1802 2249 1880 2280 Iove
1900 2248 2012 2279 Ledae
2031 2251 2190 2280 amatore.
2250 2242 2259 2284 J.

1392 2300 1605 2344 Κῦκνῖτις
1622 2306 1707 2348 quod
1731 2306 1837 2348 Cycno
1856 2310 1913 2338 est.
1945 2306 2063 2348 Steph.
2092 2306 2173 2346 Byz.
2199 2307 2257 2346 κζ]

1344 2351 1456 2401 [χώρα
1473 2351 1661 2391 Θεσσαλίας
1680 2354 1775 2386 addit
1799 2351 1988 2431 MeinekAE:
2017 2351 2060 2398 ἧς
2086 2350 2255 2387 ὁκύκνο

1346 2394 1489 2434 σίλευσε.
1545 2396 1630 2446 Σοφ.
1660 2400 1694 2434 έν
1721 2398 1835 2446 Πηλεῖ
1858 2398 1917 2444 (fr.
1970 2397 2031 2444 39)
2063 2398 2122 2433 καὶ
2151 2397 2186 2432 έν
2235 2434 2238 2445 ,-

1342 2446 1398 2491 (fr.
1421 2444 1524 2491 457):
1566 2444 1660 2499 Βοὴν
1689 2444 1865 2482 Κυκνῖτιν.
1912 2448 2009 2486 Quod
2040 2448 2244 2488 interpret·

1345 2493 1362 2528 ὁ
1382 2492 1519 2532 Κύκνος
1539 2492 1750 2539 ἐβασίλευσε,
1772 2504 1888 2526 ansam
1913 2495 2009 2526 nobis
2036 2493 2249 2535 corrigendi.

1346 2543 1452 2582 dedit,
1475 2544 1517 2574 cf.
1541 2540 1606 2586 βοή
1625 2547 1660 2574 et
1676 2539 1772 2588 γύης.

1416 2597 1478 2634 K&
1490 2598 1623 2633 λίνδω
1645 2604 1682 2631 et
1697 2597 1807 2632 κυλίω
1827 2600 1933 2631 volvo.
1971 2598 2058 2632 ὥστε
2076 2596 2224 2635 ποντίαις
2235 2592 2243 2599 ”’

1346 2645 1527 2684 δυσπνόοις
1554 2644 1632 2680 ὅταν
1653 2640 1856 2694 Θρῄσσαισιν
1884 2645 2002 2693 ἔρεβος
2028 2643 2158 2691 ὕφαλον
2184 2639 2233 2678 ἐ·-

1346 2697 1479 2734 πνοαῖς,
1494 2691 1643 2727 κυλίνδει
1659 2690 1824 2737 βυσσόθεν
1842 2691 2004 2726 κελαινὰν
2023 2691 2104 2727 θῖνα
2120 2693 2203 2725 Ant.
2223 2687 2238 2717 ι’

1349 2741 1543 2774 Passivum:
1570 2740 1608 2774 τὸ
1634 2739 1661 2773 δ’
1688 2739 1789 2786 ἔγχος
1817 2737 1852 2772 ἐν
1878 2739 1974 2774 ποσὶν
1999 2738 2191 2773 κυλίνδεται
2222 2745 2244 2762 ²⁷

1347 2786 1426 2829 872,
1449 2789 1538 2829 quod
1557 2788 1599 2819 ad
1617 2789 1817 2819 Nausicaam
1835 2788 2055 2819 referendum
2080 2796 2156 2818 esse
2180 2785 2213 2818 d
2228 2798 2239 2811 ν

1348 2837 1383 2867 in
1401 2846 1432 2867 v.
1456 2834 1569 2881 ἔγχος.
1591 2852 1636 2857 -
1655 2832 1695 2867 ἐκ
1711 2831 1936 2892 τροχηλάτων
1956 2832 2082 2880 δίφρων
2100 2830 2234 2866 κυλισ

1349 2880 1404 2915 50.
1424 2879 1599 2918 κυλισθεὶς
1625 2881 1670 2918 ὥς
1694 2892 1744 2918 τις
1769 2892 1846 2918 ονος
1874 2879 2046 2927 ἰσόσπριος
2071 2880 2175 2921 ΟοΡΙι.
2199 2878 2245 2913 ἡ·

1349 2930 1555 2970 Antiquam,
1591 2932 1630 2960 ut
1661 2932 1928 2960 consentaneum
1955 2931 2046 2967 erat,
2084 2927 2176 2958 verbi

1347 2978 1487 3008 formam
1513 2979 1727 3007 consectatus
1756 2975 1879 3016 Soph.‚
1910 2985 1996 3015 quae
2028 2976 2188 3013 barytona
2230 2989 2231 2993 =

1349 3023 1534 3055 Aristarch.
1557 3033 1609 3063 ap.
1633 3023 1734 3054 schol.
1756 3022 1795 3053 Il.
1818 3033 1835 3067 ρ
1853 3019 1933 3054 688.
2079 3019 2111 3063 (Ι
2128 3029 2162 3061 p.
2184 3016 2217 3051 1·

1418 3085 1554 3131 Κύλιξ
1594 3093 1691 3124 calix.
1886 3088 2007 3124 αθεῖαν
2048 3087 2197 3123 κυλίκων
2224 3105 2230 3119 -.

1348 3137 1425 3184 ἐμοὶ
1441 3137 1556 3185 τέρψιν
1575 3136 1707 3183 ὁμιλεῖν
1734 3139 1788 3170 Ai.
1812 3135 1854 3169 12
1880 3135 1902 3169 Ο
1926 3138 1977 3169 ch.
2008 3148 2038 3168 v,
2070 3134 2236 3183 &sufflas

1344 3184 1442 3231 βαιᾶς
1465 3173 1606 3223 κύλικος
1641 3186 1737 3226 Capt.
1776 3186 1817 3216 fr.
1844 3181 1889 3216 49
1923 3181 2168 3220 ἀπυνδάκωτος
2206 3198 2239 3230 ι’.

1342 3232 1503 3273 πεζοῧται
1519 3230 1615 3271 κύλιξ
1634 3233 1777 3272 Triptol.
1799 3228 1863 3263 541
1886 3242 1914 3261 v.
1945 3229 2201 3266 ἀπυνδάκωτος.
2215 3232 2228 3256 “.

1341 3284 1483 3312 accentu
1502 3281 1690 3320 generatim
1709 3279 1805 3311 docet
1823 3279 1901 3309 Arc.
1920 3287 1952 3318 p.
1977 3274 2031 3318 18,
2055 3275 2097 3309 18
2115 3281 2150 3308 et
2168 3271 2211 3308 19
2229 3281 2239 3323 J

1752 3087 1830 3124 οὔτε

1411 3334 1606 3372 Κυλλαίν
1617 3351 1655 3371 ω.
1672 3331 1769 3371 ἔσαιν’
1790 3331 1843 3369 ἐπ’
1862 3333 1963 3381 οὐρὰν
1974 3336 2045 3368 ὦτα
2053 3331 2247 3373 κυλλαίνυζ,

1339 3386 1483 3418 Phaedr.
1521 3386 1564 3418 fr.
1593 3381 1677 3425 6193
1702 3395 1755 3426 ap.
1784 3384 1931 3422 Hesych.
1970 3383 2178 3424 explicatum

1337 3429 1556 3477 καταβαλών.
1578 3433 1649 3464 cod.
1671 3428 1874 3465 κυθλάννων
1891 3428 1950 3463 καὶ
1968 3428 2019 3463 τό.
2214 3446 2219 3453 ·
2235 3427 2238 3431 ’
