2288 3600
182 134 281 181 656

910 130 1172 198 Προδίδωμι
1199 159 1266 166 -
1294 130 1544 198 Πρόκειμαι

1913 142 1961 189 [11
1978 153 2012 185 p.
2029 140 2247 189 ess-1640]

179 249 228 280 rei
260 248 446 279 constituta
473 251 546 288 est,
583 248 649 279 nisi
678 254 717 280 ut
745 249 870 280 monita
897 252 1048 290 tempore
1079 248 1190 289 priora
1223 244 1326 292 τήνδε
1343 246 1407 292 τὴν
1426 243 1620 292 προθυμίαν
1639 247 1694 279 Ai.
1711 244 1791 280 583.
1822 247 1860 281 σὲ
1875 249 1934 281 νῦν
1953 246 2016 294 μὲν
2032 246 2155 296 ἥδεγῆ
2171 260 2243 284 σω-

179 304 272 335 esse,
305 304 406 335 quam
433 294 523 335 quod
550 295 630 326 inde
659 295 827 327 redundet
854 296 1018 328 factorum
1046 294 1185 327 indicet.
1224 296 1314 339 τῆρα
1331 287 1450 340 κλῄζει
1466 296 1529 340 τῆς
1547 292 1656 339 πάρος
1683 291 1878 340 προθυμίας
1904 295 1962 328 OR
1977 293 2034 329 48.
2052 300 2244 338 promptum

183 342 237 384 [cf.
266 342 306 374 de
324 351 389 373 usu
413 341 559 374 Brunck.
594 341 636 373 ad
663 343 836 384 Aristoph.
865 342 953 374 Nub.
975 340 1054 375 987.
1090 343 1189 383 eique

179 389 411 421 adversantem
433 389 618 420 Weiskium
641 390 677 420 in
694 390 915 431 praemonitis
933 390 973 422 de
998 390 1190 430 pleonasmo

180 436 237 469 Gr.
258 446 291 477 p.
316 433 391 468 182.
444 436 582 477 Bonitz,
611 436 767 476 Beitr'age
791 433 904 479 (1856)
924 447 959 478 p.
980 434 1036 469 28.
1059 439 1092 468 et
1110 447 1142 467 v.
1163 438 1186 468 i.

178 480 443 529 προμανθάνω.]
468 480 491 528 ἡ
517 483 610 528 κακή
631 482 673 528 σή
762 481 858 531 ψυχή
876 495 926 517 νιν
949 476 1084 529 &spodi-2³
1111 481 1191 516 ὄντα

178 528 241 563 κού
258 527 396 564 θέλονθ“
414 527 509 574 ὅμως
534 528 571 563 εὖ
589 528 810 576 προυδίδαξεν
836 529 871 564 έν
888 533 1011 568 κακοῖς
1028 528 1113 564 εἶναι
1131 540 1191 564 σο-

178 575 241 623 φόν
260 577 319 609 Ph.
335 574 435 609 1015.
464 575 503 610 οὐ
519 575 660 611 δυνατὸν
677 576 756 615 τοὺς
773 576 941 623 ἀνοήτους
958 577 1089 612 τούτων
1102 577 1193 624 γνώ-

179 636 245 670 μας
261 621 497 669 προδιδάσκειν
517 625 571 657 Ai.
594 622 660 657 163
678 635 732 657 an.
756 643 795 649 —
825 626 992 657 Medium:
1020 625 1066 659 ὧν
1087 624 1104 659 ὁ
1123 623 1191 671 θήρ

180 682 222 715 με
246 667 440 717 Κένταυρος
466 669 733 717 προυδιδάξατο,
768 676 910 718 παρῆκα
933 669 1072 718 θεσμῶν
1092 670 1191 706 οὐδέν

180 718 235 750 Tr.
256 715 335 751 681.
366 719 475 752 Sensu
492 720 552 752 hoc
569 722 610 752 ab
629 721 735 752 activo
760 729 827 752 non
845 721 978 762 differt,
1009 724 1046 752 ut
1074 730 1191 752 aveam

179 767 284 806 scire,
316 767 478 807 quomodo
506 768 622 808 Apitz.
653 765 710 810 (ad
734 777 765 799 v.
798 764 878 800 462.
911 778 945 809 p.
977 764 1057 800 201.
1090 764 1192 811 202.)

178 822 359 854 pronomen
377 813 558 846 desiderari
576 816 611 846 in
626 815 687 846 hoc
705 818 739 846 et
757 815 924 847 similibus
942 815 1109 855 exemplis
1127 815 1192 846 sibi

178 862 395 901 persuaserit.
445 861 542 893 Certe
576 859 697 895 ἑαυτόν
731 863 959 894 subaudiendo
992 863 1193 904 ineptiveris

178 917 396 949 magnopere,
434 906 497 953 ἐμέ
524 909 745 949 intelligendo
779 919 845 941 non
876 910 1058 952 expeditur
1091 910 1193 942 medii

178 964 276 988 usus

251 1007 503 1059 Προδΐδωμι
541 1015 656 1056 prodo.
698 1015 896 1056 Quanquam
926 1017 1008 1048 haec
1035 1016 1193 1056 primaria

180 1061 380 1101 significatio
408 1071 474 1094 non
505 1063 663 1094 convenit
691 1064 818 1103 optime
848 1064 915 1095 nisi
943 1064 1004 1095 uni
1036 1064 1192 1103 exemplo

177 1109 322 1148 passivi,
364 1105 531 1142 ἀπόλωλα
562 1107 724 1154 τλήμων,
767 1108 979 1155 προδέδομαι
1012 1110 1072 1142 Ph.
1110 1107 1190 1142 923.

181 1155 339 1187 Plurimis
357 1155 524 1188 deserendi
540 1157 697 1198 inprimis
715 1156 821 1199 officii
834 1183 841 1197 ,
875 1158 962 1199 quod
979 1158 1058 1199 quis
1077 1167 1193 1190 susce-

181 1202 244 1243 pit.
275 1201 324 1247 μή
343 1213 387 1247 με
402 1201 576 1248 ταρβήσας
594 1203 729 1250 προδῶς
755 1204 816 1237 Ph.
838 1203 918 1238 757.
940 1203 1028 1250 ἀνὴρ
1109 1214 1195 1249 προ-

181 1246 261 1286 δούς
281 1243 315 1294 μ’
333 1247 424 1283 ἔοικε
440 1248 618 1285 κάκλιπὼν
634 1250 691 1285 τὸν
709 1249 817 1285 πλοῦν
835 1249 964 1286 στελεῖν
983 1249 1063 1285 911.
1117 1253 1192 1284 Vio-

183 1297 242 1327 lati
259 1295 364 1338 officii
391 1299 428 1329 in
453 1296 601 1343 προδούς
620 1300 670 1330 vis
694 1300 802 1339 inest,
841 1300 931 1331 unde
956 1300 1068 1332 deseri
1084 1301 1194 1332 homi-

183 1352 261 1375 nem
279 1345 443 1385 sequitur.
483 1343 610 1383 ἐννοεῖς
626 1343 722 1390 ἡμᾶς
746 1357 770 1379 π
796 1343 931 1380 οδοῦναι
956 1347 1014 1380 OR
1032 1344 1111 1379 331.
1154 1343 1193 1380 οὔ

184 1400 220 1423 σε
244 1388 293 1435 μὴ
318 1389 436 1436 προδῶ
462 1392 517 1425 OC
543 1389 622 1426 649.
656 1391 670 1401 Ὗ
700 1404 765 1438 προ
790 1393 912 1435 ώσετε;
942 1391 1020 1427 822.
1045 1393 1093 1439 μή
1112 1404 1195 1427 ποτε

181 1448 206 1470 π
230 1435 369 1471 οδώσειν
399 1433 494 1472 τάσδ’
527 1437 615 1473 ἑκών
635 1438 651 1471 1
681 1437 736 1473 34.
780 1438 845 1474 *οὐ
872 1439 936 1487 γὰρ
965 1439 1008 1486 δὴ
1036 1437 1196 1486 προδοῦσ’

182 1447 363 1531 ἁλώσομαι
387 1487 468 1519 Ant.
497 1484 554 1521 46.
589 1487 728 1529 [notavit
751 1489 945 1531 Didymus]
972 1488 1021 1535 μή
1047 1487 1195 1535 προδοὺς

181 1530 275 1577 ἡμᾶς
291 1531 363 1578 γέν,
390 1534 445 1565 Ai.
467 1531 546 1566 588.
583 1533 641 1568 τὸν
660 1532 768 1568 δειλία
793 1533 964 1582 προδόντα
988 1535 1047 1569 καὶ
1063 1547 1196 1569 κακαν-

181 1576 258 1625 δρίᾳ
276 1591 312 1613 σε
331 1543 432 1613 1314.
461 1579 592 1629 πατέρα
608 1580 666 1615 καὶ
692 1568 813 1629 φίλους
839 1581 1016 1627 προδοῦσα
1033 1581 1112 1621 σούς
1138 1584 1191 1616 ΕΙ.

182 1623 262 1659 368.
307 1627 469 1661 Similiter
502 1639 578 1661 cum
611 1630 814 1669 metonymia
840 1631 881 1662 de
906 1631 1012 1662 animi
1036 1632 1195 1663 sensibus

180 1673 310 1706 dictum
327 1674 374 1712 ὡς
390 1674 516 1722 ταχεῖά
531 1687 582 1714 τις
606 1674 743 1756 {go-roi<
761 1675 861 1724 χάρις
878 1675 1009 1724 διαρρεῖ
1032 1676 1090 1712 καὶ
1107 1689 1196 1724 προ-

182 1715 275 1754 δοῦσ’
291 1719 465 1755 ἁλίσκεται
481 1723 536 1755 Ai.
561 1720 604 1755 12
655 1750 662 1757 .
684 1742 725 1748 —
744 1725 1008 1765 Adsignificatur
1026 1728 1062 1757 in
1076 1725 1196 1758 discri-

181 1778 257 1800 men
276 1769 382 1801 dandi
405 1780 433 1802 s.
458 1770 620 1810 perdendi
637 1773 738 1804 notio.
768 1767 820 1805 ἐπ’
837 1770 974 1818 ἀργύρῳ
993 1783 1031 1819 γε
1046 1771 1110 1818 τὴν
1128 1771 1196 1819 ψυ-

181 1813 250 1861 χήν
279 1814 428 1861 προδούς
457 1818 539 1850 Ant.
561 1815 640 1851 322.
682 1819 799 1851 Simile
824 1824 876 1851 est
901 1819 962 1857 τὰς
987 1818 1051 1866 γὰρ
1069 1818 1197 1864 ἡδονὰς

183 1861 261 1896 ὅταν
278 1862 448 1908 προδῶσιν
467 1861 587 1910 α”νδρες
604 1863 706 1899 1166.
735 1867 828 1899 Libri
846 1864 967 1913 ἀνδρός
985 1877 1061 1899 cum
1074 1868 1198 1899 distin-

185 1910 295 1942 ctione
312 1912 475 1953 apposita.

253 1965 453 2015 Προδότη
465 1980 481 2007 ς
503 1971 653 2011 proditor
675 1973 698 2004 i.
719 1982 748 2004 e.
782 1973 862 2004 fidei
879 1973 976 2005 datae
995 1973 1144 2006 desertor
1162 1978 1197 2005 et

185 2016 334 2049 violator.
365 2014 455 2050 ὀκνῶ
474 2016 645 2064 προδότης
662 2016 846 2053 καλεῖσθαι
863 2020 926 2053 Ph.
947 2017 1004 2051 94.
1044 2022 1096 2052 De
1120 2026 1198 2052 tono

184 2073 216 2095 v.
237 2062 304 2095 EM
320 2073 353 2105 p.
375 2060 464 2104 435,
485 2061 543 2098 49.

255 2119 285 2157 Π
296 2122 340 2169 ρό
353 2121 371 2156 δ
384 2135 483 2162 οτος
503 2124 675 2165 proditus,
705 2125 851 2157 desertus
875 2129 905 2157 et
931 2136 990 2167 ope
1007 2127 1194 2160 destitutus.

183 2170 247 2202 Illa
263 2171 506 2211 significatione
525 2172 649 2204 dicitur
667 2167 914 2219 ”Αγαμέμνονα
939 2173 1035 2219 κακᾷ
1058 2186 1094 2207 τε
1110 2174 1199 2222 χειρὶ

184 2215 351 2263 πρόδοτον
368 2218 424 2252 El.
448 2215 514 2251 126
532 2219 583 2251 ch.
611 2219 708 2251 foeda
726 2224 832 2252 morte
850 2230 918 2252 una
944 2222 1194 2262 comprehensa.

183 2265 300 2297 Altera
316 2262 485 2304 θανάτους
503 2264 611 2303 αἰκεῖς
629 2264 785 2311 διδύμαιν
801 2269 931 2314 χειροῖν
943 2295 951 2309 ,
980 2266 1016 2302 αἳ
1038 2267 1095 2302 τὸν
1114 2268 1198 2314 ἐμὸν

184 2309 276 2345 εἶλον
294 2309 366 2357 βίον
384 2310 549 2358 πρόδοτον
566 2310 635 2346 207
653 2324 696 2346 m.
717 2312 884 2360 πρόδοτος
903 2313 941 2349 δὲ
959 2315 1047 2360 μόνα
1065 2314 1200 2350 σαλεύει

184 2351 355 2407 Ἠλέκτρα
375 2356 464 2392 1074
484 2361 536 2393 ch.
975 2361 1026 2406 (ΙΙ
1042 2373 1076 2405 p.
1098 2361 1199 2407 639.)

257 2413 287 2451 Π
299 2428 317 2463 ρ
327 2416 344 2451 ό
354 2416 371 2450 δ
383 2428 400 2463 ρ
411 2429 428 2452 ο
441 2430 466 2463 μ
476 2430 494 2453 ο
505 2430 521 2456 ς
538 2429 757 2460 praecurrens
773 2421 874 2462 alios,
895 2421 1071 2461 festinam.
1101 2426 1199 2467 φῶτα

189 2463 384 2544 ,1.Ο8φυγὶάδα
400 2464 594 2511 πρόδρομον
613 2464 760 2513 ὀξυτέρῳ
777 2467 946 2513 κινήσασα
962 2466 1098 2516 χαλινῷ
1112 2470 1193 2502 Ant.

283 2521 299 2544 c
328 2537 335 2544 .

255 2569 293 2590 ⁸⁸*
303 2567 333 2604 Π
344 2581 361 2616 ρ
371 2581 414 2604 οε
425 2581 435 2604 ι
446 2581 470 2604 π
481 2582 496 2604 ε
508 2573 560 2606 ῖν.
589 2575 746 2618 προερεῖν
772 2575 864 2605 enim
881 2584 958 2606 cum
979 2584 1046 2606 non
1065 2584 1198 2615 compa-

186 2621 276 2659 reat,
303 2618 385 2650 illuc
409 2623 629 2659 quaerentes,
658 2623 695 2651 ut
712 2621 855 2652 fecimus
874 2622 909 2652 in
927 2620 1056 2662 εἰπεῖν,
1085 2632 1199 2653 aman-

187 2664 264 2696 dare
283 2674 350 2696 non
375 2666 568 2706 potuimus:
598 2676 660 2698 nec
686 2670 849 2712 προεῖπαι
872 2677 995 2709 ponere
1021 2670 1200 2700 convenie-

186 2712 260 2752 bat,
293 2713 382 2752 quod
410 2713 438 2744 is
467 2713 660 2745 infinitivus
678 2724 742 2746 usu
759 2725 823 2746 non
842 2716 976 2747 teritur.
1020 2715 1069 2762 τῷ
1086 2714 1199 2761 κηρύ-

185 2769 289 2804 γματι
304 2753 395 2805 ᾧπερ
419 2761 587 2804 προεῖπας
606 2758 763 2806 ἐμμένειν
789 2761 847 2794 OB.
864 2759 944 2794 351.
980 2763 1074 2794 Libri
1091 2773 1199 2809 προσ-

185 2807 301 2843 εῖπαςε
329 2806 417 2838 illud
432 2806 577 2839 Brunck.
603 2809 731 2849 reperit
755 2809 796 2840 de
822 2820 906 2854 προς
924 2813 959 2841 et
981 2821 1047 2855 προ
1065 2819 1197 2851 compo-

186 2853 328 2885 sitorum
345 2863 446 2894 saepe
463 2855 778 2887 confusis-monens.
807 2856 903 2888 Adde
917 2857 1033 2888 Herm.
1054 2857 1097 2889 ad
1110 2857 1194 2889 Eur.

187 2899 233 2931 ΙΤ
259 2896 338 2934 363.

258 2954 521 3005 Προεννέπω
546 2970 577 2991 V.
607 2959 820 3005 προυννέπω.

258 3013 582 3063 Προεξεφίεμαι
607 3029 639 3051 v.
660 3017 912 3065 προυξεφίεμαι.

258 3070 442 3123 Προέχω
468 3086 499 3107 v.
527 3073 683 3124 προὺχω.
803 3113 807 3116 ,

258 3129 287 3166 Π
299 3143 316 3180 ρ
326 3132 490 3180 οηγητή
502 3145 518 3170 ς
534 3134 612 3167 dux.
632 3137 707 3173 τοῖς
722 3146 761 3169 τυ
790 3133 882 3170 λοῖσι
896 3135 959 3183 γὰρ
974 3134 1060 3183 αὕτη
1074 3134 1199 3170 κέλευ-

187 3178 250 3218 θος
268 3179 308 3213 ἐκ
325 3182 523 3226 προηγητοῦ
540 3179 636 3214 πέλει
661 3183 742 3215 Ant.
787 3180 842 3216 90.
874 3181 995 3229 ῥώμης
1019 3195 1056 3230 γε
1083 3183 1200 3229 μέντοι

185 3225 244 3260 καὶ
261 3230 460 3273 προηγητοῦ
473 3226 562 3265 τινὸς
581 3227 688 3262 δεῖται
704 3230 762 3262 OR
781 3226 881 3262 1292.
903 3231 1051 3272 Oedipus
1068 3241 1196 3264 caecus.

226 3326 228 3328 ,
258 3292 288 3330 Π
328 3293 584 3342 οθῦμέομαι
608 3301 716 3339 cupio.
747 3298 781 3333 έν
801 3298 851 3337 οἷς
875 3298 1007 3348 χαίρειν
1024 3299 1201 3348 προθυμεῖ

139 3364 142 3367 -
191 3343 247 3375 Tr.
271 3340 287 3375 1
317 3340 371 3375 19.

258 3398 286 3435 Π
298 3412 316 3448 ρ
326 3413 344 3435 o
354 3399 377 3436 θ
386 3400 406 3434 ὖ
416 3399 493 3447 μία
525 3405 631 3436 animi
657 3406 860 3445 proclivitas.
904 3400 1024 3440 δέδοικ’
1059 3405 1197 3440 ἀκούων

1225 342 1267 373 ad
1296 341 1502 383 praesidium
1527 341 1707 373 ferendum
1732 343 1884 375 animum
1908 343 2009 384 dicit,
2039 353 2105 386 quo
2124 344 2241 377 eodem

1226 391 1265 420 ut
1283 398 1374 420 nunc
1398 398 1472 420 esse
1498 389 1601 430 velit,
1629 389 1749 420 chorus
1774 393 1856 423 orat.
1901 391 2014 432 Longe
2037 391 2243 433 exquisitius

1227 436 1304 477 hoc,
1327 445 1428 476 quam
1445 436 1533 477 quod
1550 436 1712 468 Elmsleio
1729 446 1772 468 ex
1790 437 1877 469 Flor.
1899 433 1926 472 Γ
1947 438 2052 480 recipi
2072 439 2239 480 placebat,

1226 494 1250 515 π
1274 480 1435 528 ομηθίας.
1465 501 1507 506 ——
1533 481 1756 528 πεφασμένου
1780 481 1818 517 δὲ
1834 481 1886 522 τίς
1904 479 1983 519 ποθ’
2002 482 2026 530 ἡ
2043 483 2241 531 προθυμίας

1227 493 1307 563 838.
1347 530 1494 563 Sensum
1518 531 1604 563 bene
1623 531 1771 572 explicat
1788 532 1895 571 glossa
1916 530 1948 565 τί
1965 529 2058 566 διανο
2070 531 2086 539 ”
2101 530 2242 578 δρᾶσαι;

1227 578 1280 610 Ad
1297 579 1472 610 consilium
1498 577 1618 618 cupide
1643 578 1843 618 capiendum
1859 580 2015 612 refertur.
2060 544 2148 614 Rure
2172 578 2244 626 μή·

1227 618 1300 658 ποτ’
1326 622 1366 658 ἂν
1392 622 1587 669 προθυμίαν
1613 622 1744 670 ἄδηλον
1771 623 1872 672 ἔργου
1889 625 1942 672 τῷ
1964 625 2163 673 παραινέσαι
2180 625 2245 661 λα-

1228 670 1298 717 βεῖν
1319 673 1373 704 Tr.
1395 669 1473 704 669.
1497 690 1539 696 —
1566 673 1617 704 De
1635 673 1687 704 ΕΙ.
1710 669 1788 705 990.
1811 684 1843 706 ν.
1865 671 2075 720 προμήθεια.

1299 727 1442 776 Πρόθῦ
1455 742 1534 775 μος
1560 731 1713 772 cupidus.
1742 731 1789 766 ὦν
1813 729 1993 777 πρόθυμος
2017 727 2093 778 ἧσθ’
2112 730 2165 767 ἀεί
2187 734 2241 767 ΕΙ.

1228 775 1261 811 3.
1292 779 1381 810 Bene
1397 778 1550 819 cupiendi
1567 779 1669 811 alicui
1687 780 1886 820 significatio
1902 780 1994 812 inest
2009 781 2066 812 Ai.
2086 777 2148 812 37:
2177 778 2246 814 πά·-

1226 823 1284 859 λαι
1303 822 1412 871 φύλαξ
1431 823 1514 871 ἔβην
1531 824 1574 872 τῇ
1588 825 1631 872 σῇ
1645 823 1825 872 πρόθυμος
1845 824 1893 865 εἰς
1912 825 1990 861 ὁδὸν
2007 825 2167 874 κυνηγίᾳ.

1297 882 1324 927 [*
1333 881 1363 918 Π
1376 895 1393 930 ρ
1403 882 1420 918 ό
1431 882 1454 918 θ
1465 896 1483 918 υ
1495 896 1512 931 ρ
1523 897 1544 918 α
1559 911 1565 924 ,
1600 883 1655 918 τά.
1671 915 1674 918 ,
1691 886 1905 927 vestibulum,
1943 887 2046 918 limen
2081 889 2242 928 primum,

1228 932 1269 964 de
1288 933 1400 964 Wolffl
1416 933 1501 964 coni.
1529 930 1637 965 τῶνδε
1655 926 1823 979 πατρῴων
1841 931 2026 980 προθύρων
2043 933 2097 966 ΕΙ.
2121 930 2186 966 109
2195 943 2240 966 m.

1228 989 1286 1020 pro
1302 978 1369 1024 πρὸ
1387 977 1529 1024 θυρῶν]

1300 1035 1329 1071 Π
1341 1049 1358 1084 ρ
1369 1036 1439 1083 οἵη
1451 1049 1476 1082 μ
1487 1050 1507 1071 ι.
1538 1039 1689 1071 Medium
1715 1049 1737 1070 α
1754 1048 1787 1070 se
1803 1039 1983 1081 dimittere,
2017 1039 2096 1072 inde
2115 1039 2245 1080 efficere

1230 1096 1256 1118 s.
1279 1095 1391 1126 coyere
1403 1111 1410 1125 ‚
1439 1089 1477 1117 ut
1495 1086 1623 1126 aliquid
1639 1086 1746 1126 facias
1765 1087 1942 1126 significat.
1986 1085 2066 1125 τοὺς
2093 1085 2244 1132 ἐρῶντας

1230 1130 1331 1170 αὐτὸς
1355 1130 1476 1179 ἵμερος
1502 1131 1584 1178 δρᾶν
1602 1131 1661 1166 καὶ
1675 1132 1714 1167 τὸ
1741 1132 1789 1179 μὴ
1809 1132 1892 1179 δρᾶν
1909 1131 2077 1172 πολλάκις
2094 1131 2247 1180 προΐεται

1229 1181 1314 1212 Ach.
1350 1181 1426 1211 Am.
1464 1181 1506 1212 fr.
1539 1177 1621 1221 162,
1652 1177 1684 1212 9.
1730 1181 1823 1213 Facit
1846 1182 1914 1213 huc
1947 1182 2108 1221 Hesychii
2137 1182 2246 1222 glossa

1230 1239 1254 1260 π
1268 1225 1465 1272 ροΐενται
1476 1253 1484 1267 ,
1513 1226 1733 1274 προάγονται.
1769 1226 1888 1272 [Dind.
1915 1228 1957 1260 de
1973 1228 2125 1261 Meineki
2154 1229 2242 1262 coni.

1229 1272 1435 1320 προσιέται.]

1304 1331 1349 1377 [*]
1368 1330 1397 1367 Π
1410 1335 1540 1380 ροῖκα
1564 1336 1669 1374 ,oratis
1686 1335 1707 1365 i.
1730 1344 1760 1366 e.
1781 1338 1910 1375 sponte,
1941 1344 2003 1366 nec
2027 1335 2168 1367 docente
2185 1344 2248 1366 nec

1231 1382 1365 1413 volente
1383 1390 1561 1422 quoquam.
1590 1380 1698 1414 κακὸν
1717 1379 1779 1427 μὲν
1799 1380 1880 1428 δρᾶν
1896 1392 1928 1414 τι
1946 1378 2061 1428 προῖκ’
2074 1379 2249 1415 ἐπίσταται

1231 1429 1298 1459 inc.
1328 1430 1368 1460 fr.
1391 1425 1472 1468 779,
1499 1426 1539 1468 6,
1578 1429 1666 1470 quod
1694 1430 1834 1461 uberius
1864 1433 2101 1471 exsequuntur
2129 1437 2248 1461 versus

1232 1480 1415 1517 sequentes
1433 1473 1534 1513 αὐτὸς
1551 1469 1630 1521 παρ’
1646 1473 1751 1510 αὑτοῦ
1778 1474 1963 1520 μανθάνων
1990 1480 2025 1509 et
2046 1474 2089 1509 τὰ
2112 1473 2248 1523 χρηστὰ

1230 1520 1270 1563 δ’,
1293 1521 1362 1556 οὐδ’
1378 1520 1422 1567 ἢν
1439 1521 1497 1556 τὸν
1515 1521 1720 1557 διδάσκαλον
1735 1521 1840 1572 λάβῃ,
1861 1522 2127 1570 ἐμνημόνευσεν.
2147 1521 2247 1568 [Poe-

1230 1574 1284 1602 tae
1310 1571 1462 1603 inferiori
1480 1571 1602 1602 tribuit
1618 1572 1762 1614 Nauck]

1303 1626 1333 1662 Π
1347 1626 1574 1675 ροΐστημι.
1604 1628 1702 1662 Solus
1726 1631 1826 1662 activi
1851 1630 1998 1662 aoristus
2015 1631 2100 1662 alter
2117 1631 2250 1662 intran-

1232 1677 1334 1708 sitive
1354 1677 1549 1716 signiflcans
1578 1677 1729 1717 adstare,
1755 1680 1906 1717 prostare
1931 1678 1967 1709 in
1985 1687 2063 1709 usu.
2093 1675 2149 1709 Sic
2167 1678 2250 1710 sim-

1232 1724 1366 1766 pliciter
1384 1723 1508 1756 dicitur
1526 1727 1714 1770 προστῆναι
1742 1722 1849 1770 μέσην
1870 1722 2040 1770 τράπεζαν
2066 1722 2155 1770 ἀμφὶ
2173 1726 2252 1758 σῖτα

1232 1769 1291 1804 καὶ
1307 1770 1483 1817 καρχήσια
1503 1772 1579 1811 Tyr.
1602 1773 1643 1803 fr.
1664 1768 1745 1812 580,
1769 1769 1806 1812 1,
1828 1772 1919 1813 quod
1936 1773 2017 1813 quia
2033 1768 2162 1850 προσελ
2189 1769 2253 1805 λυ-

1233 1816 1330 1852 θέναι
1347 1818 1432 1864 πρὸς
1449 1818 1512 1864 τὴν
1530 1816 1701 1864 τράπεζαν
1720 1820 1868 1860 explicat
1884 1820 2012 1852 Athen.
2035 1816 2052 1850 1
2082 1844 2090 1851 .
2110 1828 2145 1860 p.
2190 1816 2246 1860 75,

1233 1877 1284 1906 a.,
1324 1875 1390 1898 non
1425 1867 1579 1908 protinus
1621 1877 1639 1898 a
1679 1864 1887 1912 προσίστημι
1927 1866 2153 1907 repetendum
2186 1870 2248 1899 est.

1238 1912 1369 1954 [Bergk.
1407 1917 1544 1946 secutus
1570 1914 1730 1946 librorum
1755 1915 1900 1955 vestigia
1924 1922 1977 1956 ap.
2007 1914 2150 1946 Macrob.
2180 1914 2248 1947 Sat.

1235 1958 1276 2000 5,
1304 1958 1361 1992 21.
1399 1963 1618 2006 προσπτῆναι
1640 1959 1864 2006 emendavit]
1889 1979 1930 1984 —
1966 1961 2108 1993 Adstare
2130 1961 2254 1993 adver-

1234 2010 1382 2048 sarium,
1415 2010 1537 2040 instare
1567 2008 1689 2040 hostem
1719 2009 1898 2049 significat.
1942 2006 1965 2053 ἦ
1998 2006 2051 2041 σοὶ
2073 2006 2138 2054 γὰρ
2163 2004 2252 2045 Αἴας

1234 2053 1398 2099 πολέμιος
1415 2053 1568 2102 προύστη
1593 2054 1694 2093 ποτέ;
1724 2057 1780 2087 Ai.
1804 2052 1906 2088 1133.
1951 2055 2074 2088 Contra
2094 2055 2254 2087 adsistere

1234 2102 1461 2143 defensorem:
1496 2100 1529 2136 οἲ
1554 2099 1632 2149 ’γώ,
1660 2100 1773 2148 φίλοι,
1801 2098 1962 2150 πρόστητῗ
1989 2100 2174 2148 ἀναγκαίας
2190 2099 2253 2136 τύ-

1234 2161 1303 2196 χης
1320 2150 1375 2181 Ai.
1395 2147 1475 2182 803.
1513 2150 1648 2182 Dicitur
1673 2151 1785 2190 enim,
1817 2151 1847 2182 si
1875 2151 2062 2182 accuratius
2081 2150 2251 2191 'introspi-

1236 2198 1318 2238 ciam,
1342 2207 1415 2229 sese
1434 2198 1585 2229 medium
1602 2198 1816 2238 interponere
1834 2198 1925 2229 inter
1944 2198 2106 2237 ingruens
2131 2197 2252 2229 discri-

1236 2254 1314 2276 men
1332 2248 1367 2276 ct
1384 2254 1482 2285 eum,
1510 2254 1612 2285 quem
1629 2245 1812 2276 defendere
1830 2245 1924 2276 velis.
1963 2241 2141 2290 ἐπίκουροι
2163 2241 2253 2290 γίνε-

1238 2289 1298 2325 σθε
1317 2292 1419 2323 schol.
1442 2296 1529 2331 vet.;
1574 2287 1718 2337 βοηθοί,
1758 2289 1943 2337 προστάται
1972 2288 2112 2337 γένεσθε
2146 2291 2249 2323 schol.

1235 2349 1301 2371 rec.
1347 2340 1436 2370 Huic
1468 2339 1570 2370 affine
1604 2343 1674 2379 est,
1716 2340 1805 2380 quod
1828 2340 1982 2371 assistere
2003 2341 2195 2379 precantem
2222 2341 2252 2370 et

1235 2386 1415 2418 donantem
1432 2387 1610 2426 signifieat.
1638 2383 1661 2431 ἥ
1681 2396 1717 2418 σε
1736 2383 1850 2419 πολλὰ
1867 2384 1910 2431 δὴ
1989 2383 2126 2431 λιπαρεῖ
2143 2381 2253 2431 προὺ-

1236 2444 1316 2478 στην
1334 2431 1410 2479 χερί
1439 2434 1491 2466 ΕΙ.
1524 2430 1624 2466 1378.
1667 2435 1831 2473 cogitatur
1858 2434 1951 2465 enim
1978 2433 2090 2464 libans
2118 2436 2153 2464 et
2182 2441 2252 2464 rem

1236 2490 1363 2512 sacram
1382 2482 1508 2512 faciens
1527 2481 1570 2511 ad
1587 2490 1677 2512 aram
1696 2481 1837 2512 adstare.
1860 2497 1902 2503 —
1931 2479 2026 2519 Quod
2042 2480 2079 2511 in
2097 2479 2150 2512 El.
2168 2476 2248 2512 980.

1235 2528 1361 2568 legitur
1377 2526 1405 2560 ὢ
1423 2529 1529 2561 τοῖσιν
1556 2524 1698 2573 ἐχθροῖς
1794 2525 2013 2572 προυστήτην
2032 2524 2158 2573 φόνου,
2187 2526 2254 2558 etsi

1236 2578 1366 2606 certum
1406 2578 1458 2606 est
1490 2574 1623 2606 caedem
1655 2575 1938 2608 administrarant
1976 2574 2165 2614 significare
2197 2572 2247 2616 (v.

1235 2621 1363 2661 Musgr.
1384 2623 1427 2653 ad
1452 2623 1533 2653 Eur.
1562 2622 1720 2654 Androm.
1749 2618 1851 2665 221.)
1879 2625 1993 2653 tamen
2022 2630 2087 2652 non
2117 2621 2253 2652 videtur

1236 2679 1311 2700 cum
1336 2669 1392 2700 Ai.
1425 2666 1526 2702 1133.
1563 2678 1661 2710 posse
1687 2669 1864 2709 contendi,
1895 2672 1934 2700 ut
1955 2669 2037 2701 fecit
2061 2667 2177 2699 Herm.
2207 2685 2252 2691 -—

1235 2715 1410 2748 Passivum
1427 2726 1533 2748 unum
1560 2717 1753 2757 exemplum
1780 2717 1891 2747 habet.
1926 2713 1968 2748 τὰ
1994 2712 2036 2747 σὰ
2062 2712 2165 2759 βέλεα
2189 2711 2254 2748 θέ-

1234 2757 1327 2806 λοιμ’
1344 2760 1383 2796 ἂν
1402 2759 1547 2807 ἀδάματ’
1567 2760 1782 2796 ἐνδατεῖσθαι
1807 2760 1926 2808 ἀρωγὰ
1941 2758 2178 2807 προσταθέντα
2194 2761 2253 2793 OR

1234 2807 1303 2842 206
1336 2811 1387 2842 ch.
1424 2812 1446 2842 i.
1477 2820 1506 2843 e.
1549 2808 1757 2855 προστάντα,
1787 2812 1876 2850 sive,
1916 2813 1955 2841 ut
1987 2809 2136 2850 explicat
2160 2809 2249 2849 Erf.‚

1235 2855 1486 2903 προστατήρια,
1515 2858 1601 2898 quod
1617 2859 1653 2888 in
1671 2858 1761 2897 Aug.
1784 2858 1815 2888 b.
1839 2858 2022 2897 scriptum,
2050 2866 2126 2887 cum
2143 2857 2252 2887 inter-

1234 2906 1339 2945 pretis
1358 2915 1478 2936 manus
1503 2905 1539 2936 in
1565 2908 1717 2936 tenorem
1743 2905 1921 2936 verborum
1940 2906 2057 2944 poetae
2074 2903 2248 2935 invaserit.

1235 2949 1354 2995 [Dind.
1375 2953 1509 2993 scripsit
1526 2949 1813 2998 προσταχθέντα]

1305 3008 1354 3054 [*]
1389 3007 1645 3055 Προκαλέω.
1683 3010 1833 3042 Medium
1859 3013 1911 3041 est
1937 3018 2135 3048 provocare,
2163 3009 2251 3039 invi-

1235 3061 1317 3090 tare.
1348 3055 1578 3102 προύκαλεῖτο
1598 3067 1639 3101 με
1658 3055 1788 3101 βαυβᾶν
1808 3050 1880 3101 μετ’
1897 3054 2003 3101 αὐτῆς
2021 3056 2100 3087 olim
2118 3055 2185 3086 inc.
2207 3055 2248 3086 fr.

1236 3101 1316 3136 903.
1350 3104 1481 3145 [reiecit
1497 3104 1602 3136 Dind.
1624 3105 1812 3144 tribuitque
1830 3103 1989 3144 Euripidi
2005 3104 2046 3133 fr.
2068 3098 2162 3142 695]

1307 3159 1559 3206 Προκάμνω
1585 3162 1696 3194 laboro
1718 3172 1780 3202 pro
1804 3163 1926 3202 aliquo.
1963 3158 2003 3193 οὗ
2029 3158 2067 3193 σὺ
2085 3157 2252 3196 πολλάκις

1235 3207 1299 3254 τὴν
1318 3208 1380 3255 σήν
1399 3207 1585 3254 προτείνων
1603 3207 1802 3254 προύκαμες
1820 3207 1936 3255 ψυχὴν
1955 3205 2030 3252 δορί
2045 3208 2099 3239 Ai.
2123 3203 2226 3239 1270.

1307 3263 1571 3312 Πρόκειμαι.
1609 3266 1623 3309 ΙΙ
1656 3267 1792 3308 Proprie
1822 3268 1986 3307 proiectus
2019 3267 2121 3297 iaceo,
2149 3262 2172 3310 ἡ
2202 3266 2251 3301 εἴς

1237 3312 1299 3358 μὲν
1329 3310 1370 3347 ἂν
1487 3311 1709 3360 προυκείμεθ’
1733 3311 1895 3372 αἰσχίστῳ
1928 3311 2026 3390 μόρῳ
2055 3313 2110 3344 Ai:
2147 3309 2162 3343 1
2191 3308 2247 3343 59.

1234 3358 1350 3394 κτίσον
1378 3359 1415 3394 δὲ
1439 3360 1488 3408 τῷ
1514 3359 1730 3407 προκειμένῳ
1755 3371 1864 3406 ταφον
1891 3361 1972 3391 Ant.
2029 3356 2104 3391 101.
2151 3356 2190 3391 ἐκ
2215 3355 2252 3390 δὲ

1235 3409 1319 3453 γῆς,
1343 3405 1425 3442 ὅθεν
1442 3405 1616 3454 προύκειτ’
1633 3406 1812 3446 ἀναζέουσι
1838 3404 2054 3452 θρομβώδεις
2072 3403 2177 3451 ἀφροί
2193 3405 2249 3436 Tr.
