2288 3600
320 118 420 167 370

318 243 362 266 ex
376 234 542 275 prioribus
560 234 743 274 repetitum
761 234 947 273 coniungit.
985 233 1048 264 His
1065 234 1232 274 exemplis
1250 243 1339 265 com-

319 282 432 312 munis
459 282 575 312 subest
600 281 799 320 significatio
825 280 996 318 deorsumf
1029 281 1066 311 in
1089 280 1244 313 Electrae
1268 281 1338 313 loco

319 328 361 360 ad
378 327 506 368 famam
524 327 566 358 ad
584 327 708 367 inferos
721 330 945 367 pem-meantem
959 327 1131 368 translata,
1149 328 1184 358 in
1199 328 1337 369 reliquis

319 375 360 407 ad
378 373 554 406 divinandi
577 374 630 406 vel
652 373 690 405 de
706 374 813 405 medio
831 374 968 405 tollendi
985 375 1188 414 locutiones,
1217 384 1302 416 quae
1321 385 1339 406 a

318 422 525 454 luctantibus
552 421 749 462 desumptae
769 424 859 452 sunt.
896 421 962 453 Sed
978 422 1013 452 in
1030 419 1103 454 κατῚ
1120 418 1163 454 αὖ
1180 432 1229 454 νιν
1247 418 1337 455 θεῶν

319 466 393 515 ἀμᾷ
409 466 500 505 κόνις
518 469 600 500 Ant.
622 464 687 499 601
708 468 759 500 ch.
783 467 910 508 teyendi
927 469 1018 500 inest
1035 477 1173 509 sensus,
1195 474 1233 500 ut
1250 469 1339 500 infe-

320 516 440 548 riorem
458 515 552 556 quasi
570 519 700 556 partem
717 516 855 547 obrutus
867 518 983 547 teneat
997 512 1112 559 [κοπίς
1125 516 1339 548 scribendum

320 573 347 595 c.
369 559 515 606 Reisk.].

391 610 436 641 II.
474 609 647 649 Tanquam
667 610 951 649 praepositio.
997 610 1038 640 A.
1069 608 1154 641 Cum
1179 610 1334 649 yenitivo.

319 654 330 700 Η
349 656 416 688 Sub
435 657 613 696 significat,
634 661 673 687 ut
689 659 796 687 motus
813 655 965 687 deorsum
982 658 1123 689 instituti
1141 657 1339 696 significatio

320 714 374 745 ap.
396 703 496 744 Soph.
520 707 609 735 certe
635 712 701 734 non
720 704 928 744 reperiatur,
958 704 1022 735 etsi
1047 704 1219 744 primitiva
1236 708 1288 735 est
1305 709 1338 735 et

319 751 410 792 apud
432 751 514 782 alios
537 751 709 791 frequens.
747 751 799 782 De
819 750 935 790 inferis
953 751 1085 788 dicitur,
1108 762 1138 782 v.
1162 751 1274 782 Valck.
1298 751 1339 782 ad

319 797 424 839 Hipp.
446 794 526 830 836.
565 798 687 829 Blomf.
717 797 757 828 ad
774 797 896 829 Aesch.
918 797 1011 829 Pers.
1033 794 1119 830 633:
1148 797 1176 830 ὧ
1201 796 1259 830 τὸν
1285 796 1338 831 ἀεὶ

318 842 407 878 κατὰ
434 846 495 890 γᾶς
521 842 641 877 σκότον
667 842 800 888 εἱμένος
829 843 884 876 OG
911 841 999 876 1701
1027 855 1087 884 111.,
1124 845 1184 876 ubi
1209 845 1334 885 Reisig.

318 889 523 936 καθειμένος
547 891 820 930 coniungendum
838 891 966 923 suadet.
1011 890 1190 938 πρόσφορά
1208 885 1240 925 θ’
1258 889 1337 937 ὑμῖν

318 937 377 972 καὶ
392 938 442 984 τῷ
460 936 548 971 κατὰ
565 940 628 983 γᾶς
648 936 736 970 1775
749 948 803 970 an.
824 939 876 970 De
893 939 1063 979 sepultura
1075 950 1084 968 :
1104 937 1192 972 κατὰ
1208 937 1337 985 χθονὸς

320 983 447 1032 ἔκρυψε
474 987 554 1017 Ant.
584 982 641 1016 24.
664 1003 704 1008 —
732 985 746 1027 ΙΙ
780 986 904 1016 Versus.
944 983 1023 1030 βᾶτε
1048 984 1121 1018 κατ’
1148 983 1337 1031 ἀντιθύρων

321 1030 399 1066 ὅσον
423 1031 567 1078 τάχιστα
584 1033 637 1063 El.
664 1006 764 1071 1437‘.
801 1033 909 1065 Schol.
939 1030 1132 1078 πορεύθητε
1157 1033 1245 1067 κατὰ
1267 1037 1336 1066 τῶν

320 1077 462 1113 ὄπισθεν
487 1082 550 1125 τῆς
576 1075 683 1123 θύρας
709 1082 835 1125 μερῶν.
928 1080 969 1111 od
995 1081 1024 1111 si
1046 1082 1121 1121 quis
1140 1083 1303 1112 consistite
1321 1091 1337 1112 e

319 1129 451 1167 reqione
475 1128 595 1159 ianuae
613 1127 908 1167 interpretabitur,
937 1137 1003 1159 non
1021 1128 1247 1168 intercedam,
1279 1128 1338 1159 sed

321 1178 432 1206 motus
466 1174 546 1205 illuc
581 1175 662 1206 sacti
694 1175 810 1215 procul
835 1174 937 1205 dubio
962 1175 1052 1206 inest
1080 1175 1333 1214 adsignificatio.

320 1221 408 1253 Male
426 1220 621 1260 Bernhardy
644 1222 680 1252 in
706 1221 799 1260 Synt.
826 1231 859 1262 p.
881 1218 951 1253 238
976 1222 1016 1253 de
1042 1227 1190 1254 morante
1215 1223 1338 1254 alicubi

319 1269 485 1310 explicat,
517 1268 684 1309 siquidem
709 1269 839 1300 oracula
864 1270 938 1300 eius
963 1269 1110 1308 intelligi
1127 1270 1218 1301 licet.
1255 1270 1337 1301 Inde

319 1316 448 1348 dictum
471 1313 530 1348 καὶ
555 1314 607 1362 ῴῇ
631 1309 703 1348 κατ’
729 1313 838 1361 ἄκρας
867 1313 1029 1352 σπιλάδος
1048 1317 1103 1347 Tr.
1126 1313 1194 1348 678
1219 1318 1338 1348 nonin

320 1363 444 1403 ylarea,
458 1363 517 1394 sed
530 1365 713 1403 proiectum
730 1364 765 1394 in
778 1364 934 1402 ytaream.
951 1379 992 1385 —
1012 1362 1025 1404 Η
1044 1364 1074 1394 Α
1087 1364 1165 1395 locis
1180 1364 1220 1395 ad
1234 1365 1336 1395 actio-

319 1419 400 1441 nem
424 1410 510 1442 facta
533 1410 743 1441 traductione
769 1409 859 1443 κατά
883 1413 998 1442 contra
1021 1411 1204 1451 significat,
1235 1412 1274 1442 de
1302 1420 1337 1442 re

320 1457 466 1488 maxime
500 1456 629 1496 infenso
663 1458 773 1488 animo
807 1461 841 1488 et
868 1456 1009 1489 nocendi
1037 1467 1138 1489 causa
1166 1462 1333 1499 suscepta.

318 1501 429 1549 λέγων
456 1501 504 1537 ὅσ’
529 1500 568 1537 ἂν
595 1501 702 1551 θέλῃς
719 1501 797 1538 καθ’
814 1502 917 1548 ἡμῶν
940 1502 1053 1551 {exa-:³
1073 1503 1110 1538 ἐσ
1137 1503 1228 1538 άτων
1246 1503 1338 1538 κακά

319 1551 381 1582 Ph.
404 1547 461 1583 65.
505 1546 712 1595 τούπίκλημ’
738 1548 909 1590 ύπεξελὼν
936 1549 1037 1589 αὐτὸς
1060 1516 1139 1586 καθ’
1159 1550 1264 1585 αὑτοῦ
1282 1552 1339 1585 OR

319 1594 401 1630 228.
431 1597 459 1631 ὣ
475 1591 555 1631 καθ’
572 1595 690 1631 αὑτοῖν
710 1596 881 1643 δικρατεῖς
898 1596 1026 1645 λόγχας
1046 1593 1202 1645 στήσαντ’
1221 1597 1337 1657 ἔχετον

320 1646 437 1678 κοινοῦ
465 1642 615 1678 θανάτου
642 1643 745 1690 μέρος
770 1647 850 1677 Ant.
884 1643 949 1677 145
967 1656 1020 1678 an.
1064 1645 1153 1680 κατὰ
1178 1640 1205 1679 δ’
1223 1658 1263 1680 αν
1289 1657 1338 1684 τις

322 1690 409 1737 ἐμοῦ
426 1694 566 1726 τοιαῦτα
582 1689 691 1737 λέγων
711 1689 774 1725 οὐκ
792 1689 832 1725 ἂν
850 1690 965 1727 πείθοι
982 1694 1038 1725 Ai.
1061 1692 1126 1726 155
1146 1703 1199 1725 an.
1241 1692 1339 1737 ἐρέσ-

322 1748 436 1772 σουσιν
453 1736 596 1776 ἀπειλὰς
616 1737 670 1771 δικ
694 1741 785 1777 ατεῖς
803 1736 976 1786 Ἀτρεῖδαι
992 1734 1071 1774 καθ’
1087 1738 1188 1784 ἡμῶν
1200 1738 1269 1773 253
1283 1741 1335 1773 ch.

321 1783 445 1831 λόγους
467 1784 546 1823 τοὺς
570 1785 632 1831 μὲν
650 1749 833 1831 ’Χτρειδῶν
851 1785 938 1820 κάτα
956 1784 1035 1819 302.
1081 1785 1164 1833 ὅσην
1181 1787 1255 1821 κατ’
1275 1786 1339 1821 αύ-

321 1835 391 1866 τῶν
417 1830 512 1878 ὕβριν
538 1828 695 1866 &atinati
724 1832 782 1866 ἰών
800 1831 869 1866 304
887 1838 1045 1875 quantam
1063 1836 1097 1866 ἰη
1113 1844 1167 1866 eos
1183 1836 1339 1867 ultionem

323 1882 526 1912 exercuisset.
557 1880 608 1913 Cf.
631 1881 791 1913 Abresch.
813 1881 854 1913 ad
870 1882 991 1913 Aesch.
1014 1883 1077 1922 Ag.
1098 1878 1179 1914 280.
1216 1879 1279 1915 οὐκ
1297 1880 1338 1915 ἄν

324 1937 407 1960 ποτε
433 1925 533 1973 δίκην
559 1925 631 1960 κατ’
656 1925 764 1961 ἄλλου
783 1927 897 1974 φωτὸς
915 1926 974 1961 ὧδ’
992 1927 1162 1974 ἐτ’ήφισαν
1180 1926 1260 1961 449.
1301 1926 1339 1962 σὲ

324 1971 367 2017 δὴ
386 1972 430 2007 τὰ
447 1972 539 2007 δεινὰ
555 1972 600 2053 pi]

322 2023 461 2068 χανεῖν;
487 2018 553 2053 122
582 2047 588 2053 .
612 2041 654 2046 -
673 2022 687 2063 Η
711 2023 750 2053 In
776 2023 939 2054 eiusmodi
961 2024 1132 2055 sententia
1156 2033 1255 2065 saepe
1280 2024 1338 2055 ad-

323 2069 432 2100 ditum
459 2070 567 2101 verbis
586 2070 777 2110 compositis
796 2079 895 2101 nemo
912 2070 1117 2102 desideraret
1134 2080 1210 2102 casu
1229 2071 1339 2102 nomi-

323 2116 377 2148 nis
394 2120 534 2148 mutato.
578 2114 669 2153 τίνος
691 2115 754 2162 γὰρ
781 2115 848 2150 ὧδε
864 2116 922 2150 τὸν
941 2115 1047 2162 μέγαν
1065 2115 1171 2164 χόλον
1188 2115 1262 2151 κατ’
1276 2114 1341 2150 αύ-
1356 2125 1358 2140 ³

322 2166 391 2196 τῶν
410 2160 565 2208 ἐγκαλῶν
585 2160 779 2208 ἐλήλυθας;
802 2164 863 2195 Ρ11.
877 2161 956 2196 328.
985 2162 1063 2198 καθ’
1078 2163 1177 2209 ἡμῶν
1192 2163 1339 2218 ἐγγελῶν
1356 2190 1358 2205 2

325 2206 506 2255 ἁβρύνεται
522 2209 576 2242 OC
598 2207 698 2242 1339.
729 2212 771 2243 cf.
801 2209 834 2244 τί
852 2209 939 2256 δῆτα
956 2209 1048 2244 τοῦδ’
1067 2209 1280 2257 ἐπεγγελῷεν
1300 2223 1339 2244 αν

323 2254 431 2298 κάτα;
461 2257 516 2288 Ai.
538 2253 618 2289 969.
663 2258 802 2290 Mettica
827 2259 1041 2299 potissimum
1065 2259 1193 2291 ratione
1219 2260 1339 2291 ductus

323 2303 416 2336 Pors.
436 2304 477 2336 ad
493 2303 576 2336 Hec.
597 2314 630 2345 p.
656 2302 745 2337 1214
771 2306 857 2337 etin
876 2305 994 2347 Suppl.
1016 2307 1119 2347 praef.
1140 2316 1173 2347 p.
1195 2303 1240 2338 28
1266 2315 1339 2338 cor-

323 2351 451 2391 rigebat
473 2348 505 2384 τί
529 2348 617 2396 δῆτα
632 2349 734 2385 τοῦδέ
750 2346 778 2397 γ’
798 2350 967 2398 ἐγγελῷεν
986 2350 1026 2385 ἂν
1043 2351 1148 2393 κάτα,
1180 2354 1266 2394 quod
1285 2362 1339 2384 re-

324 2398 474 2430 ctissime
500 2399 660 2430 refutavit
685 2399 765 2431 Lob.
794 2409 828 2440 p.
850 2396 928 2432 376.
966 2399 1147 2432 Geminum
1171 2405 1223 2432 est
1248 2401 1340 2431 enim

324 2442 354 2478 εἰ
370 2438 444 2478 κατ’
462 2442 548 2489 ἐμοῦ
565 2443 760 2490 τακομένας
779 2443 912 2490 μᾶλλον
931 2444 1118 2491 ἐπεμβάσει
1135 2447 1187 2479 El.
1205 2444 1273 2479 835
1292 2457 1335 2478 m.

323 2540 379 2570 tur
402 2548 503 2580 usus,
526 2548 591 2580 quo
607 2541 697 2572 inest
715 2541 914 2580 significatio
931 2541 1087 2581 sequendi
1102 2544 1229 2572 motum
1246 2541 1339 2572 deor-

324 2594 397 2617 sum
422 2585 562 2626 factum.
598 2586 853 2619 Homericorum
877 2585 967 2620 κατὰ
993 2584 1072 2632 ῥόον
1098 2598 1202 2629 pauca
1219 2589 1342 2620 similia

325 2635 417 2664 sunt.
448 2629 547 2678 ῥείτω
565 2631 638 2666 κατ’
655 2631 755 2680 οὖρον
774 2634 830 2666 Tr.
850 2631 931 2667 468.
961 2632 1035 2668 κατ’
1051 2632 1147 2681 ἴχνος
1170 2627 1264 2680 ᾄσσω
1282 2636 1336 2667 Ai.

326 2675 383 2719 32,
404 2688 470 2711 non
486 2681 616 2720 vestiqii
634 2681 850 2723 consequendi
868 2691 967 2713 causa
983 2675 1116 2723 festin'o,
1135 2683 1194 2714 sed
1205 2684 1342 2722 vestiyia

325 2735 451 2767 sequor.
470 2744 511 2750 —
531 2726 545 2769 ΙΙ
562 2727 652 2759 Hinc
669 2738 769 2760 causa
784 2731 892 2760 motus
905 2728 1111 2760 declaratur:
1132 2732 1207 2766 πῶς
1221 2726 1342 2775 ἀνδρὸς

325 2771 413 2806 κατὰ
431 2771 570 2819 ζήτησιν
590 2771 628 2807 οὐ
646 2773 792 2819 πέμπεις
809 2773 901 2815 τινάς
926 2775 982 2807 Tr.
1002 2772 1059 2808 55.
1081 2776 1149 2808 Nec
1167 2777 1279 2808 minus
1296 2777 1342 2807 ita

325 2820 480 2860 intelligo
497 2821 624 2861 Polyid.
646 2822 687 2853 fr.
704 2818 785 2854 465.
830 2820 910 2859 τοὺς
936 2820 1133 2868 γλαμυροὺς
1149 2821 1237 2856 κατὰ
1255 2833 1342 2869 φορ-

326 2864 410 2912 βάν;
448 2868 574 2900 dictum
600 2869 692 2900 enim
717 2869 758 2900 de
783 2869 922 2910 avibus,
958 2870 1089 2910 cibum,
1127 2874 1165 2902 ut
1194 2871 1338 2910 videtur,

327 2914 544 2955 quaesituris.
581 2915 634 2946 De
658 2916 719 2947 hoc
743 2925 809 2948 usu
834 2917 1014 2948 observans
1038 2917 1138 2949 schol.
1160 2918 1200 2949 11.
1221 2928 1243 2950 α
1260 2913 1341 2949 423.

325 2964 479 3007 χρῶνται
504 2959 542 2995 δὲ
565 2960 624 2994 καὶ
650 2959 803 3000 πλείονες
820 2959 922 2996 ἄλλοι
937 2966 1006 2996 τῶν
1024 2966 1177 3009 ποιητῶν
1195 2963 1240 3010 τῇ
1256 2961 1346 2997 κατά

327 3005 402 3041 ἀντὶ
418 3010 482 3052 τῆς
501 3005 568 3041 ἐπί.
594 3005 747 3055 Σοφοκλ.
768 3008 825 3052 (fr.
841 3010 908 3041 inc.
922 3006 1027 3054 749)·
1048 3008 1116 3056 ἐγὼ
1134 3007 1207 3043 κατ’
1225 3008 1339 3051 αὐτόν,

328 3053 375 3091 ὡς
393 3052 488 3100 ὁρᾷς,
507 3053 703 3102 ἐξέρχομαι.
728 3073 769 3079 -
788 3055 802 3098 ss
819 3057 909 3088 Dein
927 3057 997 3098 fieri
1013 3057 1140 3098 aliquid
1157 3058 1252 3089 alteri
1265 3067 1344 3089 con-

327 3104 520 3134 sentaneum
532 3113 542 3132 .·
561 3111 609 3142 ex,
630 3103 822 3135 secundum.
858 3100 931 3136 κατ’
950 3102 1064 3148 ὀμφὰς
1080 3102 1141 3141 τὰς
1159 3100 1346 3138 Ἀπόλλω-

326 3158 385 3185 νος
411 3146 488 3181 δότε
511 3146 651 3193 πέρασιν
676 3147 745 3195 ἤδη
763 3148 821 3183 καὶ
837 3149 1078 3196 καταστροφήν
1095 3162 1170 3184 τινα
1187 3151 1242 3183 Oc
1263 3148 1340 3183 102.

328 3191 474 3240 Θησεύς,
495 3194 569 3228 κατ’
587 3194 703 3242 ὀμφὴν
723 3195 785 3241 σὴν
805 3195 841 3234 ὃς
856 3195 994 3242 ἐστάλη,
1011 3197 1103 3243 πάρα
1117 3195 1195 3231 550.
1226 3196 1255 3230 εἰ
1272 3194 1345 3231 τάδ’

329 3239 403 3287 ἔχει
426 3241 515 3276 κατὰ
538 3244 618 3276 νοῦν
643 3241 745 3288 κείνῳ
767 3240 856 3276 1768
873 3254 926 3275 an.
972 3243 1118 3290 θρόνους
1136 3242 1209 3292 ἔχω
1227 3243 1346 3290 γένους

328 3285 402 3321 κατ’
426 3286 603 3335 ἀγχιστεῖα
627 3293 695 3323 τῶν
722 3287 904 3324 ὀλωλότων
930 3291 1012 3323 Ant.
1042 3289 1118 3323 174.
1163 3286 1260 3337 ε”ίπερ
1278 3290 1346 3337 ἐγὼ

331 3332 450 3378 μάντις
469 3335 540 3380 εἰμὶ
557 3334 615 3368 καὶ
632 3335 720 3370 κατὰ
737 3336 875 3382 γνώμαν
889 3334 975 3382 ἰ’δρις
991 3338 1048 3371 OR
1064 3335 1154 3370 1087
1168 3338 1219 3370 ch.
1242 3348 1347 3379 quan-

330 3385 400 3413 tum
424 3384 538 3423 cupio,
567 3393 605 3414 ea:
629 3385 733 3415 animi
758 3386 941 3423 sententia;
969 3395 1054 3427 quae
1073 3386 1140 3418 sola
1158 3386 1206 3417 rei
1224 3394 1345 3418 conve-

1293 115 1434 166 Κατά
1447 118 1459 130 ““

1354 235 1474 284 quiens
1511 235 1690 275 explicatio
1716 234 1910 266 Hermanno
1937 235 2104 276 quondam
2137 237 2240 278 proba
2272 251 2273 254 ¹

606 1969 678 2019 ματ’
699 1973 903 2020 ἀγγέλλουσί
925 1986 984 2020 μοι
999 1987 1019 2008 τ
1042 1979 1123 2021 ῆναι
1140 1973 1218 2010 καθ’
1235 1974 1338 2021 ήμῶν
1356 1974 1358 1984 ”

1358 2396 1480 2431 1308.
1509 2399 1566 2431 OR
1584 2395 1663 2431 637.
1693 2398 1748 2431 OG
1766 2396 1845 2431 339.
1890 2392 1964 2431 κατ’
1990 2396 2086 2432 οἶκον
2111 2399 2166 2430 Ai.
2191 2394 2226 2430 11
2250 2434 2253 2435 ⁷

1358 2456 1359 2475 1
1373 2450 1548 2486 paternae,
1587 2447 1622 2477 in
1653 2446 1832 2478 Salamine.
1887 2443 2020 2490 μίμνων
2045 2443 2148 2490 τήνδε
2173 2434 2258 2488 καίἰ

395 2491 434 2523 Β.
464 2491 549 2524 Cum
567 2495 832 2525 accusativo.
854 2493 868 2535 ΙΙ
885 2494 1155 2534 Antiquissimus
1173 2495 1230 2526 ille
1249 2494 1342 2526 vide·
1358 2502 1360 2517 ³

2075 126 2109 175 [1
2124 139 2158 172 p.
2176 118 2260 165 923.

1376 281 1471 313 Stud.
1493 281 1610 322 Antiq.
1635 278 1665 321 1,
1690 278 1755 313 168
1782 290 1873 313 nunc
1897 282 1938 313 ab
1965 283 2039 323 ipso
2055 284 2169 315 nescio
2186 292 2246 316 cur

1375 329 1447 360 dior
1463 328 1598 360 dicitur.
1629 326 1679 372 μὴ
1700 327 1762 371 μὲν
1781 325 1840 361 οὖν
1858 325 1937 362 καθ’
1948 326 2080 374 ἡδονὴν
2094 325 2205 377 θάνῃς
2217 330 2263 363 El·

1375 371 1503 408 θᾶσσον
1533 371 1556 419 ἢ
1582 368 1661 408 καθ’
1687 372 1816 420 ἡδονήν
1842 375 1897 408 OC
1922 372 2004 408 890.
2057 375 2134 421 πρὶν
2158 373 2237 411 καθ’
2270 412 2274 414 ,

1374 419 1490 455 κλύειν
1510 422 1567 454 Tr.
1591 418 1670 454 197.
1709 418 1746 455 εὖ
1770 419 1808 454 δὲ
1834 420 2154 468 προσφωνούμεθα,
2182 421 2271 470 γύν

1376 467 1476 514 ἔργου
1503 471 1622 513 κτῆσιν
1640 465 1722 503 230.
1767 469 1870 502 Recte
1888 470 1984 503 docet
1999 470 2116 502 Herm.
2137 470 2238 503 Oech

1375 516 1616 556 pugnationem
1630 541 1637 556 ,
1666 525 1736 548 rem
1753 525 1907 556 magnam
1924 521 1959 548 et
1974 517 2185 558 laetabilem,
2216 526 2259 551 no

1374 564 1461 594 tium
1500 567 1674 604 acceptum
1714 564 1875 604 spectari;
1919 565 2178 605 praepositionis
2211 570 2258 597 ta·

1376 613 1518 651 utroque
1544 610 1660 642 eadem
1679 611 1891 650 significatio.
1934 609 2012 644 *καὶ
2029 609 2190 657 πράξειας
2207 622 2268 646 κα

1374 655 1431 689 τὸν
1467 654 1550 701 ἐμόν
1584 657 1674 697 apud
1706 657 1809 689 schol.
1838 658 1943 690 Arist.
1972 658 2059 700 qu.
2087 655 2157 691 498
2189 659 2231 691 ad
2267 665 2273 675 ”

1375 703 1574 736 Gottholdus
1600 705 1702 736 refert
1728 701 1842 748 [reiec.
1873 702 2008 749 Dind.].
2053 705 2141 739 κατὰ
2164 704 2203 739 τὸ
2255 725 2261 733 ι

1376 751 1452 783 Ter.
1479 752 1520 783 fr.
1551 748 1638 791 514,
1667 748 1689 783 2
1715 752 1745 782 si
1769 756 1859 783 recte
1884 751 2075 784 Brunckius
2099 750 2210 786 κατὰ
2232 762 2254 787 τ

1375 798 1464 831 Stob.
1488 799 1650 830 omissum
1666 799 1810 830 invexit.
1827 815 1868 822 -
1888 798 1902 840 ΙΙ
1920 798 2010 831 Hinc
2025 809 2198 831 mensurae
2214 804 2248 832 et
2265 802 2267 807 '

1375 845 1507 876 deflexa
1531 846 1626 877 ratic.
1671 843 1714 878 τὰ
1740 842 1890 892 δύσφορ’,
1919 844 1949 878 εἰ
1965 843 2066 894 τύχοι
2082 843 2154 879 κατ’
2173 842 2250 891 ὀρθ
2267 859 2268 862 ’

1374 889 1479 925 θόντα
1497 892 1554 924 OR
1566 889 1612 924 88
1629 892 1808 924 secundum
1826 893 1860 924 id
1878 891 1964 934 quod
1978 896 2104 925 rectum
2119 896 2176 933 eat,
2197 895 2220 925 i.
2235 903 2254 926 e

1374 936 1411 975 ὅς
1436 937 1463 972 τ’
1491 937 1576 983 ἐμὰν
1602 941 1664 985 γᾶν
1690 936 1763 972 κατ’
1782 936 1883 985 ὀρθὸν
1902 937 2040 984 ούρισας
2058 937 2127 972 696
2144 941 2197 972 ch.
2226 943 2262 975 in

1373 996 1454 1017 nam
1471 990 1592 1018 statum
1613 988 1796 1018 restituisti.
1840 984 1919 1021 καθ’
1936 984 2130 1033 ὑπερβολὰν
2148 985 2233 1032 ἐκρά
2284 1020 2287 1021 .

1374 1030 1470 1066 πάντ’
1502 1031 1704 1078 εὐδαίμονος
1736 1031 1841 1078 ὄλβου
1876 1031 1965 1067 1197
1990 1035 2042 1067 ch.
2073 1048 2116 1062 =
2141 1032 2261 1080 ὑπερ’

1375 1078 1551 1125 μεγάλως,
1580 1091 1612 1112 v.
1640 1081 1834 1120 Bernhardy
1858 1081 1880 1112 1.
1903 1091 1932 1114 e.
1961 1091 1995 1123 p.
2015 1078 2097 1114 240.
2117 1077 2199 1113 241.
2252 1100 2255 1109 ι

1374 1129 1495 1159 usitata
1521 1126 1676 1172 μεῖζον
1697 1125 1733 1171 ἦ,
1761 1124 1926 1161 θᾶσσον
1943 1126 2049 1172 ἥ,οὐ
2067 1131 2102 1160 et
2127 1126 2184 1173 μὴ
2211 1139 2267 1162 κη.

1373 1184 1408 1206 re
1435 1175 1607 1206 modulum
1631 1176 1753 1206 virium
1780 1179 1972 1216 superante.
2017 1173 2050 1208 τί
2072 1174 2136 1221 γὰρ
2158 1175 2197 1210 τὸ
2252 1192 2259 1201 1

1373 1215 1446 1255 κατ’
1464 1218 1646 1276 ἄνθρωπον
1665 1223 1796 1262 νοσεῖς;
1819 1222 1874 1255 OC
1893 1218 1974 1255 598.
2017 1219 2161 1269 τοῦργον
2178 1221 2262 1256 τόδε

1373 1267 1494 1313 ἀνήκει
1523 1279 1545 1312 η
1572 1263 1645 1301 κατ’
1673 1266 1757 1313 ἐμὰν
1786 1266 1904 1314 ρώμαν
1931 1270 1986 1302 Tr.
2018 1266 2107 1302 1019
2133 1279 2177 1301 111.
2254 1276 2265 1312 »4

1374 1315 1491 1360 μεῖζον
1516 1313 1538 1359 ἢ
1559 1310 1633 1349 κατ’
1658 1313 1767 1361 ἄνδρα
1792 1317 1875 1348 Ant.
1904 1313 1985 1349 768.
2031 1313 2119 1362 δεῦρ’
2139 1309 2204 1362 ᾖξα

1373 1357 1451 1396 καθ’
1468 1360 1598 1408 ἡδονὴν
1618 1360 1722 1400 ποδός
1740 1362 1795 1395 OC
1813 1359 1894 1395 890.
1939 1361 2030 1401 ὅστις
2050 1362 2099 1409 μὴ
2117 1358 2190 1397 κατ’
2207 1361 2264 1404 ἄνῖ,

1375 1413 1494 1455 φρονεῖ
1511 1411 1565 1441 Ai.
1587 1407 1666 1442 761.
1711 1407 1750 1443 οὐ
1768 1403 1842 1443 κατ’
1860 1407 2044 1455 ἄνθρωπον
2063 1414 2198 1456 φρονῶν
2216 1407 2239 1443 7
2256 1436 2258 1438 ,

1374 1459 1478 1489 seram
1495 1457 1561 1488 huc
1579 1462 1611 1489 et
1629 1450 1708 1490 καθ’
1727 1454 1828 1491 αὑτόν
1842 1466 1902 1497 per
1918 1467 1951 1489 se
1968 1459 2075 1490 solum
2087 1469 2097 1488 .·
2115 1457 2153 1491 τὸ
2172 1454 2231 1503 vsa·

1374 1503 1422 1542 εἰς
1451 1502 1494 1537 ἕνΊ
1521 1503 1658 1551 ἔρχεται
1684 1503 1787 1547 μόνον
1812 1498 1891 1538 καθ’
1916 1502 2017 1538 αὑτόν
2040 1505 2097 1537 OR
2114 1501 2171 1537 63.
2216 1504 2255 1543 ἐ

1376 1549 1477 1586 αὐτόν
1512 1549 1540 1595 γ’
1576 1549 1639 1585 οὐκ
1680 1549 1720 1585 ἂν
1762 1548 1910 1596 ἐξεύροις
1950 1550 2029 1596 ἐμοὶ
2061 1549 2229 1597 ἁμαρτίας
2252 1576 2254 1579 ψ

1376 1597 1472 1632 οὐδέν
1499 1598 1553 1631 OC
1581 1596 1660 1630 966.
1692 1617 1732 1622 —
1760 1598 1774 1640 11
1806 1599 1858 1630 De
1886 1599 1956 1631 loeo
1980 1600 2118 1640 ponitur
2142 1600 2264 1638 minus

1376 1648 1484 1686 utin,
1514 1646 1575 1685 ad,
1605 1648 1709 1686 iaxta,
1738 1647 1825 1677 circa
1843 1645 1922 1686 quid
1938 1648 2066 1678 versari
2091 1647 2202 1687 aliqua
2224 1647 2265 1678 τί

1376 1698 1440 1724 tur.
1486 1687 1605 1731 Ἰξίονα
1621 1687 1695 1726 κατ’
1713 1691 1777 1738 [sic
1793 1693 1887 1724 libri:
1908 1690 2013 1731 Ἰξίον’
2031 1690 2080 1726 ἀν’
2098 1690 2221 1738 Dind.]
2252 1713 2254 1715 >

1376 1738 1514 1784 δέσμιον
1545 1739 1591 1777 ὡς
1620 1737 1722 1784 ἔβαλε
1748 1735 1884 1785 Κρόνου
1911 1742 1992 1778 παῖς
2017 1740 2079 1772 Ρ11.
2109 1737 2178 1772 678
2205 1749 2256 1772 ro

1375 1790 1477 1827 yavit.
1524 1785 1607 1820 εἴσω
1628 1784 1699 1820 κατ’
1728 1784 1828 1820 αὐτὸν
1853 1785 2004 1833 (χῶρον)
2029 1780 2251 1830 εύστομοῦσ’

1376 1835 1430 1866 OC
1452 1832 1506 1866 18.
1551 1832 1592 1867 ἐκ
1611 1836 1671 1867 τοῦ
1689 1831 1763 1867 κατ’
1780 1832 1863 1867 άστυ
1883 1828 2052 1879 βασιλέως
2068 1831 2140 1868 τάδ’
2165 1831 2208 1880 ἄρ
2228 1866 2230 1868 ,

1374 1883 1447 1918 τοῖς
1474 1878 1589 1915 ἐνθάδ’
1608 1879 1724 1921 αὐτοῦ,
1759 1881 1807 1926 μὴ
1826 1876 1900 1914 κατ’
1918 1879 2015 1922 ἄστυ,
2037 1879 2201 1927 δημόταις

1376 1927 1494 1973 ἀγρίαν
1525 1925 1609 1973 ὕλην
1638 1926 1803 1973 ἀλωμένη
1833 1925 1912 1960 349.
1958 1928 2005 1966 ὡς
2038 1923 2118 1962 καθ’
2150 1926 2259 1973 ἡμᾶς44

1376 1972 1542 2020 πληθύων
1571 1973 1674 2021 λόγος
1703 1973 1771 2008 378
1801 1975 1892 2016 apud
1919 1985 1997 2015 noa,
2027 1977 2050 2007 i.
2074 1985 2103 2007 e.
2133 1976 2259 2008 Theb'}

1376 2028 1438 2055 est.
1485 2020 1547 2066 ὅρα
1571 2020 1644 2055 κατ’
1664 2015 1792 2068 ’Ἄργος
1817 2020 1849 2055 εἴ
1873 2033 1923 2060 τις
1941 2020 2020 2068 ὗμιν
2039 2020 2180 2069 ἐγγενὴς
2197 2021 2227 2057 ἐ·
2249 2040 2253 2048 -

1375 2067 1448 2103 κατ’
1475 2067 1581 2114 ἄκρον
1601 2066 1740 2104 Οἰταῖον
1764 2067 1871 2106 νάπος
1891 2065 1970 2106 Διὸς
1995 2068 2250 2116 καταστράπτο”

1376 2114 1444 2149 436
1463 2118 1498 2148 in
1521 2117 1619 2148 Oetae
1636 2118 1804 2148 cacumine
1826 2116 2056 2157 fulqura‘ntis:
2083 2126 2160 2148 nam
2182 2116 2227 2148 Oe
2248 2132 2252 2143 ,-

1375 2166 1462 2195 mine
1488 2163 1609 2203 feriens
1634 2164 1815 2196 dicendum
1841 2165 1908 2195 fuit
1930 2157 2005 2197 κατ’
2029 2161 2137 2210 ἄκρου
2161 2161 2242 2197 νάπ

1376 2209 1490 2256 πόντῳ
1514 2209 1603 2244 κατά
1626 2221 1662 2243 τε
1688 2209 1765 2255 δρία
1794 2209 1906 2244 πάντα
1927 2207 2104 2256 καθαίρων
2131 2207 2218 2242 1011
2243 2216 2246 2217 ’

1375 2256 1448 2291 κατ’
1474 2255 1582 2303 ἄστρα
1598 2254 1712 2303 Ζηνὸς
1741 2255 1904 2303 αὐδηθεὶς
1928 2256 2027 2304 γόνος
2047 2254 2148 2290 1106.
2235 2264 2256 2297 ᾗ

1377 2302 1479 2350 βαρον
1505 2303 1582 2338 αἶαν
1610 2305 1666 2336 El.
1687 2301 1731 2337 95
1749 2315 1804 2336 an.
1848 2301 1931 2342 θεᾶς
1949 2302 2078 2344 παίζων
2095 2298 2169 2338 κατ’

1376 2350 1464 2385 κατὰ
1497 2350 1616 2397 στέγας
1649 2349 1700 2396 [in
1734 2353 1801 2383 fine
1836 2361 1996 2384 versuum
2027 2349 2190 2396 positum]
2235 2354 2253 2377 2³

1376 2490 1488 2540 χθόνα
1514 2494 1630 2532 Polyx.
1660 2494 1699 2524 fr.
1721 2489 1800 2533 468,
1825 2490 1856 2524 1.
1901 2493 1970 2525 Hoc
1999 2492 2243 2525 emendatione

1377 2534 1468 2572 e'nim
1499 2542 1535 2571 in
1560 2534 1684 2577 Ἰδαῖος
1717 2540 1924 2581 producitur.
1970 2539 2082 2572 Scribo
2110 2532 2185 2585 τῇδ’

1376 2585 1488 2633 χθονί.
1542 2585 1683 2620 πλούτει
1707 2581 1780 2620 κατ’
1806 2585 1901 2620 οἷκον
1919 2587 2001 2618 Ant.
2026 2582 2115 2618 1168
2132 2586 2251 2626 domi,

1378 2644 1412 2666 re
1429 2635 1620 2666 domestica.
1643 2634 1708 2666 Sed
1726 2634 1781 2665 Tr.
1796 2631 1861 2665 531
1881 2634 2047 2674 significat
2064 2635 2163 2673 intus,
2182 2635 2221 2666 ut

1378 2681 1433 2713 OC
1460 2678 1539 2713 343.
1578 2681 1631 2712 El.
1661 2677 1740 2712 929.
1774 2677 1874 2712 1473.
1915 2681 1971 2712 Tr.
2000 2676 2088 2720 689,
2117 2684 2152 2712 et
2177 2676 2229 2712 ἐκ

1377 2731 1445 2761 τῶν
1469 2725 1542 2761 κατ’
1570 2725 1663 2761 οἷκον
1691 2728 1745 2759 Tr.
1774 2724 1843 2758 934
1870 2727 2002 2759 edoctus
2025 2737 2047 2758 α
2070 2723 2269 2767 Γαγηυῑὶιι,·ὒ“

1380 2772 1473 2808 οἶκον
1499 2775 1671 2806 domestici
1692 2775 1745 2806 El.
1771 2771 1871 2806 1147.
1917 2771 2050 2819 σπουδὴ
2076 2770 2150 2807 κατ’
2174 2769 2207 2806 οἷ
2241 2807 2248 2815 ἓ

1379 2820 1558 2867 κρυμμένη
1579 2823 1618 2853 fr.
1640 2823 1705 2853 inc.
1719 2818 1799 2861 823,
1817 2818 1846 2852 1.
1878 2821 1943 2854 Sed
1959 2814 2032 2853 κατ’
2051 2818 2198 2867 ὀρφανὸν
2214 2829 2251 2866 γἸ

1379 2866 1792 2948 ἓξὲξόῖξὲῗῖηὲἷᾚῖξ
1821 2865 2078 2946 ῗῖοέἓῖἓῗωέ
2104 2870 2167 2946 ‘³:33

1381 2960 1510 2996 οἴκου
1522 2974 1537 3000 ς
1563 2972 1696 3003 semper
1713 2964 1802 2993 intus
1819 2963 1984 3001 significat
2001 2960 2058 2993 ΟΒ
2078 2939 2180 2993 1447.
2216 2973 2224 2988 ι

1380 3010 1434 3041 Ai.
1457 3006 1513 3042 65.
1554 3007 1642 3043 κατὰ
1669 3007 1786 3054 στέγας
1814 3006 1899 3041 ἰέναι
1916 3009 2044 3040 dictum
2060 3007 2119 3040 ΟΒ
2136 3003 2227 3039 637:
2251 3048 2253 3050 v

1380 3057 1460 3088 locis
1476 3066 1569 3088 mora
1587 3058 1622 3088 ὶπ
1639 3058 1708 3087 loco
1727 3056 1945 3096 significatur,
1968 3055 2057 3096 quod
2072 3056 2233 3099 observa!
2244 3080 2250 3090 „

1380 3104 1421 3135 ad
1447 3104 1530 3135 Eur.
1559 3104 1631 3135 Ion.
1652 3100 1732 3135 327.
1775 3103 1916 3134 Deflexa
1939 3102 2020 3134 hinc
2045 3105 2126 3133 sunt
2149 3100 2258 3134 haec‘

1380 3149 1439 3183 καὶ
1462 3148 1569 3187 πλοῦς
1587 3147 1635 3183 ὅδ’
1660 3147 1786 3194 ἐπείγει
1810 3147 1874 3194 γὰρ
1898 3147 1986 3182 κατὰ
2008 3145 2166 3194 πρύμνην
2182 3146 2247 3187 Ph„

1363 3199 1483 3239 ,puppi
1506 3200 1633 3229 ventus.
1676 3197 1721 3228 Et
1745 3197 1786 3228 de
1811 3205 1944 3236 corpore
1968 3196 2114 3228 dictum:
2142 3203 2252 3239 προ,

1380 3245 1486 3290 χιτὼν
1513 3241 1602 3277 ἅπαν
1628 3240 1700 3276 κατ’
1724 3240 1851 3288 ἄρθρον
1871 3243 1925 3274 Tr.
1948 3239 2028 3274 769.
2073 3237 2204 3287 πλευρὰ
2227 3259 2231 3263 .
2274 3239 2276 3241 ’

1383 3289 1481 3338 ῥάχιν
1499 3289 1626 3336 ἤλαυνε
1644 3287 1754 3324 παίων
1773 3291 1855 3329 Aeg.
1876 3291 1917 3321 fr.
1939 3286 1997 3321 21.
2026 3290 2078 3320 De
2095 3288 2188 3320 vultu
2198 3296 2210 3318 :
2246 3319 2250 3329 ,-

1384 3349 1475 3383 ματα
1499 3349 1548 3383 τῳ
1564 3335 1703 3382 νυμφίῳ
1723 3338 1804 3368 Ant.
1828 3332 1895 3368 760
1922 3340 1995 3368 ante
2012 3336 2131 3367 oculos.

1384 3385 1478 3417 modo
1502 3385 1746 3425 intelligendus
1773 3384 1818 3415 sit
1841 3384 1934 3415 locus
1959 3383 2013 3415 Ai.
2036 3379 2124 3414 775:
2153 3375 2221 3414 καθ
2242 3399 2255 3429 ,3
2280 3428 2285 3434 ·
