2288 3600
104 372 282 412 probemus
299 371 416 403 efficit.
460 371 579 403 Elmsl.
606 380 650 404 ex
674 372 856 412 Musgravii
882 372 996 404 conie-

56 454 59 455 .
78 414 193 465 ’ὕδρας
218 428 256 465 γε
271 411 368 464 τῆσδ’
384 415 425 452 ἄν
441 418 567 459 edidit,
597 419 723 460 Reisig.
744 421 809 466 γῆς
822 429 870 451 ex
887 420 996 451 abun-

58 458 87 502 ³5¹.
119 474 225 506 quam
249 474 476 506 epexegeseos
499 466 684 508 explicuit,
713 467 821 507 qualis
847 467 997 498 cernitur

86 522 104 550 ς
119 510 236 553 πέδον,
257 515 321 559 γῆς
340 510 486 546 ἔπαυλα.
531 513 623 545 Haec
639 514 770 546 diversa
787 517 879 545 sunt.
925 512 997 554 Ego

61 588 62 591 ,
100 561 109 586 ί
141 570 159 592 ν
185 563 220 592 et
242 559 373 605 οἴκησιν
397 561 562 600 intelligo.
622 562 674 593 Ita
704 558 779 594 εὖτε
811 562 869 594 νῦν
897 557 997 606 ἔδρας

66 625 76 648 .'
88 617 128 640 .-ν
146 600 199 654 ἐφ’
218 605 315 653 ὑμῶν
328 605 433 653 τῆσδε
456 610 521 653 γῆς
544 601 670 654 ἔκαμψ’
684 606 752 654 ἐγώ
765 618 798 640 ν.
817 605 874 640 84.
903 607 999 653 κάμ-

56 666 72 698 .·‘
91 655 186 686 enim
203 655 271 687 etsi
288 655 329 687 de
346 654 577 695 componendis
601 655 644 686 ad
670 655 849 687 cedendum
873 656 998 687 artibus

2 733 3 738 ,
57 735 63 739 ,
78 709 155 733 um
172 706 224 733 est
235 727 243 743 ,
269 703 433 743 ineptiret
449 706 560 734 tamen
578 706 676 744 poeta
687 727 695 743 ,
723 704 752 734 si
769 703 998 734 adnuentibus

63 750 66 752 ’
80 765 83 775 r
99 747 233 781 'cedem
247 749 341 781 illam
357 758 489 780 saxeam
502 759 520 780 a
538 759 574 781 se
590 754 785 791 occupatam
802 750 884 782 Oed.
905 750 997 782 dice-

4 815 5 818 =
75 794 143 828 {hoc
166 797 279 837 potius
304 796 403 837 dicit,
431 797 567 828 illorum
584 797 730 838 propitia
755 798 927 829 voluntate
945 798 997 829 ef-

132 851 226 884 esse,
263 846 303 875 ut
336 844 372 875 in
398 844 512 876 Attica
535 848 625 876 terra
648 849 809 885 tanquam
835 845 999 876 habitator

84 904 89 917 1
106 894 180 922 101.
225 893 288 937 σῆς
306 887 405 937 ἕδρας
424 888 604 924 ἐπίσκοποι
621 891 675 924 00
697 888 775 923 112.
803 889 843 925 οὐ
859 890 924 938 γὰρ
941 885 998 936 ἥδ’

64 939 228 984 υμικροῦ
246 935 288 971 λό
311 948 350 971 ου
370 934 472 970 1163.
516 936 567 976 τίς
593 935 633 972 ἂν
659 936 715 985 εἴη
732 932 828 984 τήνδ’
854 938 871 973 ὁ
890 947 999 985 προσ-

57 980 240 1031 41νὲδριιν;
266 949 354 1018 1165
367 1010 375 1026 ,
403 985 490 1027 quod
507 986 635 1018 dictum
651 991 704 1018 est
719 990 759 1018 ut
776 986 834 1018 ΟΒ
849 983 873 1018 2
889 987 998 1027 deque

56 1035 74 1073 J
123 1033 149 1064 's
165 1033 329 1074 supplicis
346 1033 387 1064 ad
403 1042 492 1064 aram
516 1034 676 1066 sessione.
721 1031 825 1067 εὐθὺς
842 1031 877 1072 ἐξ
895 1031 995 1079 ἔδρας

77 1096 81 1100 ·
101 1089 171 1124 ιμε
183 1080 237 1111 Αἰ.
253 1077 321 1112 780
338 1090 413 1112 cum
430 1082 666 1112 assurrexisset.
696 1078 761 1127 οὐχ
780 1077 879 1127 ἕδρας
897 1079 994 1126 ἀκμή

65 1156 67 1159 ,
106 1124 305 1172 τυραννίδος
329 1124 494 1161 θακοῦσιν
517 1125 661 1174 ἡδίστην
686 1124 786 1174 ἕδραν
811 1129 928 1160 Alead.
951 1129 991 1160 fr.

78 1169 118 1207 8.
140 1191 181 1198 —-
197 1174 287 1206 011111
312 1175 349 1206 in
371 1175 460 1206 thesi
477 1176 624 1216 positum
641 1176 686 1207 sit
701 1180 832 1216 praeter
849 1176 934 1207 illud
951 1176 992 1207 fr.

88 1217 146 1262 9,
164 1221 226 1253 hoc
243 1222 312 1254 loco
328 1230 397 1254 uno
413 1222 522 1264 prima
538 1223 717 1255 manifesto
730 1223 936 1264 producitur,
956 1226 996 1254 ut

118 1269 188 1301 „do
205 1269 404 1309 tragicorum
423 1271 500 1302 fert.

67 1323 86 1353 '5'
104 1323 268 1374 ’ὃρᾶνον
293 1327 392 1361 sede-³.
435 1328 580 1361 Pluralis
606 1330 697 1361 solus
722 1329 856 1369 legitur.
886 1325 925 1362 οὔ
942 1338 996 1361 τοι

69 1372 113 1416 ᾖ
144 1367 172 1407 α’
189 1372 230 1408 ἐκ
253 1368 354 1407 τῶνδ’
371 1371 521 1421 ἑδράνων
540 1373 670 1409 ἄκοντά
693 1386 743 1413 τις
764 1373 835 1416 ἄξει
853 1375 908 1408 00
928 1372 994 1407 176

64 1422 111 1447 ’“1
141 1418 180 1454 δὲ
201 1415 302 1454 τῶνδ’
327 1419 478 1468 ἑδράνων
503 1420 604 1456 πάλιν
623 1421 770 1457 ἔκτοπος
787 1419 909 1469 ἔκθορε
926 1419 994 1454 233

76 1465 339 1509 'deigniflcatur
356 1471 453 1502 sessio
471 1475 505 1502 et
524 1479 618 1503 mora
630 1481 640 1501 :
667 1465 742 1504 ἀλλ’
760 1468 825 1504 ἄνα
838 1468 873 1511 ἐξ
891 1467 996 1514 ἑδρά-

47 1558 52 1563 ,
74 1560 89 1563 Η
112 1535 120 1548 .
143 1511 210 1548 194
226 1515 277 1548 011.
316 1516 409 1549 Suid.
431 1528 462 1548 v.
485 1514 649 1563 ἑδράνων.
694 1517 834 1550 Phavor.
855 1527 890 1559 p.
911 1514 991 1549 323.

80 1558 231 1610 ,ἑδρέων
247 1563 348 1595 habet
365 1565 478 1596 nescio
495 1574 538 1596 an
551 1565 689 1597 fortuito
704 1573 824 1607 errore,
845 1565 910 1597 etsi
928 1574 994 1597 non

79 1609 218 1643 'Aiacis
235 1611 366 1644 fabulae
383 1613 532 1644 nomine.

71 1665 125 1714 „B
134 1679 153 1715 ρ
162 1681 184 1703 α
193 1679 247 1716 σμ
258 1681 280 1703 α
304 1680 337 1702 ν.
367 1667 524 1705 ἑδώλιον.

84 1724 268 1762 δώλιον
292 1728 392 1761 aedes.
436 1730 571 1761 Plurale
596 1732 729 1761 tantum
745 1729 891 1761 videtur.
932 1726 996 1775 ἀρ-

84 1771 134 1807 71,
153 1785 196 1809 τοι
222 1775 349 1822 πατρὸς
376 1774 424 1814 είς
443 1774 570 1810 ἑδώλια
588 1777 642 1808 El.
667 1773 757 1808 1394
774 1786 846 1808 sen.
868 1776 919 1808 ch.
949 1777 997 1808 sic

166 1820 364 1869 ἑδράσματα
381 1824 498 1864 schol„
529 1824 564 1856 id
588 1824 677 1865 quod
701 1827 796 1856 extat
821 1825 856 1855 in
882 1833 992 1864 apogr.

95 1879 157 1902 ue
179 1874 216 1902 et
239 1881 304 1912 quo
322 1871 416 1904 Suid.
450 1872 558 1903 utitur
582 1871 623 1903 ad
636 1871 838 1911 explicanda
854 1868 993 1911 ἑδώλια,

87 1930 97 1945 1
116 1924 168 1950 ns
183 1918 361 1950 mendosae
379 1919 564 1960 scripturae
581 1919 735 1960 patescit.
760 1935 801 1942 --
819 1916 862 1952 τὰ
872 1915 997 1963 Τροίας

145 1961 272 1999 ἑδώλια.
288 1965 390 2005 synd.
407 1967 449 1998 fr.
466 1962 542 2006 152,
560 1963 591 2007 1,
619 1967 715 2007 quasi
731 1966 994 2005 substructiones,

92 2045 98 2052 ,,
123 2024 129 2039 1
143 2012 212 2044 nia
228 2017 263 2044 et
278 2014 502 2046 munimenta.
522 2030 564 2037 —-
589 2010 678 2059 ἀμφὶ
697 2011 759 2057 μὲν
776 2017 861 2046 νεῶν
878 2010 999 2058 ἄκροι-

34 2060 42 2098 [
98 2065 120 2089 4ι
140 2061 314 2097 ναυτικοῖς
331 2053 380 2104 [θ’
392 2062 513 2092 inserit
528 2061 632 2092 Diud.
657 2071 685 2092 0.
705 2057 822 2104 Βο111.]
842 2057 998 2096 ἑδωλίοις

92 2102 292 2153 ’φλέγοντος
309 2108 364 2140 Ai.
388 2104 489 2140 1277.
518 2107 718 2140 Scholalkl.
740 2105 997 2152 ὑποστρώμασι,

95 2159 108 2195 ,J
145 2162 196 2186 σι
210 2157 279 2187 τῶν
296 2157 394 2188 νεῶν.
636 2152 668 2198 (1
684 2165 719 2196 p.
739 2151 820 2195 484,
839 2155 864 2186 l.
885 2151 935 2186 2a
953 2152 998 2198 f.)

38 2217 42 2245 '5
102 2222 238 2258 ᾗομαι
263 2213 396 2245 consido
423 2210 478 2257 [de
501 2214 616 2245 formis
641 2224 673 2246 v.
695 2213 859 2254 Krueger.
881 2214 938 2257 Gr.
963 2210 994 2254 1,

126 2261 200 2291 11111.
217 2256 250 2292 2.
266 2270 300 2302 p.
315 2257 397 2293 202.
427 2261 507 2293 Lob.
525 2261 620 2292 Path.
634 2257 714 2294 381.
738 2260 887 2292 Classen.
902 2262 994 2292 Ann.

17 2307 20 2310 ’
40 2343 43 2349 ¹
100 2310 151 2337 12.
174 2303 275 2339 1859.
301 2317 336 2349 p.
359 2304 456 2351 302].
502 2301 659 2353 ἑζόμεσθ’
684 2305 835 2354 ἐφέστιοι
862 2307 920 2339 OR
937 2304 993 2339 32.

41 2360 46 2395 ᾗ
118 2363 132 2384 1»—
156 2350 228 2391 oia:
254 2352 353 2400 ζυγὸν
381 2352 540 2399 ἑζόμενον
563 2356 619 2386 Ai.
639 2351 708 2386 249
727 2355 778 2387 ch.
807 2365 839 2386 v.
861 2355 942 2386 Lob.
964 2358 998 2386 et

42 2397 44 2402 '
98 2397 216 2436 :zvini
240 2400 362 2446 σεμνὸν
388 2399 516 2447 ἑζόμην
543 2399 671 2448 βάθρον
695 2396 765 2435 τόδ’
786 2400 997 2448 ἀσκέπαρνον

43 2452 46 2479 ἵ
96 2442 141 2493 ss'··
183 2445 220 2481 ἐν
237 2442 266 2481 δ’
283 2447 445 2495 ἐρειπίοις
469 2453 600 2495 νεκρῶν
625 2447 794 2495 ἐρειφθεὶς
822 2445 914 2487 ἕζετο
937 2450 993 2480 Ai.

46 2522 48 2538 3
98 2510 118 2526 ¹.·
148 2508 156 2521 ι
198 2498 260 2527 tua
284 2493 377 2530 ἑσθῶ
402 2496 580 2528 dubitabili
604 2498 673 2528 1000
690 2496 745 2529 00
765 2492 832 2528 195
849 2497 901 2528 ch.
924 2493 998 2539 [ubi

46 2545 50 2582 ἱ
121 2538 159 2587 ”ἦ
175 2535 270 2576 ’σθιῑι
307 2553 390 2575 0011.
418 2541 530 2589 ἡσθῶ.
551 2543 652 2576 schol.
673 2553 726 2590 γρ.
746 2541 843 2588 ἡστῶ
861 2541 901 2587 (i.
922 2553 951 2574 e.
973 2540 996 2586 ἦ

47 2595 50 2627 ξ
103 2604 105 2608 ·
142 2586 186 2622 -ἱ
201 2587 345 2635 βέλτιον.
392 2591 589 2632 Suspectam
612 2592 777 2622 noviciam
800 2591 914 2622 aoristi
932 2591 998 2621 for-

48 2653 62 2674 2„
89 2647 93 2653 ‘-
107 2663 115 2680 .·
131 2644 177 2667 11·
194 2637 336 2669 'fortasse
349 2639 386 2670 in
397 2635 512 2672 κλιθῶ
526 2638 721 2670 mutandam
735 2641 851 2670 censet
860 2635 994 2681 Dind.].

49 2677 68 2730 ί.
99 2676 249 2724 Μῆς.
269 2683 292 2730 ἤ
312 2688 381 2718 στῶ
399 2685 591 2726 ediderunt,
614 2682 759 2730 ἑσθῆναι
775 2685 882 2716 malae
899 2689 998 2716 notae

50 2721 62 2776 ’Χ
106 2730 127 2773 {35
146 2736 194 2772 s,
226 2732 315 2773 quod
338 2733 497 2764 adversus
522 2733 659 2772 Phryn.'
674 2737 786 2764 tamen
811 2742 845 2773 p.
873 2728 942 2763 269
965 2735 1000 2764 01

51 2771 63 2824 ἶ,
184 2774 254 2811 483
278 2788 322 2811 ex
346 2784 519 2821 poetarum
549 2780 793 2812 consuetudine
823 2788 889 2811 non
912 2779 998 2810 male

52 2822 128 2869 ⁵...-
167 2824 282 2859 Herm.
343 2828 567 2860 Veteri-imam
606 2828 767 2859 librorum
800 2827 998 2867 scripturam

62 2901 65 2903 .
110 2903 116 2909 ,
131 2874 161 2898 ἰι
181 2885 197 2899 11
221 2881 288 2906 11011
304 2879 474 2915 caperent,
494 2875 585 2907 varie
603 2878 792 2915 corruptam
809 2874 876 2905 iam
893 2874 999 2913 glossa

105 2952 106 2956 ,
134 2934 145 2944 1·
168 2921 288 2962 arguit,
308 2922 405 2963 isque
423 2922 624 2954 emendandi
642 2922 728 2954 fons.

103 2972 350 3027 θ,ελητός
381 2981 599 3012 voluntarius.
651 2977 741 3013 ἄνων
775 2977 837 3024 μὲν
868 2975 998 3012 τούτων

157 3021 338 3059 »ούδένΟΟ
357 3024 478 3059 523111.
500 3028 616 3060 Herm.
636 3036 694 3068 pro
712 3024 783 3060 ἄνω
802 3038 838 3071 μ.
859 3037 890 3059 τ.
911 3022 999 3059 αὐθ-

124 3078 150 3103 v<
164 3082 191 3104 .
219 3071 269 3105 Of.
289 3071 361 3108 ἄνω
377 3078 412 3106 01
428 3071 639 3119 αὐθαίρετος.

62 3125 65 3169 ζ
112 3128 113 3131 ’
152 3125 322 3178 λοντής
346 3133 567 3165 voluntarius.
610 3130 708 3178 κάγὼ
724 3125 901 3177 ’θελοντὴς
918 3123 999 3176 τῷδ’

129 3208 167 3221 Δ.
183 3175 276 3224 πόνῳ
300 3179 357 3212 Ai.
377 3176 433 3212 24.
479 3176 645 3224 θελοντής
671 3189 863 3220 quanquam
888 3178 947 3209 LA
964 3181 999 3209 et

197 3247 207 3267 ,
233 3226 333 3265 scribi
355 3230 470 3259 tamen
492 3228 532 3258 ab
559 3227 679 3258 Elmsl.
708 3235 774 3258 non
791 3226 909 3258 debuit
923 3228 998 3266 post

181 3283 186 3298 ¹
203 3284 208 3296 ³
225 3285 240 3299 ·1
265 3273 345 3306 Lob.
366 3274 408 3306 ad
423 3273 546 3314 Phryn.
570 3284 605 3316 p.
626 3271 660 3305 7.

132 3324 151 3370 v¹:
169 3336 229 3375 ku
250 3343 336 3377 volo.
379 3344 468 3384 Quid
490 3344 624 3376 differre
641 3344 819 3375 videantur
835 3339 948 3376 ἐθέλω
965 3346 1000 3374 01

147 3394 187 3438 ’ῥ’
209 3389 246 3422 in
271 3389 332 3422 1100
354 3392 456 3423 verbo
472 3391 705 3433 pertractando
723 3391 916 3432 expositum
933 3393 996 3430 est,

148 3435 224 3463 ’1111
257 3436 299 3469 v'ld
334 3437 519 3471 'discrimen
551 3448 571 3471 a
602 3437 703 3481 Soph.
739 3438 900 3470 violatum
933 3439 996 3468 est.

140 3469 177 3502 ,εἰ,

27 3175 66 3247 a

63 3277 68 3331 ἶ

32 3359 33 3362 “
65 3345 71 3379 l

67 3429 72 3472 l

119 3524 189 3556 ¹:¹¹⁷!

809 152 1041 228 Ἕδρανον
1071 189 1134 198 -
1164 159 1220 210 Εἰ

69 267 240 310 leuatae
257 277 572 318 interpretationem
597 274 665 323 ἐγὼ
681 275 747 324 γὰρ
762 275 829 311 οὐκ
845 274 998 323 anamm-
1035 277 1193 310 Praeaena
1209 280 1345 320 propter
1369 281 1587 320 anapaestum
1611 287 1630 309 a
1655 278 1813 310 diverbiis
1839 279 2043 311 excluditur.

81 320 278 365 Ἀέντεῦθεν,
300 324 388 365 quod
404 324 446 356 ad
461 324 603 364 primam
616 325 899 364 significationem
917 332 996 365 per·
1032 326 1072 356 In
1091 325 1280 366 anapaestis
1305 329 1488 366 utrumque
1514 329 1713 365 usurpatum
1734 335 1826 366 esse,
1855 336 2048 368 quanquam

1952 164 2048 213 195

1033 372 1210 413 aliquando
1228 373 1411 413 scripturae
1429 373 1607 403 diversitas
1634 381 1703 404 rem
1721 374 1857 414 cognitu
1873 374 2048 406 difficilem

1033 419 1164 458 reddat,
1197 419 1276 451 Lob.
1305 420 1493 451 observavit
1519 420 1556 450 ad
1576 420 1631 450 Ai.
1652 416 1709 451 24.
1753 418 1858 453 τόπον
1876 419 2048 466 προσιδεῖν

1033 463 1165 503 ἐθέλεις
1182 466 1243 498 Ρ11.
1259 463 1337 498 145.
1367 460 1395 498 σ’
1413 463 1543 500 ἐθέλων
1562 459 1659 499 πόλλ’
1677 465 1856 512 ἀνερέσθαι
1873 469 1931 500 OB.
1942 465 2044 500 1303.

1034 513 1088 546 Sic
1112 514 1255 545 editores
1282 522 1418 554 omnes,
1447 523 1490 545 ex
1516 514 1640 555 quibus
1664 514 1779 546 Herm.
1806 515 1943 556 quidem
1966 525 2047 547 ana-

1034 562 1160 602 paestis
1178 562 1356 592 convenire
1372 558 1503 594 ἐθέλειν
1520 562 1632 601 potius
1646 570 1746 602 quam
1760 559 1872 594 θέλειν
1889 563 2044 594 affirmat.

1036 608 1093 639 LA
1112 612 1145 639 et
1163 609 1218 639 PA
1238 606 1351 642 θέλων
1369 618 1401 648 q.
1423 618 1455 640 V.
1485 608 1679 639 Melicorum
1698 610 1854 650 exempla
1870 610 1935 642 duo
1952 614 2043 642 sunt.

1035 648 1105 688 οὐδ’
1124 652 1237 689 ἐθέλω
1254 653 1435 700 προλιπεῖν
1452 653 1530 688 τόδε
1547 655 1601 687 El.
1623 652 1699 687 132.
1732 657 1789 687 LA
1807 667 1825 687 a
1841 666 1890 698 pr.
1913 667 1956 688 m.
1978 650 2048 689 οὐδ’

1035 700 1078 735 αὖ
1096 698 1201 742 θέλω,
1223 712 1298 734 cum
1313 712 1428 734 versus
1442 702 1573 742 damno,
1595 714 1613 734 a
1625 712 1669 734 m.
1688 712 1753 735 rec.
1771 713 1873 744 supra
1886 705 2048 744 scriptum

1035 747 1115 782 οὐδὲ
1134 747 1240 782 θέλω.
1270 750 1320 781 De
1339 755 1443 782 metro
1461 758 1577 781 versus
1594 759 1638 781 ex
1657 751 1761 789 Hybr.
1790 752 1830 782 fr.
1856 748 1925 782 596
1951 748 2048 784 ἐσθί-

1034 806 1082 829 ειν
1101 794 1233 829 ἐθέλων
1250 795 1322 839 (vel
1338 794 1451 830 θέλων
1467 822 1474 837 ,
1496 807 1573 829 nam
1590 807 1642 838 ap.
1665 798 1790 829 Athen.
1814 795 1868 829 14.
1891 809 1924 839 p.
1945 794 2014 830 657
2031 809 2050 830 a

1034 844 1112 875 libri
1130 842 1336 887 discrepant)
1352 843 1410 877 τὸν
1429 842 1585 890 δέλφακα
1611 844 1751 876 iudicari
1776 854 1841 876 non
1859 850 1981 886 potest.
2004 863 2045 868 —

1035 890 1174 932 Imperf.
1229 888 1331 925 θελον
1357 890 1420 936 μὲν
1447 889 1489 924 ἄν
1516 901 1551 923 σε
1569 888 1752 936 πεισθῆναι
1767 892 1827 924 Ρ11.
1852 889 1953 924 1278.
1998 886 2048 925 ὅτ’

1034 935 1135 975 αὐτὸς
1153 936 1218 982 ἤθε
1244 949 1281 971 ον
1300 938 1354 970 00
1374 935 1453 970 591.
1498 935 1625 983 ἤθελον
1647 933 1676 970 δ’
1693 936 1733 971 ἂν
1752 937 1850 972 ἐκτὸς
1867 938 1913 972 ὢν
1930 943 2047 986 τυχεῖν

1034 986 1089 1017 Ai.
1110 983 1167 1017 88.
1213 979 1288 1018 ἀλλ’
1306 982 1433 1029 ἤθελον
1457 984 1518 1030 μέν
1536 986 1592 1017 Ai.
1615 982 1717 1017 1400.
1762 984 1826 1019 οὐκ
1843 984 1968 1031 ἤθελες
1985 986 2048 1021 θέ-

1033 1030 1126 1066 λοντι
1148 1030 1360 1078 προσθέσθαι
1383 1031 1484 1079 χάριν
1517 1032 1572 1064 OC
1598 1029 1677 1064 767.
1722 1031 1917 1075 *θάνατον,
1945 1031 2047 1080 ὅνπερ

1032 1076 1158 1124 ἤθελεν
1186 1081 1240 1111 Ai.
1263 1076 1332 1111 968
1356 1077 1450 1124 [secl.
1474 1077 1608 1124 Dind.].
1655 1078 1796 1126 ἔπραξεν
1822 1079 1895 1114 οἷον
1921 1078 2046 1125 ἤθελεν

1032 1127 1087 1159 00
1105 1124 1194 1159 1704
1213 1138 1255 1158 111.
1302 1125 1415 1173 ὥσπερ
1442 1124 1569 1171 ἤθελον
1597 1126 1654 1160 τὸν
1671 1125 1778 1173 ἄνδρα
1794 1125 1923 1172 λώβαις
1942 1126 2048 1174 ἐκβα-

1030 1172 1104 1207 λεῖν
1123 1176 1177 1206 Ai.
1201 1170 1287 1206 1391
1310 1175 1502 1215 cupiebant,
1523 1175 1651 1216 quippe
1668 1176 1717 1206 ira
1734 1177 1987 1207 exstimulante.
2004 1193 2045 1199 -—-

1032 1222 1192 1253 Aoo-istus.
1221 1219 1273 1255 οἶν
1293 1218 1361 1266 ἐγὼ
1378 1219 1489 1266 ἥκιστ’
1506 1218 1546 1254 ἂν
1564 1215 1711 1267 ἤθέλησ’
1729 1220 1914 1256 ὀλωλότοιν
1930 1220 2047 1256 κλύειν

1032 1268 1093 1300 Ρ11.
1115 1265 1195 1301 427.
1241 1265 1280 1302 οὐ
1312 1267 1352 1302 λό
1377 1280 1423 1301 ων
1442 1267 1586 1302 ἀκοῦσαι
1603 1265 1758 1315 ἠθέλησέ
1777 1270 1832 1302 Ai.
1856 1266 1956 1302 1070.
2001 1269 2047 1307 ὥς

1032 1309 1075 1359 [σ’
1092 1317 1213 1363 inserit
1236 1313 1310 1359 LA]
1335 1281 1495 1362 ἤγθέλησα
1522 1314 1612 1361 μηδέ
1636 1310 1666 1347 σ’
1692 1310 1735 1361 [γ’
1754 1314 1829 1360 LA]
1855 1314 1895 1350 ἂν
1921 1321 2048 1361 γνῶναι

1032 1362 1090 1394 OR
1106 1360 1207 1395 1348.
1237 1361 1273 1400 ὃς
1308 1365 1352 1408 ῆν
1369 1355 1534 1409 πατρῴαν
1551 1360 1706 1408 ἠθέλησε
1726 1361 1787 1407 μὲν
1805 1363 1885 1408 πυρὶ
1903 1367 2044 1410 πρῆσαι,

1032 1406 1187 1456 ἠθέλησε
1213 1403 1240 1441 δ’
1275 1421 1296 1442 α
1314 1420 1419 1455 ματος
1449 1413 1566 1443 κοινοῦ
1592 1408 1767 1443 πάσασθαι
1793 1412 1873 1442 Ant.
1900 1408 1968 1444 200
1994 1421 2044 1452 sq.

1033 1454 1103 1489 οὔτ’
1121 1455 1311 1502 ἠθέλησας,
1333 1454 1401 1490 οὔτ’
1415 1456 1483 1503 ἐγὼ
1500 1454 1730 1503 ’κοινωσάμην
1744 1455 1824 1489 539.
1854 1457 1900 1490 ὡς
1911 1455 2048 1504 ἠθελη-

1033 1502 1138 1551 σάτην
1156 1503 1256 1538 αὐτὸν
1275 1502 1434 1549 ἐκβαλεῖν
1453 1507 1566 1550 ταφῆς
1583 1502 1664 1549 σ’ίτερ
1682 1506 1736 1535 Αἱ.
1762 1502 1862 1536 1387.

1097 1566 1262 1612 ”Εθνος
1287 1584 1379 1614 90113.
1411 1571 1532 1620 Σύρων
1551 1571 1651 1611 ἔθνος
1669 1574 1788 1616 Tymp.
1810 1576 1851 1606 fr.
1873 1571 1952 1606 564.
1995 1576 2047 1607 De

1034 1620 1115 1662 feris
1133 1622 1260 1653 bestiis:
1287 1626 1452 1668 χαροπῶν
1471 1619 1555 1667 ἔθνη
1574 1620 1692 1667 θηρῶν
1710 1622 1769 1654 Ρ11.
1795 1619 1881 1653 1147
1900 1632 1944 1654 111.
1980 1619 2048 1668 θη-

1036 1671 1104 1714 ρῶν
1130 1667 1255 1716 ἀγρίων
1287 1662 1371 1715 ἔθνη
1397 1671 1478 1701 Ant.
1507 1666 1577 1701 344
1602 1670 1653 1701 ch.
1668 1681 1676 1709 ;
1713 1673 1752 1700 ut
1775 1680 1806 1700 v.
1836 1665 1906 1700 342
1940 1666 2047 1714 φῦλον

1036 1712 1181 1761 ὀρνίθων
1194 1741 1201 1755 ,
1228 1717 1288 1749 1100
1306 1727 1324 1748 a
1342 1726 1431 1748 more
1449 1717 1595 1748 civitatis
1612 1716 1876 1748 Atheniensium
1893 1717 2044 1757 ductum,

1034 1763 1124 1804 apud
1141 1773 1224 1805 quos
1243 1762 1348 1810 φυλαί
1362 1765 1540 1805 aliquando
1558 1762 1640 1809 γένη
1658 1768 1693 1794 01
1710 1760 1794 1809 ἔθνη
1812 1763 1989 1795 dicuntur:
2011 1774 2043 1795 v.

1035 1811 1170 1842 Disseu.
1199 1811 1241 1842 ad
1264 1812 1362 1843 Pind.
1391 1821 1424 1852 p.
1453 1808 1533 1843 400.
1564 1828 1605 1833 -
1630 1811 1742 1842 Prima
1758 1811 1901 1851 syllaba,
1933 1815 1972 1842 ut
1988 1820 2048 1852 par

1035 1861 1095 1898 est,
1118 1859 1154 1889 in
1172 1859 1237 1890 arsi
1255 1859 1462 1900 producitur,
1484 1859 1520 1890 in
1538 1858 1626 1890 thesi
1645 1858 1832 1898 corripitur.

1100 1909 1239 1954 ”Εθος
1272 1917 1484 1949 consuetudo.
1534 1915 1573 1950 τό
1598 1927 1651 1949 τοι
1673 1913 1819 1961 σύνηθες
1843 1913 1991 1961 ὀρθώσει
2014 1911 2048 1961 μ’

1037 1960 1116 2000 ἔθος
1134 1964 1194 1995 Ρ11.
1215 1960 1296 1996 894.
1757 1961 1790 2006 (1
1807 1973 1840 2004 p.
1861 1960 1931 1995 486
1948 1964 1971 1995 l.
1993 1960 2048 2006 9.)

1105 2018 1165 2056 El.
1194 2024 1220 2055 Ι.
1248 2023 1488 2055 conditionalis
1507 2026 1675 2063 proto-scos
1699 2023 1865 2063 particula
1885 2023 2047 2054 indicium

1035 2073 1098 2109 est,
1118 2071 1146 2100 si
1162 2071 1368 2110 significans.
1424 2068 1454 2102 1.
1475 2070 1489 2111 ΙΙ
1507 2069 1591 2101 Cum
1616 2069 1795 2101 indicativo
1815 2071 1998 2110 praesentis
2019 2073 2049 2101 et

1035 2115 1144 2156 futuri
1162 2118 1240 2149 item
1252 2119 1506 2158 praeteritorum
1531 2114 1577 2150 ἄν
1602 2116 1753 2148 additum
1773 2126 1843 2148 non
1861 2117 2049 2148 habentium

1035 2165 1282 2196 ratiocinationi
1314 2166 1412 2196 servit
1444 2174 1482 2195 ez
1514 2173 1548 2195 re
1581 2163 1660 2196 data
1692 2163 1822 2203 factave
1858 2163 2045 2204 faciendae.

1039 2209 1198 2243 Praesens
1214 2212 1331 2243 habet:
1361 2209 1392 2244 ε’(
1407 2222 1440 2243 τι
1456 2204 1607 2257 χρῄζεις,
1629 2209 1735 2257 φράζε
1752 2211 1813 2242 Ρ11.
1834 2208 1892 2242 49.
1921 2209 1951 2243 εἰ
1966 2221 2049 2256 κερ-

1034 2255 1180 2304 τόμησίς
1198 2256 1268 2291 ἐστι
1284 2256 1424 2304 τάληθῆ
1450 2256 1560 2302 λέγειν
1582 2268 1626 2289 sc.
1648 2256 1687 2290 λέ
1711 2270 1740 2290 ω
1759 2254 1861 2290 1236.
1897 2256 1926 2290 εἰ
1943 2255 1980 2290 δὲ
1999 2256 2048 2303 μὴ

1035 2302 1145 2350 λέγων
1162 2309 1269 2351 κυρῶ,
1290 2304 1468 2350 πέπαυμαι
1483 2302 1585 2336 1279.
1613 2305 1642 2338 ὧ
1656 2303 1694 2350 φί
1716 2299 1787 2337 ‘tar'
1804 2303 1920 2345 εἰπών,
1943 2303 1972 2337 εί
1988 2302 2049 2337 λέ-

1036 2358 1105 2396 γεις
1123 2350 1277 2397 ἐτήτυμα
1297 2349 1396 2384 1290.
1434 2351 1463 2385 εἰ
1482 2350 1518 2384 δὲ
1535 2351 1584 2397 τῷ
1601 2350 1684 2397 ξένῳ
1703 2350 1889 2397 προσήκει,
1913 2350 1964 2389 τίς
1981 2349 2049 2385 ἀθ-

1035 2396 1196 2445 λιώτερος
1210 2400 1267 2431 OR
1277 2397 1358 2474 8343
1387 2398 1416 2457 e}
1435 2398 1472 2432 δέ
1487 2406 1542 2465 rii
1554 2396 1748 2455 πορεύεται,
1766 2397 1920 2461 κακάννιν
1936 2396 2048 2432 ἕλοιτο

1037 2444 1299 2539 ξῖἑῗαθῗεῖῗῇσῗ
1310 2457 1432 2526 εῗέἰῗέ.
1441 2442 1813 2539 εὲἡὲῗέἷέῗξὶἶ-,ᾈέἴῖἔ
1822 2443 2049 2526 333⁸?ssss

1035 2534 1119 2586 λῆμ’
1138 2538 1228 2587 ἔχων
1247 2539 1386 2585 ἀφίκου,
1415 2539 1445 2573 εἰ
1469 2539 1550 2573 τάδε
1577 2539 1689 2577 δοκεῖς
1711 2537 1822 2573 τελεῖν
1839 2537 1909 2572 878
1923 2540 1974 2571 011.
2020 2538 2049 2572 εἰ

1034 2585 1107 2623 τάδ’
1125 2586 1198 2635 ἔχει
1215 2586 1304 2621 κατὰ
1319 2589 1399 2620 νοῦν
1416 2586 1532 2633 κείνῳ,
1552 2581 1644 2621 ταῦτ’
1661 2585 1701 2620 ἂν
1715 2586 1867 2632 ἀπαρκοῖ
1879 2584 1968 2619 1768
1977 2587 2045 2627 011.,

1036 2636 1123 2676 quod
1140 2636 1286 2666 mixtum
1310 2644 1353 2666 ex
1371 2640 1458 2667 certo
1475 2636 1574 2676 paulo
1590 2636 1752 2666 incertius
1770 2635 2048 2666 ratiocinantibus

1036 2683 1170 2714 dicendi
1187 2681 1312 2722 genus,
1344 2683 1439 2714 velut
1461 2676 1531 2716 οὐδ’
1556 2681 1586 2714 εἰ
1611 2680 1725 2718 δοκεῖς
1756 2681 1773 2715 ἕ
1800 2691 1866 2722 ειν,
1896 2679 1990 2728 ἔχοις
2007 2678 2048 2713 ἂν

1056 2692 2045 2810 ΨἭῇἙῊᾞῶῌθᾺΨᾺ

1037 2822 1067 2857 εἴ
1082 2834 1115 2856 τι
1134 2787 1342 2868 figmensi
1374 2802 1402 2863 ι’,
1423 2823 1533 2869 κάρτα
1551 2821 1716 2868 μαίνομαι
1735 2824 1790 2855 Τ1.
1836 2820 1892 2855 45.
1938 2821 1968 2856 εἰ
1985 2820 2049 2856 οὐκ

1036 2869 1099 2917 ἐᾷς
1117 2867 1257 2903 θάπτειν
1277 2880 1321 2902 sc.
1367 2868 1452 2916 έγεις
1466 2872 1519 2902 Ai.
1538 2867 1639 2902 1131.
1669 2869 1699 2903 εἰ
1712 2869 1760 2915 μή
1778 2881 1811 2903 τι
1827 2871 1948 2915 καιροῦ
1965 2881 2048 2916 τυγ-

1034 2917 1145 2964 χάνω,
1164 2915 1383 2962 μεθάρμοσον
1398 2918 1451 2950 El.
1470 2915 1526 2949 31.
1554 2916 1583 2950 εἰ
1602 2911 1629 2949 δ’
1647 2914 1832 2962 ἐλευθέραν
1851 2927 1893 2962 με
1906 2914 1958 2950 δεῖ
1971 2915 2044 2963 ζῆν,

1056 2962 1107 2997 στὶ
1124 2958 1221 2999 πάντ’
1239 2962 1407 2998 ἀκουστέα
1425 2961 1504 2996 339.
1533 2961 1648 2997 ἐλθεῖν
1667 2963 1728 3007 (sc.
1748 2962 1899 3007 κελεύω)
1916 2962 2048 2997 ἐκεῖνον

1035 3011 1067 3045 εἴ
1087 3022 1119 3044 τι
1143 3009 1252 3045 τῶνδε
1277 3009 1360 3056 δρᾶν
1382 3013 1455 3045 νοεῖ
1480 3007 1559 3043 389.
1596 3005 1791 3055 πεσούμεθ’,
1822 3010 1851 3044 εἰ
1902 3009 1945 3056 ρή
1963 3007 2043 3043 399.

1036 3058 1065 3092 εἰ
1090 3056 1127 3091 δὲ
1152 3058 1205 3092 σοὶ
1231 3056 1321 3091 δοκῶ
1342 3061 1478 3104 φρονεῖν
1495 3061 1625 3098 κακῶς,
1644 3057 1724 3091 τοὺς
1740 3055 1846 3094 πέλας
1865 3057 1947 3104 ψέγε
1965 3055 2044 3090 550.

1036 3104 1065 3139 εἰ
1082 3105 1145 3152 γὰρ
1162 3103 1286 3146 θέλεις,
1309 3103 1442 3144 δίδαξον
1459 3103 1539 3137 585.
1586 3103 1693 3150 μὴκεῖ
1709 3115 1796 3142 τινες
1815 3103 1943 3138 δόλοισι
1963 3102 2048 3149 βου-

1035 3151 1189 3187 λεύουσιν
1209 3149 1380 3197 ἐκβαλεῖν,
1403 3150 1491 3199 ἐφῄς
1509 3149 1588 3184 648.
1617 3150 1762 3185 καινέτω
1778 3162 1840 3191 τις,
1859 3150 1889 3184 εἰ
1907 3149 2048 3197 βαρύνε-

1034 3211 1090 3234 ται
1106 3197 1186 3232 820.
1215 3198 1244 3232 εἰ
1260 3198 1440 3246 τυγχάνει-ς
1459 3197 1609 3232 δοκοῦσά
1624 3209 1656 3232 τι
1674 3201 1823 3245 φρονεῖν,
1873 3197 1961 3244 ρόνει
1977 3209 2048 3232 τοι-

1036 3250 1122 3281 αῦτα
1141 3244 1242 3279 1055.
1271 3239 1407 3287 παῖσον,
1427 3245 1457 3279 εί
1474 3243 1617 3285 σθένεις,
1639 3244 1763 3291 διπλῆν
1783 3243 1845 3277 141
1878 3271 1884 3278 .
1914 3244 2048 3293 χαίροις

1035 3292 1094 3335 ἄν,
1126 3292 1156 3327 εἴ
1181 3304 1233 3327 σοι
1249 3292 1361 3373 χαξξὰ
1377 3292 1538 3339 τυγχάνει
1557 3291 1736 3340 [τυγχάνοι
1751 3293 1864 3324 Βίῃά.’
1876 3303 1919 3324 ex
1936 3293 1996 3324 LA
2014 3297 2048 3324 et

1037 3339 1150 3385 Suid.]
1164 3339 1248 3374 τάδε
1268 3338 1283 3372 1
1336 3338 1368 3372 7.
1404 3341 1457 3372 Ibi
1480 3341 1571 3372 enim
1593 3342 1761 3381 optativus
1777 3340 1972 3381 potentialis
1987 3348 2048 3381 pro

1035 3389 1233 3430 imperativo
1247 3391 1310 3420 est.
1339 3386 1369 3421 εἰ
1386 3381 1414 3420 δ’
1428 3385 1542 3420 ἔπεστι
1553 3386 1699 3433 νέμεσις,
1720 3384 1760 3421 οὐ
1777 3384 1867 3432 λέγω
1883 3383 1983 3418 1467.
2003 3384 2044 3412 -’-

1039 3435 1125 3469 011111
1145 3434 1316 3477 perfecto.-
1345 3432 1370 3480 ή
1393 3432 1495 3482 χάρις
1521 3434 1600 3480 μέν,
1632 3433 1663 3468 εί
1688 3433 1738 3480 μὴ
1763 3433 1870 3471 κακὸς
1893 3431 2044 3479 πέφυκα,

1698 3488 1767 3525 13·
