2288 3600
0 2861 189 2941 732.---

219 115 317 163 312

887 111 1228 179 Θαλαμηπόλος
1258 142 1319 149 -
1349 111 1608 177 Θανάσιμος

1972 126 2000 170 [Ι
2012 137 2046 169 Ρ.
2070 124 2287 174 vis-780]

217 228 337 276 τιμὰς,
372 228 446 264 εἶτα
469 233 533 276 τῆς
573 228 766 275 ὑπερτάτης
798 228 996 276 τυραννίδος
1031 228 1061 262 τ’
1096 228 1236 276 ἄγουσιν
1271 228 1282 273 Η
1302 229 1461 271 Proprius
1477 240 1562 263 usus
1573 232 1614 263 de
1626 232 1761 274 floribus
1774 232 1875 264 herbis
1889 233 2056 266 arboribus
2072 236 2198 275 copton
2213 245 2288 268 mc-

217 276 396 325 αἰσχίστην
423 275 535 324 ἕδραν.
575 279 722 310 Brunck.
750 275 928 323 ἐσάγουσιν
962 281 1075 310 contra
1099 287 1236 310 versum

218 327 329 366 dedit,
358 326 456 366 longe
474 326 611 358 felicius
627 321 792 359 θακοῦσιν
809 335 854 357 ex
873 324 1027 357 Salmasii
1044 326 1237 358 coniectura

219 374 367 406 Grotius.
413 371 478 405 Sed
503 382 614 414 neque
640 368 806 406 θακοῦσιν
836 373 1006 405 commode
1031 373 1072 404 ad
1098 368 1237 418 ἀνθρώ-

218 427 304 454 πους
319 421 438 453 referri
455 423 577 462 potest,
605 429 690 461 quae
708 419 888 452 durissima
905 423 996 452 esset
1013 421 1235 452 construetio-

1272 277 1496 310 crescentibus.
1525 275 1647 312 θάλλει
1663 277 1738 312 κατ’
1754 277 1849 326 ἦμαρ
1866 278 1933 313 αἰεὶ
1948 278 2128 327 νάρκισσος
2145 281 2202 315 OG
2218 279 2283 316 681

1274 325 1324 357 ch.
1356 323 1512 370 φύτευμα
1531 323 1548 359 ὃ
1573 323 1657 371 τᾷδε
1676 323 1797 360 θάλλει
1816 325 1958 373 μέγιστα
1973 327 2074 374 χώρᾳ
2091 326 2160 361 700
2176 329 2228 362 ch.
2244 348 2284 354 —

1273 370 1284 416 Η
1301 373 1473 404 Tralatum
1490 373 1529 404 de
1546 374 1682 415 florente
1706 383 1816 405 rerum
1834 375 2055 407 humanarum
2070 378 2170 408 statu.
2200 375 2288 424 μέγα

1274 417 1463 457 θάλλοντές
1480 418 1545 452 εἰσι
1562 422 1620 453 νῦν
1639 418 1674 454 ἐν
1692 417 1732 455 Ἀ
1757 419 1856 467 γείων
1875 421 2009 467 στρατῷ
2027 422 2088 455 Ph.
2108 419 2189 456 420.
2219 434 2288 458 πα-

218 470 272 500 nis
285 468 443 507 inversio,
473 471 507 499 et
523 468 683 499 librorum
701 468 867 509 scriptura
891 468 955 499 alio
969 467 1071 499 ducit.
1102 464 1207 501 ἄκου
1219 486 1237 492 -
1271 465 1351 513 τρὸς
1367 463 1556 505 θάλλοντος
1575 468 1656 499 Ant.
1679 465 1723 500 70
1753 493 1759 499 .
1789 465 1913 514 Κρέων
1931 466 2070 503 θάλλων
2087 467 2218 517 εὐγενεῖ
2233 470 2288 506 τὲ..

220 525 284 548 σιν
309 516 403 547 enim
429 515 499 547 cod.
528 515 559 546 N
577 514 744 546 Gaisfordi
769 525 787 546 a
803 524 848 546 m.
870 525 937 556 pr.,
962 515 1120 555 idemque
1138 515 1233 546 Voss.

218 564 278 595 ubi
302 563 458 594 librarius
485 573 503 595 ο
528 562 652 594 calamo
670 564 862 594 transverso
880 563 1017 594 delevit.
1053 562 1126 601 Qua
1143 562 1184 594 de
1202 572 1237 594 re

220 611 344 650 corrigo
367 606 593 649 θάκοισιν,
623 618 688 650 quo
714 612 749 641 et
773 612 931 642 accentus
957 609 1051 641 ducit
1074 613 1108 641 et
1131 610 1233 641 ratio:

218 656 385 703 χρήματα
409 653 606 703 ἀνθρώποις
635 653 756 701 φίλους
783 654 930 702 εὑρίσκει
958 654 1018 690 καὶ
1046 654 1148 701 τιμὰς
1181 654 1239 689 καὶ

221 697 322 750 ἕδραν
338 701 490 739 Ιεθάκοισι
510 701 728 749 τυραννίδος,
759 703 802 735 ad
827 704 946 735 solium
970 705 1097 743 reyium
1119 713 1238 744 prove-

221 754 314 784 hunt.
335 752 432 784 Porro
449 749 593 796 ἡδίστην
612 748 724 797 ἕδραν,
747 761 812 783 non
827 749 1006 797 αἰσχίστην
1024 751 1239 783 defendimus

956 797 987 841 (Ι
1006 808 1040 839 p.
1061 795 1140 839 778,
1163 795 1239 841 20.)

291 865 453 914 Θᾶλᾶμ
495 865 630 906 πόλος
654 870 709 910 qua·
734 868 918 900 thalamum
945 868 1139 908 inyredz'tur.
1176 866 1240 901 αὒ-

219 916 277 955 τὸς
306 914 446 961 (λιμὴν)
518 925 616 948 κεσεν
645 913 742 948 παιδὶ
778 914 837 949 καὶ
863 914 967 961 πατρὶ
993 913 1239 961 θαλαμηπόλῳ

219 966 337 998 πεσεῖν
355 964 413 996 OR
433 960 475 996 12
500 926 521 995 ἵ)
546 963 586 995 de
603 964 709 1004 patris
736 967 770 994 et
793 964 856 994 filii
872 973 949 995 cum
967 964 1093 995 Iocasta
1111 973 1240 995 connu-

218 1014 285 1044 bio.
309 1030 350 1036 —
376 1012 427 1043 De
445 1014 586 1044 accentu
610 1011 690 1042 satis
715 1014 844 1042 constat
860 1020 903 1042 ex
921 1010 1023 1042 schol.
1053 1011 1093 1041 11.
1114 1021 1129 1043 ε
1157 1007 1236 1043 523.

223 1060 322 1091 Eust.
343 1069 376 1100 p.
398 1055 478 1099 578,
502 1054 558 1089 35.
590 1054 690 1098 1862,
713 1054 770 1089 21.
799 1057 865 1089 EM
884 1068 916 1098 p.
933 1054 991 1098 93,
1008 1054 1064 1089 34.

292 1121 410 1164 Θᾶλᾶ
421 1139 474 1173 μο
486 1139 513 1165 ς.
542 1128 719 1169 Proprium
743 1129 784 1160 de
810 1127 956 1159 thalamo
983 1129 1126 1169 nuptiali
1141 1140 1147 1159 z
1183 1128 1240 1162 τὸν

219 1173 424 1225 Ἡράκλειον
450 1173 608 1220 θάλαμον
634 1176 690 1207 Tr.
712 1172 792 1207 913.
831 1175 895 1208 Sed
919 1175 959 1206 de
984 1176 1194 1208 conclavibus
1212 1179 1242 1207 et

221 1225 317 1257 domo
335 1225 494 1256 universe
512 1221 686 1266 οἰκονομῶ
705 1219 885 1266 θαλάμους
903 1221 1029 1268 πατρὸς
1047 1223 1100 1254 El.
1119 1220 1237 1255 190111.

219 812 250 832 v.
272 796 371 843 ἡδύς.

220 1323 317 1365 νομῶ
351 1322 385 1351 et
417 1315 653 1363 ὑπερίσταται;
691 1326 769 1348 vera
795 1318 961 1358 scriptura
993 1328 1045 1358 ap.
1075 1318 1177 1349 eund.
1207 1328 1237 1349 V.

223 1364 354 1406 ἀναξία.
375 1365 592 1397 Transfertur
610 1365 713 1396 varie.
735 1362 955 1409 κρυπτομένα
973 1359 1000 1396 δ’
1021 1363 1054 1397 ἐν
1072 1363 1241 1410 τυμβήρει

222 1411 373 1459 θαλάμῳ
390 1413 472 1444 Ant.
494 1408 564 1443 946
578 1422 622 1443 m.
638 1412 679 1443 de
697 1421 800 1444 aeneo
814 1412 947 1443 Danaes
966 1412 1166 1444 habitaculo.
1190 1413 1241 1443 De

222 1461 304 1494 Orco
322 1465 356 1492 et
379 1460 498 1492 inferis
522 1459 580 1492 τὸν
598 1456 785 1504 παγκοίταν
803 1452 856 1492 ὅθ’
882 1457 953 1505 ὁρῶ
972 1455 1130 1503 θάλαμον
1148 1454 1243 1503 τήνδ’

222 1505 420 1554 Ἀντιγόνην
437 1504 626 1540 ἀνύτουσαν
651 1507 732 1538 Ant.
754 1503 823 1538 804
840 1516 894 1538 an.
924 1507 1083 1547 Denique
1101 1508 1141 1538 de
1161 1508 1243 1538 mari

223 1557 351 1588 dictum
377 1552 413 1592 ἐς
440 1552 547 1599 μέγαν
573 1550 733 1598 θάλαμον
757 1547 982 1599 Ἀμφιτρίτας
1008 1554 1066 1586 OR
1086 1551 1151 1586 195
1171 1555 1237 1594 ch„

224 1603 312 1645 quod
337 1612 396 1635 cur
427 1603 468 1634 de
497 1602 583 1632 mart
614 1601 830 1643 potissimum
856 1601 1023 1632 Atlantico
1055 1602 1242 1633 secundum

223 1651 349 1691 Musgr.
378 1650 624 1692 interpretetur
647 1648 764 1680 Herm.
796 1657 861 1679 non
887 1649 1066 1689 perspicio.
1118 1649 1170 1680 De
1188 1659 1242 1680 ac-

223 1701 325 1730 centu
342 1708 374 1728 v.
395 1697 472 1731 Arc.
493 1706 526 1737 p.
549 1691 606 1736 60,
630 1692 683 1727 14.

293 1764 321 1802 Θ
332 1765 443 1801 αλάσ
453 1776 472 1800 σ
482 1776 492 1799 ι
502 1777 520 1799 ο
530 1776 547 1803 ς
565 1765 650 1807 quod
667 1767 769 1797 maris
782 1769 838 1796 eat.
869 1762 1054 1799 θαλάσσιον
1082 1764 1243 1812 ἐκρίψατε

222 1816 281 1849 OR
307 1812 408 1847 1411.
445 1810 714 1847 καταποντίσατε
746 1813 980 1854 explicuerim.
1027 1814 1079 1845 De
1105 1817 1182 1845 tono
1209 1825 1239 1845 v.

223 1863 300 1895 Arc.
322 1871 355 1904 p.
377 1858 434 1902 40,
455 1857 513 1893 21.

293 1924 459 1967 Θάλεια
498 1931 725 1970 defectivum,

223 1975 391 2015 ΘΑΛΥΣ.
428 1979 513 2011 Nam
539 1977 741 2010 femininum
770 1977 877 2009 videri
903 1977 1020 2009 usitati
1045 1975 1183 2015 θάλειος
1207 1982 1241 2010 et

221 2026 452 2069 pronuntiatio
469 2026 609 2058 ultimae
634 2027 669 2056 et
685 2028 842 2056 accentus
867 2034 933 2056 non
958 2026 1088 2058 sinunt.
1119 2026 1170 2057 De
1188 2036 1241 2058 ac-

224 2078 326 2107 centu
344 2084 375 2104 v.
397 2073 496 2105 Eust.
517 2083 551 2114 p.
567 2069 669 2112 1474,
683 2069 739 2104 54.
762 2072 805 2103 cs.
827 2081 861 2112 p.
877 2068 958 2108 472,
979 2068 1044 2104 36:
1076 2074 1124 2104 sic
1148 2074 1239 2104 enim

221 2121 481 2162 distinguuntur
498 2116 656 2153 θάλεια
672 2119 893 2159 adiectivum,
924 2120 1100 2160 epularum
1119 2130 1239 2160 cogno-

223 2178 300 2200 men
323 2170 540 2210 perpetuum,
570 2170 605 2198 et
629 2163 766 2199 θαλία
791 2162 815 2210 ἡ
833 2163 976 2213 εὐωχία.
1000 2184 1041 2189 -
1062 2168 1239 2199 Homerico

223 2216 327 2257 igitur
352 2223 440 2246 more
467 2213 644 2255 Sophocles
676 2210 813 2258 ἦλθεν
847 2210 894 2245 δὲ
929 2211 1022 2250 δαὶς
1054 2211 1235 2254 θάλεια,

221 2259 465 2308 πρεσβίστη
491 2257 603 2295 θεῶν
630 2260 770 2300 TriptoL
792 2260 832 2291 fr.
854 2256 923 2292 539
941 2271 993 2302 ap.
1011 2261 1157 2299 Hesych.
1180 2262 1238 2293 ad—

220 2310 359 2343 dentem
382 2306 406 2353 ἡ
433 2301 481 2341 δι’
507 2305 637 2352 ἐράνων
660 2304 802 2353 εὐωχία.
833 2304 916 2341 ἔνιοι
940 2305 978 2341 δὲ
1002 2306 1062 2345 τὰς
1080 2304 1236 2346 Μούσας.

219 2357 391 2389 Postrema
416 2355 625 2388 emendanda
650 2364 693 2386 ex
718 2365 751 2385 v.
780 2351 904 2388 θαλεία
927 2353 1026 2399 (sic):
1057 2353 1167 2389 ἔνιοι
1193 2353 1240 2389 δὲ

220 2403 299 2448 τὴν
333 2399 529 2438 Μοῦσαν.
574 2401 726 2443 Uterque
759 2402 852 2433 locus
884 2402 1042 2444 imperite
1077 2404 1236 2444 scriptus.

221 2451 351 2483 Musam
373 2451 421 2482 sic
444 2449 511 2482 dici
527 2452 676 2490 constat,
704 2448 762 2480 sed
780 2458 916 2480 coenam
945 2446 1107 2483 θαλίαν
1125 2450 1238 2482 docto-

220 2508 295 2530 rum
325 2501 479 2529 veterum
512 2496 704 2528 testimonia
732 2496 915 2534 evincunt;
953 2505 1014 2528 nec
1047 2498 1239 2539 probandus

221 2544 415 2578 Schneider.
440 2543 480 2576 ad
505 2543 590 2575 Plat.
617 2543 743 2584 Rpubl.
772 2552 806 2584 Ρ.
828 2538 896 2574 573
911 2543 941 2574 D
966 2544 1179 2576 l-brariorum
1205 2548 1238 2576 et

218 2593 254 2624 in
272 2592 410 2624 Platone
428 2594 462 2622 et
485 2591 595 2622 lexico
611 2590 817 2622 Bachmanni
834 2590 961 2622 Anecd.
983 2591 1010 2622 1.
1034 2601 1068 2631 p.
1090 2588 1171 2631 254,
1193 2588 1238 2623 24

220 2643 255 2670 et
271 2638 456 2680 Philopono
481 2638 516 2669 in
534 2637 621 2670 thes.
640 2636 756 2678 Steph.
778 2640 804 2668 t.
826 2633 859 2668 4.
888 2647 922 2678 p.
944 2633 989 2669 36
1015 2639 1184 2670 erroribus
1202 2648 1239 2670 eo

219 2687 374 2726 abutens,
395 2688 435 2717 ut
451 2681 592 2718 θάλειαν
609 2684 736 2725 pariter
752 2686 853 2725 atque
870 2680 993 2717 θαλίαν
1010 2689 1087 2726 post
1100 2686 1239 2717 Homeri

219 2736 363 2765 aetatem
387 2733 425 2764 in
442 2732 645 2764 substantivi
673 2740 775 2762 usum
792 2731 1012 2771 degenerasse
1035 2732 1172 2764 dixerit.
1195 2750 1236 2756 -

219 2781 271 2812 De
290 2779 488 2820 Triptolemi
504 2779 575 2810 loco
593 2779 635 2810 cf.
656 2778 773 2810 Valck.
794 2778 836 2810 ad
852 2778 961 2810 Adon.
982 2789 1017 2820 p.
1039 2775 1108 2812 318
1126 2779 1163 2812 C.

287 2846 465 2891 βαλλός
489 2858 612 2880 ramus.
650 2845 724 2881 ἄνω
754 2844 911 2892 βλαστεῖν
937 2845 1084 2894 βρύοντα
1108 2846 1237 2882 θαλλόν

219 2897 274 2928 ΕΙ.
296 2886 375 2976 4&-
404 2892 534 2929 θαλλὸν
558 2893 735 2942 χιμαίραις
762 2892 924 2974 [χιμαίρᾳ
941 2893 1066 2940 Dind.]
1083 2895 1238 2941 προσφέ-

221 2954 289 2987 ρων
307 2954 325 2975 ν
346 2940 480 2976 σσπάδα
498 2943 586 2974 Past.
607 2943 649 2974 fr.
670 2939 750 2982 445,
800 2967 807 2973 .
838 2939 873 2974 ἐν
891 2941 1073 2975 νεοσπάσιν
1092 2940 1237 2981 θαλλοῖς

220 2983 482 3037 συγκατῄθομεν
516 2990 596 3021 Ant.
630 2985 730 3021 1202.
767 2986 967 3029 θαλλοῖσιν,
1003 2986 1026 3032 ἢ
1060 2988 1237 3035 κρόκαισιν

218 3035 386 3083 (ἐρέψω);
423 3037 479 3069 OC
504 3033 584 3068 474.
629 3036 730 3068 Haud
753 3036 856 3068 dubie
881 3036 935 3068 hic
960 3037 1043 3068 rami
1065 3037 1157 3068 oleae
1183 3037 1236 3069 di-

219 3088 355 3123 cuntur,
377 3093 442 3124 quo
461 3093 562 3115 sensu
574 3083 697 3115 Atticis
715 3083 885 3123 peculiare
903 3080 1033 3116 θαλλόν
1052 3084 1158 3115 fuisse
1177 3085 1236 3116 ob-

219 3134 329 3162 servat
342 3131 440 3163 Eust.
455 3140 488 3172 p.
505 3127 606 3169 1818,
627 3126 681 3161 14.
713 3130 807 3168 Quod
825 3130 879 3161 hic
896 3131 1082 3162 secundum
1099 3131 1236 3162 Aelium

220 3178 420 3216 Dionysium
439 3177 551 3217 refert,
581 3173 709 3210 θαλλόν
737 3186 803 3208 non
821 3178 869 3208 sic
887 3178 1086 3217 simpliciter
1103 3178 1161 3209 sed
1178 3178 1237 3209 ad-

219 3225 305 3263 dito,
334 3225 430 3256 cuius
455 3224 586 3263 generis
610 3233 722 3255 ramus
748 3224 812 3262 sit,
841 3224 906 3255 dici
932 3233 966 3264 p.
991 3221 1092 3264 1557,
1113 3221 1171 3265 23,
1199 3226 1234 3256 in

218 3274 332 3312 poetas
350 3280 415 3302 non
434 3271 531 3302 eadit.
560 3271 611 3302 De
624 3274 763 3302 accentu
781 3271 934 3302 observat
957 3271 1047 3302 idem
1064 3271 1087 3302 l.
1110 3281 1137 3302 c.

779 1930 876 1962 cuius
919 1929 1098 1962 thematica
1140 1932 1242 1972 stirps

279 3338 315 3374 -Θ
327 3338 406 3374 ἀλλ
416 3354 455 3374 ω.
479 3341 672 3372 Formarum
687 3341 824 3372 nonnisi
835 3350 990 3381 praesens
1004 3345 1038 3372 et
1051 3341 1236 3381 perfectum

217 3387 394 3420 secundum
412 3398 431 3420 τ
441 3385 456 3421 έ
467 3385 520 3433 θη
531 3385 551 3420 λ
562 3400 582 3421 α
599 3388 769 3429 praesenti
788 3388 979 3428 significatu
993 3389 1095 3420 afflue
1110 3392 1231 3421 exstat.

1273 525 1364 547 κνων
1391 513 1502 560 σπορᾷ
1522 511 1622 546 1164.
1659 516 1723 548 Sed
1750 516 1790 548 de
1814 519 1903 548 statu
1926 517 2126 549 valetudinis
2149 521 2181 550 et
2204 519 2288 551 vitae

1274 562 1341 593 dici
1358 561 1492 593 videtur
1511 559 1646 595 ἔλειπον
1666 560 1827 609 ἰσχύοντά
1848 574 1884 596 τε
1909 562 1967 597 καὶ
1991 562 2102 604 ζῶντα
2125 563 2185 598 καὶ
2202 561 2288 599 θάλ-

1274 606 1390 649 λοντα,
1419 606 1481 642 κού
1500 607 1591 655 νόσῳ
1611 607 1715 655 βαρύν
1734 611 1787 642 Tr.
1809 607 1890 651 235,
1916 621 2000 652 quae
2018 616 2186 652 postrema
2201 615 2288 655 prio-

1276 666 1350 688 rum
1368 666 1444 687 cum
1462 657 1593 697 poetica
1610 657 1744 689 dicendi
1762 659 1856 699 copia
1872 659 2078 699 prolatorum
2094 657 2194 706 ἀντίφ
2218 671 2288 694 ασιν

1276 704 1463 735 continent.
1494 700 1559 741 ἕως
1576 702 1632 737 τὸν
1650 703 1855 761 κασίγνητον
1874 703 1939 751 βίῳ
1957 703 2133 740 θάλλοντά
2147 701 2176 740 τ’
2192 670 2250 754 [pm
2264 705 2288 741 τ’

1277 745 1323 783 ἔτ’
1342 750 1444 782 Dind.
1467 761 1495 781 c.
1518 749 1651 796 Reisk.]
1678 750 1861 797 εἰσηκουον
1889 753 1942 784 El.
1965 750 2035 785 952
2051 754 2073 785 i.
2094 763 2127 795 q.
2158 753 2194 788 ἐν
2212 753 2288 801 βίῳ,

1276 795 1451 831 θάλλοντά
1472 808 1519 831 τε.
1546 816 1587 822 -
1615 799 1666 830 De
1683 799 1802 831 morbis
1826 803 1856 831 et
1879 801 1975 831 malis
2000 800 2194 840 vtyentibua.
2223 800 2246 847 ἡ
2265 800 2288 835 δ’

1277 843 1345 890 ἐμὴ
1371 843 1470 881 νόσος
1495 843 1548 878 ἀεὶ
1571 842 1698 901 τέθηλε
1725 844 1809 879 κάπὶ
1827 845 1945 891 μεῖζον
1973 845 2109 894 ἔρχεται
2125 849 2186 881 Ρ1ι.
2208 846 2288 881 259.

1276 891 1420 936 πήματα
1446 890 1519 937 ἁγὼ
1543 890 1618 926 κατ’
1641 904 1738 938 ημαρ
1763 892 1822 927 καὶ
1837 888 1914 927 κατ’
1939 893 2110 941 εὐφρόνην
2128 893 2181 929 ἀεὶ
2205 893 2288 930 θάλ-

1275 937 1379 973 λοντα
1397 937 1530 984 μᾶλλον
1547 937 1570 984 ἢ
1588 938 1832 986 καταφθίνονθ’
1850 940 1941 987 ὁρῶ;
1970 943 2024 975 El.
2045 939 2126 976 260.

1348 995 1544 1042 [*Θάλος
1561 999 1584 1030 i.
1605 1009 1636 1040 q.
1659 996 1787 1037 θαλλός
1812 1001 1892 1032 Ant.
1915 997 1984 1034 600
2001 1001 2052 1033 ch.
2075 1014 2105 1034 v.
2128 1000 2246 1049 φάος]

1348 1054 1523 1094 Θάλπος
1550 1061 1667 1089 aestus.
1704 1059 1841 1100 Proprie
1865 1057 1905 1093 οὐ
1931 1057 2065 1094 θάλπος
2087 1059 2188 1102 θεοῦ,
2223 1057 2288 1095 οὐδ’

1278 1102 1407 1150 ὄμβρος
1427 1105 1481 1136 Tr.
1497 1102 1562 1137 145
1581 1106 1660 1137 solis
1677 1109 1800 1138 aestus.
1832 1107 1896 1140 Sed
1913 1109 2076 1140 cruciatus
2093 1113 2128 1141 et
2144 1109 2288 1142 dotorum

1278 1153 1369 1192 faces
1395 1153 1629 1192 significantur
1651 1157 1720 1186 τῶν
1736 1151 1989 1198 (τοξευμάτων)
2013 1153 2051 1188 σὺ
2078 1153 2211 1194 θάλπος
2230 1154 2288 1203 οὐχΙ

1278 1197 1495 1245 ὑπεκδραμεῖ
1512 1200 1592 1231 Ant.
1618 1197 1718 1232 1086.
1758 1201 1905 1233 Tiresias
1929 1202 2018 1234 dicta
2041 1206 2228 1244 pungentia
2244 1205 2288 1236 di-

222 1274 288 1314 Ap·
318 1271 412 1305 Suid‘
434 1280 477 1304 ex
495 1271 774 1311 interpretatione
794 1267 922 1314 δόμους
948 1271 1072 1310 legitur
1091 1281 1121 1301 w
1144 1269 1241 1303 οἰκο-
1258 1266 1261 1294 2
1278 1248 1334 1286 cit,
1357 1248 1480 1288 quibus
1495 1247 1647 1279 Creontis
1665 1250 1797 1280 animus
1811 1249 2014 1282 sollicitarat.
2031 1269 2074 1274 -—-
2092 1251 2144 1283 Cf.
2161 1251 2288 1291 Musgr.

1279 1295 1300 1325 l.
1323 1305 1349 1325 c.
1373 1298 1407 1325 et
1424 1295 1545 1326 Blomf.
1567 1295 1612 1335 gl.
1634 1295 1756 1327 Aesch.
1780 1295 1872 1337 Sept.
1895 1293 1975 1328 427.

1350 1361 1510 1398 Θάλπω
1534 1368 1567 1396 et
1593 1366 1762 1396 transitive
1789 1370 1822 1397 et
1848 1368 2054 1399 intransitive
2070 1369 2203 1401 dicitur.
2234 1370 2288 1402 lllc

1279 1413 1313 1443 in
1333 1422 1454 1452 genere
1482 1412 1496 1454 ΙΙ
1523 1416 1575 1443 est
1599 1412 1778 1452 calefacere
1796 1417 1830 1445 et
1847 1413 1982 1453 favere:
2008 1417 2179 1456 passivum
2209 1418 2288 1448 cale-

1279 1469 1364 1490 scere
1382 1463 1411 1490 et
1429 1460 1556 1491 siccari.
1587 1458 1633 1496 ὡς
1661 1457 1687 1491 δ’
1714 1457 1885 1494 ἐθάλπετο
1903 1459 1966 1504 (sc.
1988 1459 2101 1495 ἀκτῖνι
2125 1461 2288 1507 ἠλιώτιδί

1280 1508 1334 1538 Tr.
1357 1503 1436 1538 697.
1468 1503 1635 1539 θάλπεται
1655 1504 1745 1552 ῥάκη
1763 1507 1825 1540 Ph.
1846 1505 1901 1540 38.
1923 1506 2108 1554 χλανιδίων
2135 1503 2288 1555 ἐρειπίοιξ

1281 1551 1461 1587 θάλπουσα
1485 1551 1544 1587 καὶ
1570 1551 1729 1600 ψύχουσα
1754 1555 1848 1587 Niob.
1881 1556 1920 1587 fr.
1942 1553 2023 1597 400,
2051 1554 2074 1588 2
2098 1558 2139 1589 de
2166 1559 2288 1590 nutrice

1280 1602 1408 1633 dictum
1421 1626 1428 1639 ,
1459 1602 1611 1633 infantes
1630 1603 1765 1633 fovente
1782 1606 1818 1634 et
1835 1606 1992 1635 curante:
2014 1614 2046 1634 v.
2067 1604 2158 1636 Plut.
2179 1605 2282 1637 Moral

1261 1660 1263 1692 3
1280 1659 1313 1690 p.
1337 1643 1402 1680 691
1415 1649 1446 1680 d.
1469 1649 1523 1680 Ad
1540 1648 1757 1690 Sophocleam
1775 1650 1922 1681 fabulam
1940 1660 2056 1683 versus
2074 1652 2147 1683 illos
2165 1653 2288 1684 rettuli*

1262 1693 1396 1728 lValck.
1425 1696 1465 1727 ad
1489 1695 1621 1727 Phalar.
1642 1706 1675 1737 p.
1697 1696 1741 1728 X.
1765 1715 1805 1720 —
1832 1697 1846 1739 ΙΙ
1871 1697 2003 1730 Tralate
2021 1698 2148 1731 dictum
2172 1703 2225 1731 est
2241 1710 2288 1732 ca·

1281 1744 1408 1782 lescere,
1431 1742 1582 1774 incendi:
1611 1740 1645 1780 ἐς
1662 1740 1694 1775 τί
1721 1754 1780 1787 μοι
1799 1741 1956 1789 βλέψασα
1971 1742 2098 1779 θάλπει
2114 1740 2193 1792 τῷδ’
2209 1744 2288 1792 ἀνη-

1261 1807 1263 1818 ι
1281 1789 1391 1835 κέστῳ
1410 1788 1511 1834 πυρί,
1541 1790 1595 1821 El.
1617 1787 1686 1823 888
1704 1800 1762 1821 cur
1779 1794 1848 1822 tam
1866 1793 2003 1824 insanae
2027 1794 2095 1832 spei
2113 1792 2225 1826 dedita
2241 1795 2288 1825 es!

1281 1837 1445 1869 Probabili
1463 1838 1654 1869 coniectura
1668 1838 1815 1869 Brunck.
1830 1839 1870 1870 fr.
1892 1839 1957 1871 inc.
1973 1840 2100 1871 LXXV
2121 1837 2288 1884 [Thamyr⁴

1261 1914 1262 1918 ,
1279 1881 1349 1916 232
1366 1886 1387 1916 b
1420 1882 1543 1928 Dind.]
1563 1886 1778 1929 μουσομανεῖ
1802 1879 1826 1917 δ’
1855 1882 2038 1940 ἐθάλφθην
2065 1884 2199 1933 δακετῷ
2216 1889 2288 1920 scri-

1279 1933 1358 1972 psit,
1380 1941 1455 1963 cum
1474 1933 1666 1971 vulgaretur
1685 1929 1870 1978 ἐλάμφθην
1890 1943 1907 1965 o
1942 1944 1983 1966 αν
2001 1932 2060 1966 καὶ
2083 1933 2186 1979 τῷ-
2206 1934 2221 1977 ΙΙ
2238 1936 2288 1967 In-

1278 1979 1453 2010 transitive
1479 1978 1518 2009 de
1542 1982 1634 2010 aestu
1659 1980 1899 2018 inysravescente
1924 1981 2048 2013 dicitur
2071 1983 2224 2023 proprie,
2253 1983 2288 2014 de

1277 2029 1390 2057 urente
1416 2025 1525 2057 dolore
1550 2026 1667 2058 tralate
1691 2020 1792 2070 καῦμ’
1820 2024 1951 2060 ἔθαλπε
1974 2029 2054 2060 Ant.
2076 2025 2155 2060 417.
2187 2026 2288 2062 ἔθαλ-

1278 2071 1339 2118 ψεν
1357 2070 1442 2118 ἄτης
1461 2071 1616 2117 σπασμός
1640 2073 1696 2104 Tr.
1721 2070 1822 2106 1082.
2015 2073 2046 2118 (Ι
2063 2085 2097 2116 p.
2116 2072 2194 2117 780,
2219 2074 2288 2120 10.]

1348 2128 1474 2175 Θαμά
1491 2132 1609 2163 crebro.
1640 2130 1742 2176 σοφαὶ
1768 2136 1902 2178 γνῶμαι
1928 2131 2170 2178 ἐμποδίζονται
2196 2131 2288 2179 θαμά

1278 2179 1338 2211 Ph.
1359 2176 1439 2211 430.
1470 2176 1599 2218 δέλτον,
1620 2178 1683 2224 τὴν
1702 2178 1718 2212 ἐ
1742 2179 1770 2212 ὼ
1788 2177 1885 2224 θαμὰ
1908 2177 2003 2218 θεοῖς
2019 2179 2157 2226 ἀρῶμαι
2173 2193 2288 2226 πημο-

1275 2228 1339 2306 5⁷2³
1467 2223 1587 2305 &33⁶2
1606 2223 1706 2310 322²
1730 2231 1886 2318 ..ῑαζῗῖ
1907 2224 2065 2309 3202022
2086 2225 2288 2309 cazat*

1276 2285 1397 2365 γλύῒκεῖ
1419 2283 1605 2367 παρέσχονρ
1625 2283 1725 2353 1ρ1η44.
1772 2286 1849 2353 Ρι·ογ
1860 2318 1933 2366 ἅμα
1955 2286 2168 2365 ε(ιν.11)ικξ5(ειι.
2197 2287 2288 2364 ebxp‘l‘f

1275 2368 1372 2399 Pind.
1394 2378 1427 2409 p.
1448 2365 1534 2412 421)
1557 2378 1609 2409 ap.
1629 2368 1729 2409 Soph.
1758 2378 1824 2399 non
1842 2369 1978 2408 legitur.
2015 2369 2174 2401 Ceterum
2200 2371 2286 2402 cons.

1276 2415 1419 2446 Boeckh.
1450 2419 1517 2447 not.
1548 2416 1621 2446 crit.
1650 2415 1690 2447 ad
1715 2415 1814 2447 Pind.
1842 2426 1874 2457 p.
1897 2413 1976 2448 384.
2014 2417 2066 2448 De
2091 2420 2231 2449 accentu
2255 2427 2286 2448 v.

1276 2462 1386 2502 Apoll.
1409 2463 1449 2494 de
1468 2463 1543 2495 adv.
1564 2472 1597 2503 p.
1620 2459 1699 2502 563,
1722 2459 1756 2494 3.

1346 2529 1373 2566 Θ
1382 2543 1403 2564 α
1414 2543 1439 2576 μ
1449 2530 1468 2576 β
1479 2530 1496 2565 έ
1506 2545 1534 2565 ω
1569 2532 1767 2572 obstupesco.
1808 2530 1934 2570 καύτὸς
1965 2530 2173 2579 τεθάμβηκα
2206 2534 2286 2566 Ant.

1267 2576 1378 2617 1246.

1346 2632 1403 2672 Θᾶ
1416 2635 1527 2681 μίζω
1552 2638 1659 2669 crebro
1677 2639 1811 2669 versari.
1842 2632 1912 2671 ἕνθ’
1936 2637 1958 2671 ά
1982 2636 2093 2683 λίγεια
2117 2636 2288 2683 μινύρεται

1273 2682 1468 2729 θαμίζουσα
1486 2679 1615 2728 μάλιστ’
1643 2682 1760 2729 ἀηδών
1779 2684 1834 2717 OC
1853 2682 1921 2717 672
1938 2686 1989 2717 ch.
2019 2686 2170 2717 Medium
2186 2686 2288 2727 plane

1275 2733 1390 2763 eodem
1409 2741 1510 2763 sensu
1529 2732 1655 2763 dictum
1674 2733 1763 2764 Past.
1791 2733 1832 2763 fr.
1853 2729 1934 2772 446,
1956 2730 1995 2764 3:
2024 2730 2115 2777 τῷδε
2140 2730 2204 2778 γὰρ
2223 2731 2288 2767 θα-

1276 2777 1419 2822 μίζεται.
1440 2779 1584 2818 Hesych.
1614 2776 1873 2823 θαμίζεται,
1902 2777 2028 2823 ὁμιλεῖ.

1346 2833 1464 2882 Θαμν
1476 2836 1493 2870 ό
1506 2844 1521 2869 ς
1538 2837 1710 2877 frutetum.
1741 2835 1759 2869 ὃ
1786 2836 1845 2870 καὶ
1873 2836 1911 2871 σὺ
1938 2835 2085 2882 θαμνοῖς
2103 2834 2204 2871 οἶσθά
2222 2849 2288 2871 που

1274 2882 1512 2930 κεκρυμμένον
1534 2885 1585 2916 El.
1606 2881 1661 2915 55.
1698 2885 1749 2916 De
1767 2894 1844 2916 vera
1870 2886 2021 2917 vocabuli
2045 2886 2288 2925 significatione

1275 2933 1403 2963 notavit
1420 2932 1517 2964 Eust.
1539 2941 1571 2972 p.
1588 2928 1669 2971 838,
1689 2928 1711 2962 2
1735 2933 1824 2963 unde
1844 2935 1878 2963 et
1894 2936 2064 2971 accentus,
2086 2937 2124 2964 ut
2141 2932 2176 2963 in
2195 2933 2285 2974 peri-

1274 2979 1379 3010 ectico
1395 2982 1535 3010 constat.
1558 2975 1718 3023 [θάμνοις
1736 2979 1828 3010 dedit
1843 2979 1945 3011 Dind.
1968 2976 2157 3022 cmiv}-
2168 2989 2202 2996 τ’
2213 2986 2288 2994 τ’*-

1345 3044 1427 3091 [Θα
1443 3046 1490 3081 ,ιύ
1503 3059 1575 3093 ρας
1595 3059 1626 3080 n.
1648 3059 1696 3089 pr.
1720 3050 1885 3089 Inscripta
1902 3053 1972 3080 erat
1988 3050 2037 3080 sic
2054 3050 2166 3081 fabula
2183 3049 2282 3090 Soph.

1273 3093 1322 3137 (v.
1345 3096 1384 3126 fr.
1405 3092 1427 3126 2
1454 3092 1592 3127 6—-232
1610 3096 1630 3126 b
1650 3094 1783 3139 Dind.),
1814 3096 1910 3127 cuius
1929 3105 2049 3127 nomen
2070 3097 2196 3128 librarii
2215 3097 2285 3136 ple-

1273 3143 1386 3183 risque
1413 3142 1492 3173 locis
1518 3150 1618 3183 prave
1644 3139 1795 3186 Θάμυρις
1822 3143 2072 3174 exhibuerunt:
2110 3144 2152 3174 cf.
2182 3143 2223 3174 de
2249 3152 2287 3174 ea

1274 3190 1377 3220 forma
1395 3189 1434 3220 G.
1458 3189 1561 3220 Dind.
1583 3190 1616 3219 in
1638 3189 1699 3220 Th.
1723 3189 1780 3221 LG
1798 3187 1831 3229 4,
1849 3186 1944 3233 247].

1343 3239 1545 3292 flamiam.
1557 3258 1573 3280 o
1586 3258 1601 3284 ς
1627 3247 1713 3287 quod
1735 3249 1849 3278 mortis
1865 3251 1923 3279 est.
1963 3249 2014 3280 De
2032 3248 2165 3279 homine
2183 3247 2286 3278 more*-

1273 3294 1424 3326 bundus:
1453 3293 1480 3326 ὦ
1498 3296 1590 3340 γαῖα,
1624 3291 1714 3332 δέξαι
1740 3292 1926 3339 θανάσιμόν
1954 3292 1987 3338 μ’
2013 3291 2106 3328 ὅπως
2132 3293 2204 3340 ἔγω
2222 3293 2280 3325 Ph.

1271 3337 1352 3373 819.
1382 3341 1484 3372 Paulo
1499 3341 1596 3372 aliter
1614 3338 1651 3374 εὖ
1670 3338 1737 3374 ἴσθ’
1757 3340 1886 3374 ἐκεῖνον
1906 3339 2095 3385 θανάσιμον
2113 3334 2173 3386 βεβ
2199 3338 2284 3373 κότα

1271 3389 1329 3421 ΟΙὶ
1352 3384 1431 3420 959.
1476 3385 1595 3433 νεκρόν
1628 3388 1755 3428 glossae
1787 3389 1975 3430 explicant,
2020 3393 2054 3420 et
2088 3390 2135 3421 sic
2160 3382 2175 3395 ⁰
2211 3385 2283 3420 ιδου

2258 3494 2288 3537 „0⁴

2243 3535 2288 3568 ἰή
