2288 3600
303 149 401 197 398

301 261 402 297 1121.
448 261 594 298 τοιούσδ’
624 263 776 301 ἐπαινεῖς
807 262 894 308 δῆτα
925 262 963 296 σὺ
993 260 1140 296 κτᾶσθαι
1170 261 1310 308 φίλους;

301 308 402 344 1360.
455 311 502 357 μὴ
537 310 643 356 μείζω
664 308 757 345 κακὰ
783 308 995 356 κτησώμεθα
1022 311 1076 342 El.
1108 307 1209 342 1004.
1253 307 1315 346 τὰς

297 355 426 403 ἡδονὰς
465 358 548 404 πρὸς
591 360 651 391 σοῦ
687 356 840 402 λαβοῦσα
872 356 961 391 κούκ
994 356 1079 403 ἐμὰς
1113 355 1314 402 ἐκτησάμην

299 403 400 439 1303.
446 403 602 439 εὔκλειαν
634 402 674 438 ἂν
699 404 864 451 κτήσαιτο
893 402 1024 449 μᾶλλον
1049 402 1072 449 ἢ
1098 403 1202 450 ψόγον
1221 405 1310 436 Alet.

296 454 338 484 fr.
360 450 416 493 92,
438 451 470 485 3.
515 451 674 499 γυναικὸς
702 450 800 486 οὐδὲν
835 450 874 484 ἂν
911 451 1028 496 μεῖζον
1060 450 1168 484 κακὸν
1201 454 1314 496 κακῆς

297 498 385 546 ἀνὴρ
409 497 567 546 κτήσαιτ’
598 497 638 533 ἅν
659 500 799 531 Phaedr.
822 496 900 539 608,
923 496 956 531 2.
1003 500 1165 530 Notabilis
1190 499 1314 530 locutio

296 553 348 579 est
371 545 502 593 χάριν
527 544 729 580 κτᾶσθαι.
784 545 878 584 ὅπως
912 545 996 591 πρὸς
1032 548 1090 579 σοῦ
1123 557 1155 578 τι
1187 543 1314 590 κερδά-

295 605 389 639 ναιμι
413 593 472 627 καὶ
496 587 598 640 κτῴμ
624 606 642 627 ν
664 593 765 640 χάριν
785 594 839 625 Tr.
865 590 942 625 191.
986 591 1068 626 κάπ’
1091 592 1175 638 ἐμοῦ
1193 590 1314 637 κτήσει

295 641 395 688 χάριν
421 639 501 673 471.
555 641 613 674 διπ
636 634 688 686 ἦν’
710 639 772 685 μὲν
803 638 838 678 ἐξ
869 639 954 685 ἐμοῦ
981 639 1101 685 κτήσει
1125 639 1226 686 χάριν
1251 640 1310 671 Ph.

298 685 400 720 1370.
432 690 548 722 Simile
566 694 618 720 est
635 687 674 722 οὐ
692 688 756 734 γάρ
774 684 851 720 ποτ’
874 686 992 728 εὔνουν
1010 687 1074 732 τὴν
1094 686 1182 732 ἐμὴν
1195 686 1314 731 κτήσει

298 735 404 781 φρένα
431 737 490 768 ΡΙι.
522 733 622 769 1281.
661 754 701 759 -
745 736 1008 775 Adsigniticatur
1040 737 1087 766 rei
1112 737 1260 774 inyrutue
1285 738 1313 764 et

295 785 405 815 malae
439 785 547 824 notio,
584 784 642 814 ubi
675 783 866 814 contrahere
900 793 926 814 s.
963 784 1157 813 consciscere
1185 782 1308 813 Latini.

296 828 442 876 ἀστεργῆ
470 829 552 868 θεᾶς
578 827 737 874 ἐκτήσατ’
763 828 867 875 ὀργήν
887 830 939 861 Ai.
963 827 1041 861 777.
1087 829 1154 862 *ὧν
1171 825 1312 873 ἠράσθη

294 880 412 924 τυχεῖν
440 874 624 923 ἐκτήσασθ’
650 874 764 922 αὑτῷ,
795 875 943 910 θάνατον
970 873 1038 908 968
1058 874 1152 920 [secl.
1176 873 1309 919 Dind.}

297 923 370 959 ἐπεί
396 936 433 970 γε
459 923 501 970 δὴ
519 924 583 970 τὴν
603 922 799 968 δυσσέβειαν
819 921 989 969 abaci-105&
1009 922 1209 969 ἐκτησάμην
1229 924 1310 954 Ant.

296 969 365 1003 924
382 974 504 1003 crimen
521 973 699 1012 impietatis
716 973 867 1003 contram·
879 983 889 1001 .·
909 983 939 1002 v.
964 971 1190 1002 Wunderlich.
1214 970 1309 1002 Obss.

295 1021 331 1051 in
350 1019 470 1051 Aesch.
492 1029 525 1060 p.
547 1016 592 1051 65
613 1025 647 1050 et
665 1019 736 1050 Erf.
759 1019 781 1050 l.
804 1029 830 1050 c.
853 1019 972 1050 Elmsl.
998 1019 1038 1050 ad
1056 1018 1144 1049 Med.
1166 1014 1246 1048 212.
1272 1034 1312 1039 —

311 1066 325 1109 ΙΙ
348 1067 539 1098 Perfectum
566 1066 704 1097 habendi
729 1071 762 1097 et
784 1065 974 1106 possidenda·
996 1070 1161 1106 potestate
1179 1064 1312 1105 praedi-

295 1118 370 1146 tum
388 1118 450 1145 est.
490 1111 569 1158 ἐμοί
584 1124 621 1146 τε
638 1112 696 1146 καὶ
713 1112 766 1158 τῷ
785 1107 906 1157 πρόσθ’
924 1111 1009 1156 ἐμοῦ
1027 1111 1231 1157 κεκτημένῳ
1250 1112 1309 1143 Ph.

297 1158 377 1193 778.
405 1161 494 1192 Hinc
511 1160 539 1193 ὦ
559 1158 703 1201 δέσποτ’,
733 1159 780 1197 ὡς
802 1159 893 1207 ἔχων
912 1171 948 1192 τε
964 1158 1022 1192 καὶ
1041 1157 1254 1205 κεκτημένος
1272 1156 1314 1191 τὰ

298 1207 360 1253 μὲν
394 1207 460 1254 πρὸ
493 1212 639 1255 χειρῶν,
676 1206 719 1240 τὰ
745 1205 771 1239 δ’
799 1202 845 1240 ἐν’
861 1205 978 1252 δόμοις
1005 1205 1066 1250 (sc.
1095 1205 1205 1249 κακά’)
1230 1208 1309 1237 Ant.

300 1252 410 1287 1278:
447 1249 547 1296 que‘m
579 1256 688 1287 locum
715 1256 900 1287 secundum
928 1255 1097 1294 vulgarem
1122 1254 1312 1295 explicandi

296 1303 458 1334 rationem
475 1306 524 1341 (et
542 1303 662 1334 habens
679 1305 709 1333 et
727 1305 860 1341 nactus)
886 1302 1002 1343 putida
1027 1302 1205 1333 iteratione
1223 1302 1316 1332 eius-

297 1350 375 1381 dem
407 1351 598 1381 sententiae
631 1350 799 1381 foedatum
833 1351 917 1380 bene
947 1350 1094 1390 explicat
1117 1349 1214 1379 Wex.
1245 1357 1311 1379 sec.

296 1398 505 1429 Andocidem
530 1394 563 1428 4.
600 1407 633 1437 p.
664 1394 727 1436 35,
760 1394 802 1427 18
835 1403 869 1428 et
895 1398 1039 1428 Dionem
1065 1396 1180 1434 Chrys.
1213 1393 1248 1434 1,
1278 1405 1311 1435 p.

297 1441 383 1485 454,
421 1449 580 1485 tanquam
614 1445 758 1475 formula
790 1445 920 1475 solenni
954 1444 994 1475 de
1019 1453 1056 1474 eo
1081 1443 1226 1477 dictum.
1257 1443 1315 1482 qui

299 1491 377 1532 quid
394 1493 516 1532 optimo
535 1493 605 1523 iure
622 1495 653 1522 et
670 1493 763 1532 quasi
778 1491 875 1531 pleno
894 1491 1031 1522 dominii
1047 1491 1141 1521 titulo
1153 1489 1315 1530 possidet:

299 1539 400 1580 quale
417 1548 477 1571 nos
494 1539 658 1571 habemus
676 1539 806 1578 vulgari
823 1548 994 1570 sermone:
1018 1538 1078 1568 clas
1097 1537 1245 1577 Unyliiclc
1261 1546 1317 1576 ye-

296 1586 428 1627 pachtet
455 1586 571 1618 haben.
602 1604 643 1609 —-
679 1584 721 1618 τὰ
746 1584 882 1633 γρηστὰ
961 1583 1127 1629 κέκτηται
1155 1581 1253 1628 μόλις
1275 1585 1317 1615 fr.

302 1635 369 1669 inc.
383 1630 464 1675 779,
478 1630 498 1665 9
516 1635 572 1664 υἱεε
590 1634 695 1673 habet,
716 1627 789 1664 auin
809 1636 875 1665 iam
891 1643 1024 1664 rursum
1043 1633 1153 1664 abiicit
1170 1633 1221 1662 vel
1238 1631 1321 1662 obli-

301 1682 448 1713 viscitur.
477 1699 519 1705 —
562 1681 645 1712 Inde
669 1677 692 1724 ή
717 1678 916 1725 κεκτημένη
941 1690 1005 1711 usu
1035 1681 1166 1711 comicis
1190 1680 1322 1719 perfre-

305 1729 424 1770 quenti
449 1728 619 1759 dominum
644 1729 827 1768 significat:
865 1726 969 1773 ’χορὸς
997 1723 1127 1772 ἰγθόων
1154 1725 1339 1762 σαίνοντες“

302 1773 469 1821 οὐραίοισι
485 1773 549 1819 τὴν
566 1773 785 1821 κεκτημένην
803 1768 972 1815 ἰιιο.“700,
994 1767 1032 1806 2.“

379 1843 429 1890 [¹⁸¹]
445 1841 644 1879 Κτέᾶνον
685 1845 817 1877 bonum.
878 1843 1014 1878 πολέων
1055 1842 1206 1877 κτεάνων
1242 1842 1323 1876 σίνιν

308 1893 425 1925 Tham.
456 1894 495 1924 fr.
524 1890 604 1934 230,
626 1890 648 1923 4
674 1893 714 1924 de
732 1893 895 1932 Autolyco
921 1893 986 1924 doli
1013 1895 1047 1923 et
1072 1891 1199 1923 fraudis
1223 1891 1323 1932 pleno

305 1938 435 1984 [cyclici
468 1944 549 1972 sunt
574 1937 759 1984 carminis}
803 1941 855 1971 De
881 1944 959 1972 tono
984 1940 1168 1979 generatim
1194 1939 1324 1969 notavit

301 1989 378 2020 Arc.
400 1998 433 2029 p.
457 1984 536 2028 122,
557 1984 611 2019 12.
1039 1984 1070 2030 (Ι
1088 1996 1121 2027 p.
1143 1982 1224 2026 993,
1241 1982 1321 2028 25.)

374 2053 559 2092 Κτείνω.
590 2058 616 2089 1.
647 2059 797 2089 Formae.
829 2057 938 2089 Praes.
955 2068 965 2087 .·
983 2055 1143 2090 κτείνω
1162 2056 1218 2088 OR
1236 2053 1316 2087 813.

299 2103 420 2138 κτείνει
451 2105 527 2136 *Τιπ
558 2101 627 2136 364
653 2102 748 2149 [secl.
777 2102 928 2148 Hartg.].
988 2101 1114 2136 κτείνοι
1153 2103 1208 2135 OC
1235 2100 1314 2134 993.

298 2154 410 2185 κτεῖνε
429 2151 483 2183 ΕΙ.
507 2148 608 2184 1487.
652 2149 792 2184 κτείνειν
816 2149 916 2183 1507.
955 2152 1009 2182 Ai.
1033 2149 1089 2182 57.
1127 2151 1187 2181 Ph.
1213 2147 1314 2182 1342.

298 2197 472 2232 κτείνοντα
497 2200 551 2231 Ai.
575 2196 641 2230 147
659 2210 712 2231 an.
754 2216 794 2221 -
838 2199 939 2230 Fut:
967 2201 1105 2231 κτενῶ
1130 2199 1212 2229 Ant.
1235 2194 1313 2229 658.

300 2248 430 2283 κτενεῖς
456 2247 538 2278 Ant.
561 2243 640 2279 568.
684 2247 871 2290 κτενοῦμεν
896 2246 949 2277 ΕΙ.
980 2242 1058 2277 582.
1103 2247 1234 2278 κτενεῖν
1261 2245 1319 2276 OR

303 2290 404 2326 1176.
440 2293 561 2325 Futuri
583 2297 749 2334 κτανῶ,
777 2294 872 2325 cuius
898 2293 1129 2324 defensionem
1155 2292 1319 2333 suscipie-

300 2342 358 2373 bat
375 2341 493 2372 Elmsl.
515 2341 556 2372 ad
573 2341 660 2372 Med.
677 2337 756 2381 774,
778 2342 946 2372 refutatus
964 2341 1004 2371 ab
1021 2340 1137 2371 Herm.
1159 2339 1263 2380 Opus.
1281 2336 1313 2370 2.

300 2398 334 2429 p.
356 2384 437 2428 212,
467 2398 519 2429 ap.
543 2386 643 2429 Soph.
667 2388 799 2419 nullum
817 2388 1020 2427 vestigium:
1043 2396 1104 2418 nec
1122 2391 1233 2427 potest
1252 2387 1318 2417 nisi

301 2436 512 2468 librariorum
537 2437 639 2467 errori
657 2436 781 2475 tribui,
813 2438 993 2475 antequam
1011 2430 1134 2479 φθαρῶ
1152 2437 1186 2465 et
1204 2431 1317 2466 σταλῦ)

301 2483 425 2515 Graeca
438 2491 512 2514 esse
530 2486 704 2514 ostensum
718 2483 772 2515 sit.
801 2485 910 2514 κτενῶ
925 2482 1034 2513 solum
1049 2481 1198 2520 agnoscit
1211 2480 1318 2512 Choe-

304 2531 373 2562 rob.
393 2540 428 2571 p.
451 2526 552 2561 1392.
575 2547 616 2552 —
637 2530 842 2560 Aoristorum
858 2529 988 2570 primus
1007 2532 1042 2571 et
1057 2529 1140 2559 alter
1156 2528 1228 2569 pari
1245 2528 1318 2558 iure

303 2581 386 2609 sunt
409 2580 445 2609 et
469 2586 528 2617 pro
553 2586 715 2608 versuum
731 2577 806 2616 lege
824 2580 858 2607 et
874 2575 1041 2608 commodo
1057 2576 1314 2616 dispensantur:

303 2634 368 2665 qua
400 2624 441 2655 de
474 2633 510 2655 re
535 2623 671 2655 secunda·
702 2633 785 2655 suus
810 2626 862 2654 est
886 2623 922 2654 in
946 2623 1067 2654 ultima
1091 2623 1318 2654 trimetrorum

304 2671 384 2703 sede
408 2672 512 2703 locus.
559 2668 765 2707 ἔκτεινας
783 2670 840 2702 OR
860 2666 962 2701 1392.
991 2669 1045 2700 El.
1067 2666 1146 2702 561.
1193 2667 1319 2702 ἔκτεινε

305 2718 360 2750 ΕΙ.
380 2715 462 2750 441.
490 2717 545 2749 Tr.
561 2714 642 2750 278.
665 2714 767 2750 1163.
795 2715 988 2760 κτείναιμεν
1005 2717 1063 2748 OR
1080 2714 1159 2749 308.
1187 2718 1318 2748 κτεῖναι

305 2766 359 2797 ΕΙ.
373 2762 454 2797 558.
475 2764 534 2796 ΟΒ
550 2761 630 2796 641.
659 2761 792 2801 κτείνας
809 2764 870 2795 Ph.
884 2760 963 2795 773.
986 2760 1122 2795 E1.19c5
1140 2763 1192 2795 ch.
1224 2761 1318 2796 κτεί-

303 2823 364 2849 νας
381 2811 484 2851 Synd.
506 2813 547 2843 fr.
571 2809 648 2852 153,
670 2808 703 2843 4.
732 2809 892 2844 κτείνασα
909 2811 965 2843 Tr.
986 2807 1068 2842 812.
1091 2807 1191 2842 1137.
1224 2808 1318 2843 κτεί-

303 2869 408 2892 ναντα
424 2860 476 2890 bis
493 2860 547 2890 Ai.
571 2855 661 2890 1126
679 2868 728 2899 sq.
760 2875 801 2882 —
837 2856 1020 2891 ἔκτανον
1038 2857 1096 2889 OR
1112 2854 1181 2888 277
1207 2862 1240 2888 et
1257 2857 1316 2888 de-

306 2910 410 2938 tracto
435 2910 613 2946 augmento
637 2903 706 2951 ἐγὼ
730 2902 863 2938 ’κτανον
888 2901 969 2937 844.
1015 2902 1134 2937 ἔκτανε
1158 2904 1212 2935 El.
1233 2901 1313 2936 408.

301 2951 431 3000 κτάνῃς
456 2953 514 2985 OR
539 2950 618 2985 606.
670 2950 779 2998 κτάνῃ
807 2953 859 2983 ΕΙ.
889 2948 978 2992 821,
1005 2952 1064 2983 ubi
1088 2952 1190 2984 schol.
1220 2949 1316 2985 θάνω

303 3001 472 3032 Brunckio
498 3000 673 3031 videbatur
697 3004 774 3031 ante
792 2999 904 3030 oculos
922 2999 1097 3039 habuisse,
1128 2998 1215 3039 quod
1238 3007 1315 3038 per-

305 3056 400 3079 verso
423 3047 547 3078 iudicio
564 3047 716 3078 restituit
732 3047 790 3078 OR
807 3043 876 3077 948
893 3046 954 3076 LA
971 3055 1015 3076 m.
1037 3055 1118 3086 sec.,
1146 3046 1205 3077 alii
1225 3046 1312 3076 libri.

305 3111 347 3118 -
365 3092 483 3127 κτάνοι
500 3094 558 3126 OR
571 3090 640 3125 948
658 3094 717 3125 LA
729 3103 778 3134 pr.
797 3093 852 3124 LB
871 3093 938 3124 LO.
967 3092 1052 3124 Flor.
1075 3089 1101 3125 Γ
1119 3087 1145 3125 Δ
1165 3089 1211 3135 [ν.
1224 3092 1311 3123 Berl.

303 3141 381 3174 Jbb.
403 3142 427 3173 f.
448 3151 489 3171 w.
510 3141 569 3172 Kr.
594 3137 694 3172 1839.
715 3150 749 3181 p.
764 3137 860 3183 433].
893 3141 1027 3172 κτανεῖν
1046 3139 1106 3170 Ph.
1130 3135 1229 3171 1303.
1259 3138 1316 3170 ΟΕ

305 3185 382 3220 123.
405 3184 473 3219 967
491 3185 636 3232 [κτενεῖν
654 3187 758 3219 Dind.
780 3196 824 3218 ex
840 3183 982 3230 apogr.].
1012 3186 1067 3218 OC
1088 3182 1188 3217 1388.
1230 3186 1311 3216 Ant.

305 3231 383 3266 772.
414 3235 467 3266 El.
481 3231 560 3266 536.
589 3230 669 3266 956.
693 3230 794 3265 1494.
822 3233 956 3266 κτανών
974 3230 1127 3265 Ph.336.
1157 3232 1215 3264 OR
1233 3229 1311 3263 139.

306 3278 407 3313 1185.
436 3282 489 3313 El.
510 3278 590 3313 537.
613 3277 714 3313 1487.
757 3281 817 3313 τοῦ
844 3277 1024 3316 κτανόντος
1050 3280 1107 3312 0ss
1124 3276 1192 3310 566
1209 3279 1310 3310 Dind.

303 3338 332 3360 c.
345 3327 492 3360 Meinek.
509 3339 516 3359 :
533 3324 695 3364 θανόντος
710 3328 797 3359 libri.
825 3325 883 3360 τὸν
897 3323 1048 3359 κτανόντ’
1062 3326 1119 3358 OR
1134 3322 1214 3365 277.
1234 3323 1314 3362 τοὺς

301 3373 489 3412 κτανόντας
514 3374 573 3407 OR
595 3372 674 3407 308.
718 3375 800 3406 Ant.
832 3370 922 3405 1263
946 3383 992 3405 m.
1043 3371 1235 3412 κτανόντων
1258 3372 1310 3404 ΕΙ.

307 3418 407 3454 1421.
427 3422 614 3463 Bisyllabae
631 3422 755 3453 formae
772 3422 807 3453 in
826 3422 890 3452 arsi
908 3424 989 3459 sunt
1004 3429 1132 3460 omnes,
1150 3422 1184 3451 et
1199 3420 1316 3451 ultima

1089 145 1293 194 Κτέανον
1327 175 1385 182 -
1420 144 1519 214 Κτῆ
1527 165 1590 210 μα

2047 157 2080 205 [1
2101 170 2135 203 p.
2151 146 2288 227 992-ss³

1351 263 1487 304 quidem
1515 263 1595 294 sede
1612 264 1757 295 trimetri
1774 264 1832 296 ΟΒ,
1852 261 1930 296 139.
1958 261 2038 298 606.
2066 262 2147 298 844.
2170 245 2288 299 1185.ἒ

1352 307 1431 342 336.
1464 307 1566 342 1303.
1610 311 1692 341 Ant.
1723 307 1802 342 772.
1846 312 1900 343 ΕΙ.
1927 308 2007 344 536.
2040 309 2122 345 821.
2150 276 2288 399 956.AE

1353 357 1528 388 Praeterea
1552 358 1738 388 solitarium
1764 359 1958 399 exemplum
1983 363 2036 391 est
2058 359 2229 392 Homerici
2286 397 2288 399 ,

1353 414 1520 445 syncopen
1546 405 1652 445 passi,
1692 404 1793 445 idque
1825 405 1861 436 in
1885 405 2044 438 diver-biis
2069 405 2191 447 ἔκτα,
2222 403 2288 446 Tra]

1352 453 1475 483 Atticis
1501 461 1539 483 ea
1566 455 1669 482 torma
1686 453 1847 483 tribuitur
1865 453 2056 485 testimonio
2073 454 2274 486 scholiastae.

1351 495 1431 530 319.
1454 516 1494 522 —-
1524 494 1703 532 Κὲκονα
1728 499 1764 529 in
1785 497 1894 532 καίνω
1911 501 2101 533 retulimus.
2122 519 2164 525 —
2191 502 2236 533 11.
2277 509 2285 528 ι

1366 545 1380 587 ΙΙ
1407 546 1458 576 De
1486 546 1648 577 tralaticia
1664 546 1721 577 illa
1740 546 1956 587 interficiendi
1973 549 2109 580 notione
2126 557 2193 580 non
2211 552 2263 580 est

1350 593 1506 633 exempla
1539 594 1781 624 exscribamus.
1838 594 1974 634 Legitur
2000 604 2038 626 ea
2066 594 2127 627 Ph.
2162 592 2242 628 336.
2283 587 2285 592 ’

1353 637 1453 671 1303.
1471 636 1570 671 1342.
1600 640 1657 671 OR
1677 637 1754 671 123.
1779 637 1856 671 139.
1877 637 1957 672 277.
1979 638 2059 674 308.
2081 638 2162 674 606.
2183 639 2263 674 641.

1350 684 1430 718 844.
1469 683 1547 718 948.
1577 683 1656 718 967.
1689 684 1789 718 1176.
1814 685 1915 719 1185.
1940 685 2040 720 1392.
2070 690 2152 721 Ant.
2174 686 2254 723 568.
2277 685 2284 698 ”

1352 731 1431 765 772.
1469 733 1523 764 ΕΙ.
1547 731 1624 765 198.
1655 731 1735 765 408.
1764 731 1844 766 441.
1875 731 1954 767 536.
1976 732 2055 767 537.
2077 734 2157 768 558.
2181 733 2279 769 561.

1351 778 1430 812 956.
1464 778 1563 812 1457.
1594 778 1694 812 1194.
1717 778 2099 827 *1507[see.1.1)ind.].
2129 784 2184 815 Tr.
2206 773 2274 817 38.»Ι

1350 825 1438 860 *364
1468 825 1563 871 [secl.
1591 826 1785 871 Hartnng.].
1818 825 1898 861 812.
1934 826 2036 862 1137.
2072 824 2174 862 1163.
2217 826 2275 862 Ais

1353 872 1430 907 147.
1461 875 1562 914 synd.
1586 877 1625 906 fr.
1650 872 1728 915 153,
1749 873 1783 907 4.
1806 893 1846 898 —
1874 875 1889 917 ΙΙ
1911 877 1963 908 De
1984 879 2188 917 proprietate
2208 887 2223 908 s
2277 870 2280 874 ’

1350 923 1496 964 primurn
1510 923 1753 954 observandum
1767 923 1807 954 de
1821 924 2003 964 oppositis:
2024 921 2175 958 θανεῖν
2194 929 2227 956 et
2259 919 2278 949 a*

1350 981 1420 1002 ναι
1438 979 1463 1001 S.
1485 972 1643 1002 κτανεῖνε
1673 967 1814 1014 εὐγενὴς
1839 969 1902 1016 γὰρ
1929 969 1947 1004 ὁ
1973 971 2106 1004 κτανών
2122 982 2159 1004 τε
2178 971 2233 1019 χώ
2258 970 2263 995 t

1351 1017 1410 1048 Ph.
1432 1013 1510 1048 336.
1557 1013 1629 1062 αἷμ’
1656 1014 1872 1063 ὑπεξαιροῦσι
1895 1022 1964 1050 τῶν
1990 1016 2183 1051 κτανόντων
2205 1017 2239 1052 οἱ
2275 1021 2277 1023 ’

1351 1061 1512 1101 θανόντες
1532 1064 1585 1095 El.
1609 1061 1710 1095 1421.
1755 1067 1891 1097 κτανεῖν
1915 1062 2032 1098 θανεῖν
2056 1075 2092 1098 τε
2115 1066 2170 1098 OC
2191 1063 2208 1097 1
2240 1066 2273 1105 ἶ*-

1351 1109 1536 1148 κτανόντας
1553 1122 1589 1143 τε
1610 1110 1668 1144 καὶ
1686 1109 1852 1148 θανόντας
1871 1109 2054 1156 βλέποντες
2071 1114 2189 1153 Antig.
2213 1110 2229 1144 1
2263 1114 2268 1137 ἴ

1352 1160 1436 1190 Item
1462 1161 1643 1191 κτανεῖν
1670 1162 1704 1190 et
1731 1157 1827 1204 ζῆνι
1856 1157 1957 1206 χάρις
1977 1158 2049 1204 μέν,
2070 1157 2114 1204 ἢν
2131 1151 2269 1206 κτάνῃ,Δ

1353 1199 1391 1246 δ’,
1413 1203 1471 1238 ἐὰν
1491 1204 1538 1244 ζῶ
1556 1203 1690 1237 Ε1.821
1727 1217 1758 1237 v.
1780 1199 1935 1251 θνῄσκω,
1958 1224 1999 1230 -
2028 1207 2161 1239 Deinde
2178 1207 2265 1239 inu

1351 1254 1395 1284 tis
1414 1255 1625 1284 observatum
1642 1253 1778 1284 dicendi
1794 1262 1900 1292 genus
1918 1255 2122 1295 notandum,
2144 1264 2209 1295 quo
2225 1265 2263 1287 w

1352 1301 1475 1332 dicitur
1507 1301 1553 1340 is,
1591 1302 1650 1341 qui
1684 1300 1916 1340 interfecturus
1948 1304 2016 1332 erat
2044 1301 2100 1332 sed
2123 1311 2192 1333 non

1353 1349 1394 1378 V.
1423 1348 1563 1378 Dorvill.
1592 1349 1632 1379 ad
1659 1347 1755 1379 Char.
1783 1357 1818 1388 p.
1839 1343 1918 1379 214.
1959 1349 2110 1390 Lennep.
2140 1353 2174 1381 et
2197 1343 2269 1380 Sc⁴

1352 1395 1392 1426 ad
1415 1395 1544 1426 Phalar.
1575 1395 1661 1435 Epp.
1684 1404 1716 1435 p.
1741 1391 1804 1426 131
1826 1395 1917 1435 Lips.
1947 1395 2037 1427 hunc
2062 1397 2164 1427 etiam
2181 1396 2222 1428 ad
2249 1400 2255 1409 “

1355 1439 1417 1482 79,
1444 1443 1479 1473 in
1506 1442 1580 1473 lnd.
1610 1442 1719 1474 Orest.
1749 1442 1884 1473 Porsoni
1912 1453 1944 1474 v.
1968 1441 2221 1484 κατακτείνειν,
2260 1453 2263 1456 ’

1354 1486 1433 1521 993.
1473 1488 1586 1520 Valck.
1610 1489 1650 1520 ad
1668 1489 1792 1520 Phoen.
1818 1485 1919 1521 1406.
1955 1490 2068 1531 Poppo
2089 1490 2130 1522 ad
2146 1491 2236 1523 Xen.

1355 1546 1387 1576 p.
1410 1533 1489 1567 306.
1523 1537 1638 1567 Herm.
1660 1537 1700 1567 ad
1718 1538 1772 1567 Ai.
1796 1533 1896 1569 1126.
1933 1537 2019 1568 Mire
2037 1538 2154 1569 Elmsl.
2176 1538 2217 1569 ad
2244 1541 2265 1574 ἓξ

1357 1580 1447 1615 1003
1474 1583 1562 1615 hunc
1586 1593 1686 1615 usum
1703 1585 1742 1615 ab
1760 1584 1878 1615 aoristo
1894 1586 2026 1617 κτεῖναι
2042 1585 2230 1617 abiudicat:
2259 1588 2262 1625 j

1356 1636 1471 1662 cturus
1495 1632 1600 1671 igitur
1624 1634 1695 1662 erat
1721 1630 1902 1671 Sophoclea
1926 1633 2081 1673 exempla
2105 1632 2161 1663 Ai.
2185 1629 2226 1663 11
2247 1647 2263 1656 ἰ

1357 1675 1471 1710 δίκαια
1501 1676 1564 1724 γὰρ
1592 1671 1678 1710 τόνδ’
1706 1675 1880 1723 εὐτυχεῖν,
1918 1677 2096 1712 κτείναντά
2119 1690 2180 1724 με;

1359 1726 1488 1757 Teucer
1504 1726 1695 1766 respondit:
1724 1725 1920 1763 κτείναντας
1951 1724 2057 1759 δεινόν
2075 1719 2104 1772 γ’
2121 1724 2257 1767 cirtae„

1358 1771 1419 1818 ζῇς
1445 1770 1570 1806 θανών.
1608 1773 1672 1804 His
1696 1773 1834 1804 tertium
1862 1775 2048 1814 praesentis
2066 1768 2255 1814 exemplu?

1357 1825 1413 1851 tur
1436 1817 1468 1852 εἴ
1491 1818 1541 1857 τίς
1560 1830 1595 1851 σε
1618 1817 1744 1852 κτείνοι
1761 1819 1935 1865 παραστάς
1953 1819 2008 1852 OG
2027 1817 2107 1852 993.
2145 1818 2256 1859 Quod?

1357 1872 1391 1898 et
1416 1868 1604 1908 praesentis
1627 1867 1807 1898 discrimen
1832 1867 2048 1899 Hermannus
2073 1869 2185 1908 posuit
2207 1868 2249 1900 l.

1356 1924 1515 1954 praesens
1533 1914 1739 1955 prohibitum
1757 1924 1830 1946 esse
1847 1915 1967 1955 facere,
1994 1916 2138 1946 aoristus
2155 1915 2232 1947 fec·
2248 1914 2257 1954 η’

1357 1962 1430 1992 sine
1460 1971 1616 1993 successu
1647 1962 1835 2001 significare
1865 1962 1970 2001 dicat,
2003 1971 2117 1994 vereor
2140 1966 2180 1993 ut
2203 1962 2239 1995 in

1356 2010 1547 2050 quisquam.
1592 2009 1747 2040 Aoristus
1778 2010 1890 2049 potius
1925 2008 2177 2049 interfecturum
2220 2015 2245 2044 “,

1355 2057 1485 2087 irritum
1505 2061 1658 2087 conatum
1675 2056 1900 2087 interficiendi
1917 2066 2028 2088 orsum
2047 2066 2132 2096 esse,
2156 2065 2205 2097 pr

1355 2113 1410 2142 eo,
1437 2107 1474 2134 ut
1500 2103 1710 2144 interficeret,
1742 2103 1845 2142 fuisse
1863 2104 2050 2143 significat,
2079 2113 2164 2144 quae
2182 2113 2200 2135 e
2217 2116 2226 2130 —2
2244 2104 2250 2146 ἶ

1354 2151 1506 2191 proxime
1525 2151 1651 2181 distant
1662 2175 1669 2189 ,
1698 2151 1771 2181 aliis
1789 2155 1901 2182 tamen
1918 2151 1998 2182 locis
2015 2151 2107 2182 aliud
2123 2151 2238 2190 magis*

1355 2199 1416 2228 nit.
1456 2198 1500 2229 Et
1525 2199 1573 2229 sic
1597 2207 1662 2229 non
1691 2198 1785 2229 modo
1810 2195 1972 2242 θνήσκειν
1997 2198 2120 2229 dicitur
2143 2197 2201 2230 ΟΒ
2237 2210 2238 2214 ’

1354 2240 1546 2278 ἀπολλύναι
1571 2245 1628 2276 OR
1655 2241 1741 2275 1441
1756 2268 1764 2282 ‚
1793 2240 1852 2276 sed
1875 2245 1977 2276 etiam
2002 2238 2241 2278 &adnuntias

1354 2302 1381 2323 c.
1404 2292 1555 2332 Ctesiph.
1576 2302 1609 2332 p.
1631 2288 1711 2331 425,
1735 2288 1802 2323 130
1820 2292 1941 2332 Bekk.,
1963 2289 2194 2337 ἀποθνήσκειν
2236 2286 2252 2320 ίν

1354 2340 1459 2370 Anth.
1490 2340 1558 2370 Pal.
1588 2344 1612 2370 t.
1641 2336 1675 2370 2.
1705 2348 1738 2378 p.
1767 2336 1853 2379 371,
1890 2336 2020 2372 πείθειν
2047 2339 2102 2371 OG
2129 2335 2248 2373 1442..

1355 2387 1461 2417 Anab.
1485 2383 1517 2425 6,
1542 2383 1572 2425 1,
1596 2383 1650 2417 19.
1695 2384 1852 2430 πράττειν
1880 2385 1980 2427 Soph.
2011 2386 2064 2417 El.
2096 2382 2175 2418 320.
2223 2402 2240 2425 -,

1354 2435 1465 2466 ποιεῖν
1484 2435 1542 2464 Ar.
1564 2432 1638 2465 Pac.
1660 2430 1740 2464 212.
2109 2431 2143 2476 (Ι
2158 2442 2192 2474 p.

1426 2499 1623 2548 Κτερίζω
1656 2505 1822 2544 exsequias
1847 2503 1946 2543 facio.
2000 2505 2120 2536 τοῦτον
2148 2499 2228 2536 τάι

1355 2548 1517 2596 κτερίζειν
1538 2549 1625 2595 μήτε
1641 2548 1796 2583 κωκῦσαί
1811 2561 1886 2583 τινα
1902 2551 1984 2582 Ant.
2004 2546 2084 2582 204.
2215 2586 2226 2602 1

1427 2605 1662 2654 Κτέρισμα.
1699 2609 1832 2640 Plurale
1850 2612 1982 2640 tantum
2000 2612 2061 2650 est,
2085 2609 2186 2640 iustas
2223 2649 2227 2651 λ

1356 2657 1564 2696 significans:
1603 2654 1651 2700 μή
1687 2653 1719 2701 μ’
1754 2653 1943 2700 ἀτιμάσητε
1975 2666 2012 2700 γε
2024 2682 2032 2696 ,
2068 2648 2140 2688 ἀλλ’
2167 2653 2202 2691 ἐν
2219 2683 2222 2687 .

1355 2701 1459 2737 θέσθε
1476 2700 1540 2736 κάν
1558 2702 1774 2747 κτερίσμασιν
1789 2703 1843 2735 OC
1860 2699 1949 2734 1410
1963 2712 2039 2734 cnm
2052 2711 2222 2744 zeugma-⁴
2266 2714 2267 2718 ¹

1354 2762 1372 2783 ν
1398 2751 1606 2782 desideratur
1630 2751 1665 2781 in
1691 2751 1782 2782 codd.
1812 2754 1943 2791 praeter
1967 2749 2042 2780 Par.
2061 2750 2088 2781 B
2107 2749 2133 2780 T
2157 2748 2192 2780 F
2209 2762 2221 2788 y

1357 2797 1423 2829 Sed
1448 2797 1586 2837 inferiae
1612 2797 1675 2828 dici
1703 2797 1862 2828 videntur
1879 2797 1932 2828 El.
1953 2793 2041 2827 434:
2071 2794 2210 2854 ἐχθρᾶς
2230 2789 2234 2791 λ

1354 2843 1470 2881 ναικὸς
1491 2842 1620 2877 ἱστάναι
1637 2842 1854 2889 κτερίσματα,
1875 2847 1909 2876 et
1925 2845 1984 2876 τοῦ
1999 2841 2062 2889 γὰρ
2081 2840 2167 2888 ανθρ
2186 2859 2190 2868 ¹
2216 2840 2228 2866 ²¹

1354 2890 1396 2936 ἦν
1413 2890 1455 2924 τὰ
1473 2889 1587 2924 πολλὰ
1603 2890 1727 2936 πατρὸς
1746 2889 1830 2936 πρὸς
1846 2889 1954 2936 τάφον
1968 2888 2193 2935 κτερίσματα;
2208 2910 2210 2912 ν

1355 2939 1515 2980 Spectant
1542 2939 1633 2970 enim
1657 2948 1739 2979 quas
1764 2939 1892 2970 viderat
1914 2938 2091 2969 libationes
2115 2937 2155 2969 G·
2190 2949 2194 2955 ’
2230 2937 2232 2940 ’

1354 2990 1389 3017 et
1405 2986 1539 3018 corollas
1558 2986 1708 3026 sepulcro
1726 2986 1921 3026 superfusas
1939 2995 1970 3015 v.
1983 2981 2063 3016 895.
2080 3002 2121 3007 —
2139 2983 2226 3024 κτᾷ

1353 3030 1472 3077 θάψαι,
1495 3031 1693 3077 ἐνταφιάσαι
1710 3032 1871 3071 Hesych.,
1892 3040 2032 3072 quorum
2050 3031 2111 3063 hoc
2126 3031 2168 3070 ad
2188 3044 2217 3055 w

1353 3081 1509 3111 refertur.

1423 3133 1515 3183 Κτῆ
1528 3148 1582 3181 μα
1605 3146 1675 3177 res,
1704 3147 1801 3178 quam
1826 3138 1897 3177 quis
1910 3136 2066 3177 possidet.
2094 3135 2109 3177 ss
2135 3136 2188 3167 De
2206 3148 2217 3163 ’.

1351 3186 1463 3224 copiis.
1506 3183 1650 3220 *παντὸς
1675 3177 1794 3229 γένοιτ’
1821 3181 1860 3216 ἂν
1885 3182 2063 3228 κτήματος
2079 3179 2203 3228 apsi-g
2223 3179 2225 3181 ’

1351 3231 1411 3262 Ph.
1433 3228 1501 3262 673
1519 3229 1613 3275 [secl.
1636 3228 1770 3274 Dind.}
1814 3229 1938 3267 ταύτας
1965 3223 2103 3267 ἐξείλεθ’
2127 3224 2160 3262 αζ

1351 3276 1410 3311 καὶ
1427 3274 1522 3315 θεοῖς
1542 3277 1656 3323 κριτόν
1676 3278 1731 3309 Tr.
1752 3274 1820 3309 245
1845 3278 1885 3309 de
1909 3278 2039 3308 ancillis
2066 3275 2198 3307 eximia-

1351 3325 1481 3365 tudine,
1499 3335 1581 3366 quas
1598 3325 1663 3356 sibi
1677 3326 1713 3356 in
1732 3324 1889 3356 honorem
1906 3324 2064 3355 victoriae
2079 3333 2098 3354 a
2114 3322 2164 3354 dis

1350 3375 1444 3412 gerat
1456 3372 1640 3404 Hercules:
1661 3372 1785 3412 ineptit
1797 3371 1909 3412 Apitz.
1939 3368 2003 3403 οὐκ
2021 3368 2109 3403 ἔστιν
2124 3365 2187 3401 οὐδ
2210 3377 2226 3388 “’

1349 3418 1551 3464 τιμιώτερον
1569 3419 1650 3450 Ant.
1672 3415 1758 3459 7023
1794 3423 1888 3458 pater
1912 3418 2003 3449 enim
2021 3417 2111 3449 omni
2127 3417 2218 3455 gen:¹>
2279 3416 2282 3420 “
