2288 3600
0 3574 13 3591 τ
0 3431 20 3566 Τήνῳ-«ππ
0 3414 10 3423 <
0 3396 4 3405 ·’
8 3350 11 3351 =
4 3328 10 3337 Α
0 3296 3 3301 ⁴

270 120 369 168 616

269 237 440 277 pellendo,
478 232 632 279 παύομαι
658 235 698 266 de
716 236 912 276 quiescente
938 236 1010 276 ipso
1034 235 1100 266 dici
1125 235 1282 267 affirmat.

265 284 355 315 illud.
373 284 498 320 rarius,
517 283 708 322 genitivum
727 282 823 322 addi,
852 283 947 314 velut
970 283 1057 315 παῦε
1077 279 1193 328 μάχης
1213 282 1284 313 He—

268 331 349 362 siod.
369 331 459 362 Scut.
481 326 560 362 449.
590 330 717 361 Verum
735 339 778 361 ne
796 326 958 362 παύετε
977 329 1113 370 quidem
1131 330 1179 360 sic
1192 329 1285 360 Atti-

265 380 311 409 cis
344 378 410 408 dici
443 387 512 408 mos
545 380 615 417 est,
653 377 711 408 sed
736 378 844 409 παῦε
870 378 978 409 solum
1012 377 1077 408 sibi
1111 376 1285 408 familiaris

266 425 423 465 loquendi
442 424 648 456 consuetudo
672 424 825 456 indulsit.
864 425 1024 465 Denique
1041 421 1159 456 παύειν
1178 424 1285 464 parti-

265 473 393 512 cipium
426 473 593 503 actionem
627 472 838 512 significans,
883 472 938 503 cui
971 472 1048 502 finis
1082 471 1280 511 imponitur,

266 529 380 551 secum
397 519 508 551 habet.
543 516 715 564 γελῶντας
740 515 888 564 ἐχθροὺς
906 517 1083 563 παύσομεν
1101 518 1153 550 El.
1179 514 1280 549 1295.

267 584 369 599 -.-
397 563 430 598 2.
453 566 466 608 ΙΙ
487 565 679 606 Ραεεὶυιινη,
710 569 749 597 ut
766 569 913 606 oportet,
938 567 1107 606 significat
1128 566 1201 605 pati
1224 564 1285 595 sibi

264 615 363 656 finem
387 615 531 653 imponi,
560 614 640 644 inde
666 612 812 645 desinere
821 625 831 651 ,·
860 614 1006 644 maxime
1032 613 1079 644 sic
1102 613 1285 644 nominati-

265 671 324 692 vus
358 661 493 692 subiecti
527 662 616 692 solus
646 664 705 692 aut
734 661 868 692 additur
898 665 958 692 aut
986 661 1022 691 in
1053 661 1152 691 verbo
1179 660 1280 692 inest.

265 706 445 752 πέπαυμαι
462 708 550 739 Phil.
582 704 682 740 1280,
721 709 787 739 iam
806 708 917 739 destiti
943 709 1052 748 loqui,
1090 708 1113 739 i.
1137 717 1166 738 e.
1188 707 1284 737 mitto

265 757 374 796 loqui,
396 759 500 787 taceo.
530 752 586 787 *εἰ
610 752 647 787 δὲ
667 752 736 799 μή,
759 753 979 799 πεπαύσομαι
998 755 1054 787 Tr.
1075 751 1155 786 587.
1186 751 1280 798 [secl.

263 800 388 846 Dind.]
415 803 487 834 Non
507 803 697 834 necessario
713 799 856 848 τούργον
877 803 1108 834 subaudietur.
1140 798 1220 833 ὅταν
1239 799 1282 844 δὴ

265 849 314 895 μὴ
333 847 465 894 σθένω,
487 847 707 893 πεπαύσομαι
724 850 806 881 Ant.
828 846 884 881 91.
921 848 951 882 εἰ
978 847 1167 889 πέπαυται,
1188 846 1284 892 κάρτ’

265 895 304 931 ἂν
324 895 482 943 εὐτυχεῖν
510 894 603 929 δοκῶ
637 897 691 930 Ai.
713 893 793 928 263.
834 895 863 928 εί
888 894 1109 940 πεπαυμένος
1153 893 1234 941 ηδέν
1253 906 1284 927 τι

267 942 398 988 μᾶλλον
424 941 447 989 ἢ
473 947 583 976 νοσῶν
602 941 819 989 εὐφραίνεται
843 940 924 977 279.
962 941 1121 988 πεπαύμε
1147 937 1155 950 ’
1179 940 1283 987 ἡμεῖς

265 993 318 1024 El.
341 988 421 1023 796.
451 989 530 1038 οὐχὶ
547 989 723 1035 παύσομαι
741 991 795 1023 OC
816 988 918 1024 1040.
956 991 1102 1023 Additur
1118 992 1284 1030 yenitz‘vus

264 1040 313 1071 rei
343 1033 600 1078 significandae:
643 1037 867 1084 πεπαυμένην
897 1042 1015 1071 κακῶν
1045 1035 1198 1083 ἀτρύτων
1224 1038 1279 1069 Ai.

263 1083 344 1118 787.
373 1090 508 1131 πρῶτον
528 1084 590 1130 μὲν
607 1084 707 1118 νόσου
727 1083 848 1118 παύσει
865 1084 991 1131 λυγρᾶς
1009 1085 1071 1118 Ph.
1094 1082 1197 1118 1424.
1210 1085 1234 1118 i.
1247 1094 1280 1125 q.

264 1131 452 1179 παυθήσῃ,
482 1133 652 1164 sanaberis
682 1144 714 1167 a.
743 1151 848 1165 -.-
877 1131 908 1165 3.
943 1133 957 1175 ΙΙ
988 1133 1114 1165 Similis
1149 1133 1284 1164 dicendi

263 1183 379 1213 aori-sti
391 1206 398 1216 ,
427 1190 529 1221 quem
546 1180 646 1212 medii
673 1184 812 1220 vocant,
833 1182 919 1212 ratio
937 1184 1007 1220 est,
1037 1183 1077 1211 ut
1094 1180 1284 1221 explicetur

263 1229 436 1261 sententia
454 1228 686 1260 subaudiendo
704 1228 890 1260 secundum
908 1237 1024 1268 prosae
1038 1228 1197 1259 orationis
1212 1236 1282 1258 mo-

263 1285 334 1307 rem
348 1277 546 1315 participio,
568 1275 605 1306 id
622 1276 710 1315 quod
728 1279 842 1307 tamen
859 1285 919 1316 per
937 1285 972 1307 se
990 1284 1127 1307 necesse
1146 1284 1212 1306 non
1231 1277 1283 1306 est

263 1324 347 1355 fieri.
377 1324 506 1355 παῦσαι
523 1323 577 1354 Ai.
603 1319 705 1355 1353.
727 1323 808 1354 Ant.
830 1319 910 1354 280.
940 1323 1057 1354 Alead.
1079 1323 1120 1354 fr.
1145 1319 1223 1362 107,
1248 1318 1279 1352 1.

264 1367 445 1409 παύσασθ’,
473 1367 615 1407 ἄνακτες
640 1370 697 1402 OR
715 1366 794 1403 631.
832 1367 1010 1403 παύσασθε
1036 1370 1089 1400 El.
1119 1365 1209 1401 1428
1227 1368 1278 1401 ch.

262 1418 355 1449 Haec
372 1416 548 1449 dictionem
566 1420 732 1458 spectant.
769 1411 823 1474 ἄρ’
846 1410 923 1456 ἴστ’,
957 1413 1076 1454 ἀοιδὰς
1103 1415 1163 1449 καὶ
1180 1414 1282 1462 γόους

326 1464 372 1502 ὡς
390 1458 457 1497 οὐδ’
478 1461 518 1496 ἂν
538 1462 586 1500 εἷς
605 1459 757 1497 παύσαιτ’
779 1475 819 1498 αν
832 1491 839 1505 ,
869 1462 899 1496 εἰ
916 1462 1017 1511 χρείη
1035 1461 1165 1509 λέγειν;
1197 1464 1278 1495 Ant.

262 1509 341 1545 884.
364 1521 450 1553 quae
475 1512 638 1552 quomodo
668 1512 897 1553 componenda
915 1515 1050 1551 essent,
1081 1512 1198 1543 Herm.
1222 1511 1282 1542 do-

262 1560 352 1599 cuit,
374 1557 501 1592 παῦσαί
526 1569 563 1604 γε
591 1556 707 1603 μέντοι
733 1560 789 1592 Ai.
810 1556 891 1591 483.
920 1559 1012 1590 Haec
1036 1559 1102 1590 duo
1127 1558 1283 1599 exempla

263 1608 404 1638 actionis
422 1610 504 1638 sunt
522 1607 758 1646 significantia.
798 1606 884 1638 Cum
903 1607 1067 1648 infinitivo
1082 1632 1089 1646 ,
1113 1607 1211 1637 cuius
1228 1616 1282 1636 ra-

264 1655 366 1686 tionis
390 1654 591 1686 documenta
610 1652 741 1686 Schaef.
775 1654 868 1686 dedit
894 1654 931 1686 ad
958 1654 1061 1685 schol.
1082 1654 1194 1694 Apoll.
1215 1653 1279 1684 Rh.

263 1702 327 1734 vol.
347 1698 380 1733 2.
403 1711 435 1742 p.
457 1698 537 1733 223.
560 1701 634 1733 coll.
655 1711 730 1742 app.
753 1702 792 1733 ad
810 1702 908 1733 Dem.
930 1705 954 1733 t.
977 1702 1002 1733 Ι.
1021 1711 1055 1741 p.
1076 1697 1172 1740 888,
1194 1700 1283 1741 apud

261 1750 402 1789 tragicos
420 1758 486 1795 non
505 1749 641 1781 dicitur.
671 1745 866 1783 παύσασθαι
884 1758 942 1790 pro
959 1746 1077 1781 παύειν
1103 1748 1283 1779 transitive

264 1797 331 1828 dici
347 1797 421 1827 iure
440 1796 575 1835 negavit
599 1797 740 1829 Dorvill.
769 1797 809 1828 ad
827 1797 925 1828 Char.
954 1807 986 1837 p.
1008 1792 1090 1827 254.
1105 1820 1113 1835 ,
1142 1796 1283 1826 aliorum

265 1843 474 1884 quorundam
509 1852 637 1874 errores
671 1844 712 1875 ad
745 1847 870 1875 rectam
904 1844 1067 1875 rationem
1108 1852 1279 1874 revocans.

265 1890 501 1932 Aristophanis
531 1891 631 1922 verba
661 1891 736 1922 Pac.
758 1887 840 1924 446.
872 1892 908 1922 in
938 1891 1012 1922 eius
1039 1900 1141 1922 usum
1167 1899 1284 1921 exem-

265 1939 360 1979 plum
378 1939 555 1978 advocare,
586 1947 776 1979 quanquam
795 1939 943 1970 Kustero
969 1938 1141 1969 inutiliter
1166 1947 1285 1968 emen—

265 1985 366 2017 dandi
399 1986 435 2016 in
464 1988 615 2017 mentem
644 1986 779 2018 videtur
804 1987 956 2026 venisse,
988 1985 1284 2027 imperitissimum

266 2035 369 2064 esset.

339 2100 490 2137 Πεδάω
516 2103 677 2135 devincto.
708 2102 743 2137 ἐν
769 2100 796 2136 δ’
820 2101 838 2136 ὁ
857 2102 1057 2149 παγκρατὴς
1084 2099 1188 2140 ὕπνος
1213 2099 1287 2135 λύει

265 2148 420 2230 {effictae
449 2147 520 2184 οὐδ’
546 2147 600 2183 ἀεὶ
625 2148 740 2196 λαβὼν
767 2148 840 2197 ἔχει
864 2151 919 2183 Ai.
941 2149 1021 2183 675.
1059 2148 1094 2184 έν
1118 2151 1213 2190 libri;
1248 2148 1288 2183 ἐκ

295 2207 313 2230 o
358 2223 366 2230 .

338 2264 460 2312 Πέδη
494 2277 632 2309 compes.
670 2264 788 2313 ἀγρίας
805 2266 911 2306 πέδας
936 2266 1088 2314 νομάδος
1107 2265 1287 2304 ἐπιποδίας

267 2316 326 2347 OR
344 2311 434 2346 1349
451 2325 497 2348 m.
540 2315 630 2348 Sunt
659 2313 812 2360 διάτοροι
840 2314 956 2349 ποδῶν
985 2313 1094 2360 ἀκμαί
1118 2326 1151 2347 V.
1183 2312 1283 2347 1034.

272 2362 340 2394 Sed
357 2371 434 2394 cum
451 2363 559 2402 figura
583 2366 790 2394 venenatum
816 2364 959 2404 pallium
984 2363 1142 2395 membris
1168 2362 1287 2394 inhae-

266 2419 345 2442 rens
362 2410 488 2442 dicitur
508 2407 673 2456 ἀφράστῳ
691 2407 774 2456 τῇδε
790 2407 974 2458 χειρωθεὶς
993 2408 1082 2457 πέδη
1103 2410 1157 2442 Tr.
1182 2406 1284 2442 1056.

267 2475 311 2480 -
327 2458 517 2489 Accentum
535 2458 687 2490 enotavit
704 2458 780 2488 Arc.
802 2467 836 2499 p.
861 2455 946 2499 105,
969 2455 1028 2489 25.

336 2523 500 2565 Πεδιάς
526 2529 730 2568 campestris.
768 2525 879 2606 φόὲην
907 2525 992 2574 ὕλης
1018 2525 1180 2564 πεδιάδος
1202 2528 1284 2558 Ant.

265 2570 346 2607 420.
387 2572 500 2621 λόγχη
530 2573 650 2612 πεδιάς
680 2575 735 2608 Tr.
764 2572 808 2607 10
833 2573 868 2608 8.
905 2575 1167 2608 Scholiastarum
1198 2575 1288 2616 prior

265 2631 384 2653 verum
401 2623 508 2662 vidit,
535 2621 600 2666 τὴν
627 2620 662 2655 ἐν
687 2621 736 2668 τῷ
754 2619 861 2668 πεδίῳ
881 2619 1097 2667 βαλλομένην
1116 2623 1286 2662 interpre-

264 2672 377 2713 tatus:
407 2680 439 2701 V.
463 2670 596 2702 Wakef.
625 2669 770 2701 Porsono
796 2670 1001 2702 videbantur
1018 2670 1100 2701 haec
1125 2669 1249 2710 respici
1268 2680 1286 2700 a

263 2716 461 2758 Plutarcho,
484 2717 574 2758 apud
591 2726 691 2758 quem
708 2720 733 2749 t.
754 2713 796 2757 2,
815 2714 894 2749 813.
918 2717 957 2748 E.
987 2720 1144 2758 corrupte
1161 2717 1286 2756 scripta

265 2766 346 2795 sunt
379 2762 418 2797 οὐ
447 2765 555 2797 ταῦτα
577 2761 710 2810 λόγχης
740 2761 853 2797 πεδία.
899 2762 967 2795 Sed
995 2764 1190 2796 Hermanno
1221 2764 1286 2795 alia

265 2811 446 2852 quaedam,
481 2821 580 2852 quam
609 2811 691 2843 haec
717 2811 920 2852 Sophoclea,
953 2812 989 2843 in
1015 2811 1085 2842 illis
1110 2811 1215 2842 latere
1234 2811 1284 2842 vi-

263 2858 396 2890 dentur.
1020 2859 1062 2899 (II
1078 2868 1112 2899 p.
1133 2854 1212 2898 537,
1234 2855 1280 2898 6.)

337 2925 506 2962 Πεδίον.
536 2928 675 2969 Proprie
693 2937 848 2968 campus,
870 2929 961 2959 locus
979 2929 1183 2968 campestris.
1213 2937 1284 2971 πη-

265 2973 379 3008 δῶντα
395 2972 494 3008 πεδία
512 2975 567 3007 Ai.
589 2972 645 3007 30.
684 2972 781 3021 ἔχθει
805 2971 843 3007 δὲ
861 2971 970 3018 Τροία
986 2977 1080 3008 πᾶσα
1104 2973 1164 3008 καὶ
1182 2973 1282 3008 πεδία

261 3020 344 3056 τάδε
361 3018 442 3055 459.
470 3020 513 3054 τὰ
530 3019 673 3068 Τρωϊκὰ
698 3019 798 3054 πεδία
822 3020 1008 3067 προσαυδῶ
1026 3019 1106 3054 863.
1138 3020 1210 3055 αἰὲν
1228 3015 1281 3055 ἐπ’

262 3066 373 3114 ἤματι
397 3067 574 3106 ὢκυτόκος
599 3066 723 3103 πεδίων
750 3066 954 3102 ἐπινίσσεται
983 3065 1195 3114 (Κηρισσός)
1224 3069 1279 3102 OG

264 3113 332 3149 689
366 3117 418 3149 ch.
463 3107 640 3154 ὢκυτόκος
674 3113 877 3150 ἐπινίσσεται
911 3113 1038 3150 πεδίων
1071 3114 1279 3163 στερνούχου

262 3160 392 3211 χθονός
427 3164 680 3203 coniungenda3
723 3163 921 3196 scholiastae
954 3164 1066 3204 placet
1100 3158 1280 3201 ὠκυτόκος

264 3206 412 3251 πεδίων,
441 3211 530 3252 quod
555 3211 702 3252 explicat
727 3209 887 3244 ὠκυτόκα
912 3214 1021 3244 ποιῶν
1045 3207 1088 3243 τὰ
1105 3208 1206 3244 πεδία
1221 3210 1281 3244 καὶ

266 3255 432 3304 ἔγκαρπα.
461 3255 637 3295 ὠκύτοκος
655 3259 738 3290 mire
756 3258 1001 3300 interpretatus
1026 3258 1144 3290 scribit
1160 3258 1277 3290 Herm.

265 3305 383 3350 τυφὼς
400 3302 516 3350 ἀείρας
535 3303 686 3350 σκηπτὸν
768 3303 941 3350 πίμπλησι
958 3302 1075 3338 πεδίον
1093 3305 1175 3336 Ant.
1196 3301 1277 3337 419.

267 3349 423 3397 ἑσπόμην
440 3350 538 3385 πόσει
555 3349 670 3385 πεδίον
688 3349 741 3385 ἐπ’
757 3349 864 3397 ἄκρον
885 3349 986 3385 1197.
1005 3369 1053 3374 -
1069 3352 1174 3393 Saepe
1191 3352 1282 3384 wrbis

267 3402 320 3431 est
336 3400 583 3431 circumlocutio
599 3410 630 3431 v,
652 3397 774 3432 πέδονε
804 3399 893 3431 haud
913 3399 1015 3432 dubie
1029 3409 1047 3430 a
1063 3399 1282 3440 significando

1130 114 1298 165 Πεδάω
1324 145 1390 152 -
1412 113 1569 166 Πείθω

1974 82 1978 85 ’
2017 118 2200 175 [112536
2230 92 2260 172 ‘9

1321 230 1441 278 ἐδάφει
1457 236 1520 279 τῆς
1549 231 1685 270 πόλεως
1712 234 1909 274 deprompta
1931 234 2120 267 tralatione.
2159 232 2232 268 τδ

1320 278 1436 314 πεδίον
1454 278 1647 327 ἀμφεστᾶσι
1664 283 1730 314 πᾶν
1747 279 1803 313 OC
1823 277 1926 313 1312.
1951 280 2076 313 Thebas
2090 281 2207 313 umbem
2221 290 2241 316 ο
2252 275 2263 319 ἷζ

1321 329 1393 360 suri
1411 327 1714 360 circumsederunt.
1750 325 1794 361 τὰ
1811 325 1938 373 Τροίας
1955 325 2056 362 πεδία
2079 324 2253 375 πορθῆσα

1321 371 1401 407 920.
1429 375 1545 407 urbem
1557 399 1565 415 ‚
1593 385 1670 406 nam
1688 376 1773 415 agris
1792 376 1964 407 vastandis
1982 385 2045 408 nec
2061 384 2148 417 opus
2164 378 2253 408 erat

1320 423 1443 454 locteta
1460 427 1495 455 et
1519 423 1646 454 dudum
1672 423 1825 455 confecta
1841 432 1906 455 res.
1943 419 1971 455 α’
1995 420 2031 459 ἐς
2047 420 2090 456 τὰ
2107 419 2266 469 Τροίαςιζ

1321 466 1500 503 ἀποστελῶ
1521 466 1623 502 1297.
1653 467 1730 516 πρὶν
1752 466 1792 502 ἂν
1809 468 1852 503 τὰ
1869 466 1996 516 Τροίας
2023 463 2110 503 πεδί’
2127 468 2258 504 ἑκὼν.

1350 514 1433 561 όλῃς
1462 514 1563 549 1332.
1604 528 1629 549 π
1654 515 1690 554 ὸς
1714 514 1758 549 τὰ
1775 513 1901 562 Τροίας
1925 514 2027 550 πεδία
2046 513 2148 550 1376.
2190 514 2251 550 ἑλ

1322 528 1448 610 Ι1ῑροίας
1466 562 1619 597 πεδίον1
1648 561 1706 596 35.
1737 581 1778 587 --
1805 565 1975 597 Accentus
2003 565 2227 597 communiter
2247 567 2253 569 “

1320 616 1401 653 ptus
1419 621 1458 644 eo
1476 612 1616 651 nititur,
1638 611 1727 652 quod
1743 612 1993 643 deminutivum
2008 620 2074 644 non
2089 612 2152 644 sit:
2181 612 2229 644 ita
2252 636 2254 639 .

1320 660 1538 699 distinguunt
1555 656 1672 691 πεδίον
1691 662 1725 690 et
1742 656 1869 698 πέδιον,
1891 659 1953 690 hoc
1970 669 1989 691 a
2005 656 2107 703 πέδη,
2129 658 2238 701 Eup.
2252 696 2253 699 Ἴ

1320 703 1378 739 29.
1408 706 1529 738 EGud.
1551 715 1584 746 p.
1607 702 1688 746 456,
1702 703 1757 738 52.
1780 707 1831 738 De
1849 709 1989 738 accentu
2003 706 2093 738 idem
2110 706 2257 742 tradit,

1320 754 1360 786 Il.
1383 752 1414 798 β
1438 750 1519 785 648.
1555 753 1637 785 Illae
1654 753 1791 794 quidem
1808 753 1960 792 argutiae
1987 756 2079 786 sunt.
2121 754 2245 786 Demi

1320 803 1412 833 enim
1439 802 1580 833 formam
1606 800 1744 841 habere,
1773 810 1871 832 nemo
1888 803 2008 841 negat3
2035 810 2120 832 usus
2143 799 2265 833 auten*

1320 849 1487 880 Homerus
1505 848 1728 879 deminutivis
1746 851 1799 879 est
1817 857 1879 879 nec
1895 847 1977 880 adeo
1995 849 2112 888 tragici
2127 873 2134 888 ‚
2163 850 2203 880 ut
2218 848 2238 881 d
2249 873 2262 882 „

1320 899 1394 927 tura
1422 895 1575 927 vocabuli
1593 904 1636 926 ex
1669 896 1726 927 illo
1756 898 1846 927 certe
1870 896 1965 927 fonte
1991 895 2192 927 Graecitatis
2223 901 2253 923 ·.'

1319 943 1402 974 mari
1427 952 1493 974 non
1520 943 1644 983 possit3
1682 942 1739 974 sed
1758 940 1945 988 παράδοσιν
1970 943 2072 974 talem
2090 942 2197 975 fuisse
2210 967 2218 983 ‚
2234 952 2237 954 ’

1319 999 1394 1022 sese
1411 994 1569 1031 torquent
1594 990 1630 1020 in
1655 990 1854 1031 explicanda
1871 993 2031 1022 accentus
2056 990 2168 1031 specie
2185 988 2257 1022 ab

1319 1041 1469 1078 veteres,
1492 1038 1634 1069 dubium
1652 1046 1718 1068 non
1737 1040 1801 1068 est.
2246 1033 2249 1042 '

1414 1105 1550 1141 Πέδον
1576 1107 1590 1149 ΙΙ
1616 1108 1736 1139 solum.
1774 1104 1884 1152 νηλέα
1901 1105 1938 1141 δὲ
1961 1104 2107 1153 γένεθλα
2132 1105 2246 1153 πρὸς(

1319 1151 1543 1202 θαναταφόρα
1573 1156 1686 1187 κεῖται
1715 1155 1773 1186 OR
1800 1152 1867 1187 180
1885 1155 1935 1188 ch.
1975 1152 2200 1201 κατέστειψας
2246 1177 2248 1179 -

1319 1202 1374 1235 OC
1392 1199 1472 1235 467.
1511 1202 1539 1235 ὦ
1563 1204 1628 1247 γῆς
1661 1200 1749 1247 ἱερὸν
1776 1199 1904 1240 οἰκείας
1929 1199 2031 1236 πέδον
2053 1197 2258 1247 Σαλαμῖνο

1319 1247 1399 1284 859.
1440 1251 1548 1282 solum
1571 1250 1664 1281 enim
1681 1250 1815 1290 natale,
1848 1258 1915 1281 non
1937 1251 2088 1290 patriam
2112 1250 2249 1294 (licit,z

1320 1298 1385 1329 alia
1403 1298 1505 1329 etiam
1523 1300 1669 1328 testatur
1687 1297 1874 1338 eiusmodi,
1893 1295 2026 1342 κρήνας
2043 1300 2078 1329 et
2095 1307 2184 1330 ποτα
2217 1314 2223 1326 ι
2238 1301 2252 1336 ξ’

1319 1338 1437 1390 πατρῴ
1445 1356 1484 1381 ας
1501 1347 1565 1390 γῆς
1584 1341 1737 1390 ἀγυιαίου
1756 1341 1861 1377 πέδον
1879 1344 2056 1376 Hermion.
2076 1345 2118 1376 fr.
2139 1341 2250 1389 211..-

1319 1392 1500 1433 aliquando
1525 1392 1784 1423 adverbiascunt
1809 1389 1924 1436 πέδῳ
1951 1395 1987 1424 et
2011 1389 2076 1429 εἰς
2101 1388 2242 1431 πέδονΔ

1319 1437 1357 1472 δὲ
1381 1437 1564 1476 πίπτοντος
1583 1436 1678 1484 πέδῳ
1704 1438 1758 1470 Ε1.
1780 1435 1861 1471 747.
1907 1436 1942 1476 ἐς
1971 1435 2076 1472 πέδον
2103 1436 2195 1484 κάρα
2237 1451 2246 1480 :4
2267 1456 2270 1458 ψ

1318 1487 1400 1518 Ant.
1421 1483 1501 1518 269.
1546 1485 1583 1519 σὲ
1611 1485 1674 1531 τὴν
1699 1483 1862 1519 νεύουσαν
1894 1483 1930 1523 ἐς
1959 1483 2064 1519 πέδον
2081 1483 2173 1532 κάρα
2194 1498 2199 1507 ⁴

1317 1531 1329 1579 ΙΙ
1347 1534 1455 1574 Hinc,
1489 1537 1527 1565 ut
1544 1531 1681 1574 πεδίον,
1716 1534 1795 1565 locis
1821 1533 1955 1565 urbium
1979 1537 2014 1565 et
2037 1536 2202 1566 terrarum
2224 1548 2241 1569 ν,

1319 1581 1429 1613 landis
1446 1581 1634 1613 adhibetur.
1671 1579 1711 1613 τὸ
1739 1577 1894 1614 Φωκέων
1921 1578 2025 1614 πέδον
2044 1580 2099 1612 El.
2123 1575 2248 1618 1349.

1320 1639 1374 1662 σαι
1390 1628 1428 1663 τὸ
1447 1624 1624 1673 Δαρδάνου
1643 1625 1748 1661 πέδον
1768 1628 1829 1660 Ph.
1851 1624 1907 1660 69.
1938 1627 1966 1662 ὦ
1983 1624 2032 1661 Λ’
2046 1638 2131 1671 μνου
2148 1624 2239 1660 πέδ

1319 1673 1442 1722 φίαλον
1462 1673 1552 1708 1464
1570 1685 1624 1707 an.
1653 1675 1676 1706 i.
1699 1685 1728 1708 e.
1751 1674 1778 1708 ὦ
1803 1671 1936 1730 Ami-ve.
1976 1673 2013 1708 τὸ
2068 1671 2240 1720 αδμείωνζ

1319 1723 1374 1756 OC
1394 1721 1474 1757 380.
1496 1720 1576 1756 736.
1599 1721 1646 1759 εἰς
1665 1719 1788 1768 Θήβης
1806 1720 1911 1756 πέοον
1929 1719 2010 1755 415.
2041 1723 2098 1755 Sic
2114 1723 2239 1767 nom'g.

1319 1781 1375 1803 rae
1394 1780 1461 1802 non
1478 1771 1608 1802 adiecto
1626 1770 1763 1802 dicitur.
1792 1768 1876 1816 πρὸς
1897 1767 2020 1804 ταύτὸν
2041 1766 2240 1816 oppio-9620„

1319 1819 1381 1850 Ph.
1403 1815 1483 1850 546.
1513 1817 1541 1850 ὦ
1568 1811 1696 1850 πλεῖστ’
1719 1814 1870 1855 ἐπαίνοις
1889 1815 2138 1863 εύλογούμενον
2155 1813 2243 1851 ab?

1320 1863 1402 1898 720.
1439 1866 1592 1897 Athenas
1619 1868 1654 1896 et
1676 1865 1904 1897 Athenienses
1925 1866 2051 1898 incolas
2077 1863 2229 1907 alloqui,

1319 1909 1332 1957 ΙΙ
1349 1914 1460 1946 Semel
1480 1914 1607 1953 planus
1625 1912 1749 1944 dicitur
1766 1915 1801 1943 et
1825 1913 2015 1953 campestris
2032 1913 2143 1953 locus,
2162 1914 2202 1945 ut
2226 1923 2233 1955 ξ,

1320 1961 1500 2001 quadrigae
1527 1960 1717 1991 decurrant.
1759 1960 1826 1991 πᾶν
1860 1952 1897 1992 δ’
1931 1956 2128 2004 ἐπίμπλατο
2167 1969 2197 1991 ν
2214 1973 2228 2002 ⁹,

1322 2004 1488 2053 Κρισαῖον
1525 2005 1674 2040 ἱππικῶν
1694 2003 1799 2039 πέδον
1818 2006 1873 2038 El.
1893 2003 1975 2039 730.
2223 2005 2227 2007 “

1392 2074 1585 2111 Πέδονδε
1611 2077 1760 2108 humum.
1799 2075 1927 2110 ἐσπᾶτο
1952 2074 2017 2123 γὰρ
2035 2073 2179 2110 πέδονδε
2233 2112 2237 2115 Δ

1320 2123 1455 2171 τάρσιος
1474 2125 1530 2157 Tr.
1552 2121 1632 2157 786.
2066 2124 2110 2165 (11
2126 2133 2162 2166 p·
2180 2119 2226 2157 5,
2254 2141 2258 2144 .

1394 2193 1542 2234 Πεζός.
1570 2194 1629 2229 καὶ
1661 2192 1755 2241 παρὰ
1781 2191 1958 2240 Σοφοκλεῖ
1989 2192 2024 2228 ἐν
2062 2189 2186 2228 Αἴαντι
2204 2219 2230 2241 4

1321 2241 1381 2286 (fr.
1406 2241 1480 2286 15.)
1505 2242 1582 2276 καὶ
1607 2240 1719 2282 πεζὰ
1742 2241 1818 2275 καὶ
1851 2239 2089 2287 φορμικτά.
2121 2240 2180 2276 καὶ
2207 2260 2229 2279 -ι,,

1324 2288 1362 2323 δέ
1377 2301 1463 2327 τινες
1490 2287 1623 2335 ἑταῖραι
1639 2288 1815 2336 λέγονται,
1850 2286 1885 2321 αἳ
1911 2286 2021 2335 χωρὶς
2050 2287 2068 2323 ὀ
2113 2286 2210 2333 άνουρ-

1324 2335 1495 2382 συμπόσια
1528 2341 1671 2383 φοιτῶσι
1705 2337 1809 2369 schol.
1846 2336 1930 2368 Eur.
1960 2337 2034 2368 Alc.
2114 2334 2170 2377 6.,
2200 2369 2227 2381 μ,

1323 2385 1527 2427 penaouitur
1544 2385 1633 2426 apud
1651 2384 1717 2416 EM
1740 2394 1774 2425 p.
1796 2380 1881 2423 658,
1905 2379 1961 2415 36.
1990 2393 2034 2414 ex
2057 2384 2122 2417 Oro
2140 2392 2225 2430 νοἼ

1325 2442 1364 2464 eo
1391 2433 1518 2464 eisdem
1543 2433 1614 2464 fere
1641 2432 1752 2463 verbis
1778 2431 2061 2471 interpretatum,
2089 2432 2172 2465 item
2199 2454 2201 2457 .
2223 2447 2225 2450 ·

1326 2480 1416 2518 sych.
1445 2480 1675 2520 explicantem
1700 2475 1810 2516 οὕτως
1836 2474 1983 2511 ἐκάλουν
2007 2475 2068 2516 τὰς
2087 2473 2183 2523 μισθ
2201 2494 2227 2524 3„

1326 2524 1463 2571 ἑταίρας
1491 2524 1571 2559 ἄνευ
1603 2525 1759 2573 ὀργάνου.
1800 2526 1981 2566 Perperam
2008 2526 2070 2557 hoc
2096 2524 2180 2564 fieri,
2208 2529 2242 2569 ἐξ

1324 2574 1492 2611 ostendit,
1514 2575 1663 2614 quicum
1688 2583 1722 2614 p.
1743 2569 1832 2613 404,
1861 2569 1916 2606 16.
1945 2573 2068 2604 scribat
2095 2568 2235 2614 πεζὰ]

1323 2631 1374 2667 σχ
1385 2632 1402 2654 ο
1413 2632 1431 2654 υ
1442 2632 1474 2658 ς;
1498 2618 1572 2654 ἀντὶ
1587 2623 1647 2653 τοῦ
1667 2618 1802 2666 ἑταίρας
1816 2629 1822 2636 ·
1852 2617 2010 2665 ἐλέγοντο
2026 2617 2091 2665 γάρ
2107 2629 2205 2657 τινεςΧ
2217 2637 2231 2666 ¹¹:

1321 2668 1368 2706 ὡς
1382 2663 1626 2713 Ἀριστοτέλης
1646 2666 1680 2701 ἐν
1697 2667 1742 2714 τῇ
1755 2664 1916 2712 Πολιτείᾳ
1930 2675 1936 2682 ·
1963 2664 2025 2704 τὰς
2042 2664 2151 2713 χωρὶς
2168 2662 2200 2701 ὁ
2222 2695 2230 2712 3.

1320 2716 1407 2757 quod
1426 2716 1586 2748 Canthari
1610 2715 1689 2746 dein
1708 2719 1742 2745 et
1759 2714 1936 2754 Eupolidis
1954 2714 2155 2746 auctoritate
2180 2727 2185 2740 ι

1320 2763 1414 2795 addit
1433 2774 1464 2794 v.
1485 2759 1542 2794 24.
1568 2773 1600 2795 v.
1631 2760 1759 2806 πεζῇ;
1790 2761 1829 2794 τὸ
1853 2762 1927 2798 τοῖς
1951 2758 2047 2794 ποσὶν
2073 2757 2227 2805 &Misius

1321 2819 1389 2842 σιν·
1425 2807 1484 2843 καὶ
1510 2808 1620 2855 πεζῇ
1646 2809 1808 2855 φράσαι
1841 2807 1879 2842 τὸ
1910 2805 1990 2841 ἄνευ
2021 2805 2136 2853 μελῶν

1321 2854 1456 2903 ἑταίρας
1488 2854 1548 2893 τὰς
1582 2856 1631 2902 μὴ
1665 2853 1851 2900 μουσικάς,
1881 2849 1956 2887 ἀλλ’
1988 2852 2070 2888 ἄνευ
2100 2851 2185 2901 ὀργά
2212 2854 2223 2864 ”

1320 2901 1422 2941 ὼιλὰς
1440 2902 1574 2942 πεζὰς
1599 2901 1774 2937 καλοῦσιν.
1803 2903 1850 2934 Et
1866 2913 1898 2944 p.
1920 2899 2002 2943 415,
2025 2899 2079 2935 17.
2116 2898 2192 2941 πεζ
2217 2937 2219 2939 ,

2278 2412 2286 2623 *uma-m...
2281 2274 2288 2400 *a-..0-.·>..-..
2283 2259 2286 2264 ν
2286 2244 2288 2246 .
2284 2213 2286 2222 ,,

2279 2929 2284 2935 ’
2282 2908 2283 2911 Α
2280 2749 2288 2891 Q—›r-nm

1317 2938 1358 2994 (f.
1381 2949 1510 2997 λόγῳ)
1553 2949 1634 2984 ἄνευ
1668 2948 1774 2983 αὐλοῦ
1807 2947 1829 2994 ἢ
1865 2947 1994 2995 λύρας,
2040 2948 2086 2987 ὡς
2115 2946 2174 2982 καὶ
2213 2967 2220 2993 ;
2248 2956 2251 2963 ·
2278 2975 2282 2980 .

1318 2997 1495 3044 ἑταῖραι
1529 2997 1563 3031 αἱ
1592 2995 1700 3044 χωρὶς
1734 2995 1887 3043 ὀργάνων
1923 2994 2179 3041 μισθαρνοῦσαι.
2206 3028 2214 3041 ,

1316 3047 1420 3086 igitur
1450 3046 1498 3077 ita
1529 3050 1628 3086 sunt,
1662 3045 1749 3086 quod
1779 3054 1845 3076 non
1863 3045 2012 3075 musicae
2036 3043 2219 3085 artispe
2278 3070 2280 3073 .

1316 3094 1384 3126 solo
1402 3103 1536 3134 corpore
1553 3094 1684 3133 placere
1704 3092 1856 3124 student.

1319 3208 1421 3243 1178.
2220 3242 2222 3244 ,

1388 3278 1644 3337 Πειθαρχία
1669 3280 1866 3312 obedientia.
1892 3282 1961 3312 τῶν
1980 3275 2007 3312 δ’
2027 3264 2196 3324 ὀρθουμέν
2209 3246 2228 3285 ‘v

1317 3326 1365 3368 ζει
1381 3326 1425 3362 τὰ
1442 3325 1556 3362 πολλα
1574 3325 1708 3372 σώμαθ’
1726 3325 1749 3372 ἠ
1768 3323 1952 3372 πειθαρχία
1970 3326 2050 3357 Ant.
2073 3321 2152 3357 676.
2190 3316 2219 3364 ,ἶ
2267 3340 2269 3342 -

1388 3395 1547 3433 Πείθω.
1582 3399 1610 3431 I.
1648 3398 1797 3431 Formae.
1836 3394 1867 3430 1.
1906 3397 2014 3430 Activi
2035 3404 2155 3437 praes
2263 3386 2276 3423 ἰ

1387 3160 1418 3197 Π
1434 3174 1450 3196 ε
1468 3174 1478 3196 ι
1493 3161 1515 3197 θ
1533 3175 1555 3196 α
1571 3173 1630 3209 ριχ
1644 3161 1661 3196 έ
1678 3175 1706 3195 ω
1743 3161 1868 3194 obedio.
1909 3158 2111 3208 πειθαρχεῖν
2139 3170 2165 3193 π
2277 3154 2279 3157 ’
