2288 3600
149 135 246 183 492

150 248 250 283 1424.
294 249 443 285 τελεῖται
466 250 544 285 τάπ’
567 251 653 286 ἐιοῦ
675 250 776 285 1464.
819 253 858 287 τὸ
875 249 949 287 κατ’
966 253 1061 300 ἠμαρ
1080 255 1156 286 Ter.

146 300 187 330 fr.
210 295 290 339 520,
314 296 344 330 1.
384 297 422 331 τὸ
449 297 476 332 δ’
503 298 537 337 ἐς
563 310 680 344 αυριον
706 302 787 332 ibid.
813 298 846 332 2.
890 300 928 335 τὸ
954 301 1038 346 πρὸς
1062 300 1159 335 νότον

146 346 229 386 Aeg.
255 343 308 386 19,
331 343 362 378 3.
384 364 489 378 —.—
517 346 531 389 ΙΙ
558 347 641 379 Cum
660 349 871 380 substantivo
889 350 1067 380 coniuncta
1084 348 1161 380 ad-

146 394 208 423 iec
219 396 232 424 t
243 394 310 423 ivo
321 403 411 424 rum
427 395 517 425 vices
535 395 738 436 suscipiunt.
783 393 843 428 τὰν
862 393 903 428 ἐκ
920 394 1010 430 θεῶν
1027 394 1159 440 νέμεσιν

146 439 206 471 Ph.
237 438 305 472 517
322 441 374 471 cli.
405 437 461 484 [ἐκ
488 441 593 473 deleri
615 442 716 473 iussit
741 440 874 486 Seidl.].
918 445 1053 487 πνεῦμα
1076 440 1160 476 τούκ

145 480 287 532 πρῴρας
306 484 385 520 639.
430 485 540 525 λύπας
565 490 627 525 τᾶς
652 483 709 521 ἀπ’
734 487 819 533 ἐμοῦ
839 487 929 522 1089
946 500 991 522 m.
1035 492 1159 527 κακοῖς

144 531 237 567 κακὰ
259 535 331 571 τοῖς
357 532 464 568 πάλαι
486 533 528 568 τὰ
553 533 638 580 πρὸς
665 534 761 582 σφῷν
779 537 837 569 OR.
855 534 922 569 667
940 537 990 569 ch.
1037 535 1078 569 ἐκ
1098 539 1158 569 τοῦ

144 575 218 613 κατ’
243 579 325 614 ἄστυ
350 579 516 626 βασιλέως
534 582 588 614 OC
607 579 663 614 67.
707 580 960 629 τάνθυμήματα
983 582 1071 617 τάπὸ
1099 586 1159 617 σοῦ

144 624 224 660 293.
264 627 307 661 τοί
323 628 351 661 τ’
371 627 406 668 ἐξ
423 626 509 673 ἐμοῦ
527 627 726 675 παλαίφατα
743 627 823 662 453.
851 630 909 664 τὸν
927 629 1007 665 καθ’
1023 629 1158 676 ἡμέραν

146 672 217 718 βίον
238 672 340 707 1364.
382 679 450 708 τῶν
476 670 534 709 ἀπ’
551 673 694 712 Οἰδίπου
721 681 839 710 κακῶν
863 678 943 710 Ant.
965 676 997 710 2.
1041 678 1104 723 τὴν
1125 676 1159 717 ἐξ

145 720 232 766 ἐμοῦ
257 720 458 767 δυσβουλίαν
483 721 538 756 95.
583 721 715 757 παίδων
739 729 808 758 τῶν
833 723 891 758 ἀπ’
909 722 1053 760 Οἰδίπου
1081 723 1158 770 πέρι

147 765 223 801 193.
275 769 333 803 τὸν
363 769 448 814 πρὸς
477 768 579 815 [τάπὸ
605 772 707 802 Dind.
741 782 770 804 c.
798 770 971 817 Blaydes.]
998 770 1157 818 Σάρδεων

142 813 311 862 ἤλεκτρον
333 815 434 850 1037.
475 815 536 851 τάν
555 816 652 850 ποσὶν
672 817 764 852 κακοί
785 816 884 851 1327.
927 818 1011 853 τάπὶ
1028 816 1157 857 Λυδοῖς

143 862 256 896 πόνων
274 861 492 911 λατρεύματα
509 866 565 897 Tr.
580 863 659 897 356.
689 863 883 911 θέλκτροισι
896 869 970 904 τοῖς
984 861 1033 912 ἐφ’
1048 864 1159 912 ‘Hpq-

141 908 220 943 κλεῖ
237 909 317 943 585.
345 911 402 945 τὸν
421 910 529 945 πόθον
546 911 602 945 τὸν
621 910 658 951 ἐξν
673 910 760 956 ἐμοῦ
778 910 856 946 631.
897 911 1034 958 ἄριστον
1052 912 1158 960 ἄνδρα

140 961 208 990 τῶν
228 956 283 992 ἐπὶ
326 956 401 992 θονί
417 956 497 991 811.
520 957 554 992 ’ὁ
571 961 632 992 τοῦ
650 953 723 992 κατ’
739 957 846 1005 ἄστρα
864 958 978 1006 Ζηνὸς
997 959 1158 1006 αύδηθεὶς

141 1003 240 1049 γόνος
260 969 362 1038 1166.
405 1004 517 1039 πάντα
540 1003 601 1038 τάν
622 1004 758 1052 βροτοῖς
776 1005 874 1052 πάθη
892 1009 948 1041 Ai.
969 1005 1049 1040 836.
1093 1007 1156 1052 τὴν

135 1050 668 1137 Ἧαήςλὲοῗαβεῗῖῗᾬῗλεὲῗοί
685 1051 785 1134 8735.
802 1052 1157 1135 ἓὲξοῗῖἵῑῖἔίἱᾶέιῗέε

141 1145 165 1191 ή
183 1110 227 1195 ξὰ
266 1145 306 1180 ἔκ
325 1157 384 1180 σου
403 1112 586 1192 δυςσμένεςια
602 1145 682 1180 619.
720 1145 780 1188 οὑξ
796 1113 957 1194 Ἄθρηνῶν
974 1114 1093 1194 ἡνιιξστ
1117 1148 1156 1182 ό-

142 1205 206 1239 φος
223 1158 303 1227 731.
348 1193 427 1232 τοὺς
453 1193 487 1227 ἐν
516 1193 612 1240 μέσῳ
630 1192 753 1241 λόγους
775 1193 875 1228 1364.
918 1195 961 1230 τά
975 1194 1004 1229 τ’
1021 1189 1082 1229 έν”
1102 1194 1156 1229 ’λ-

140 1239 220 1286 λησι
237 1234 324 1281 ξόαν’
341 1239 500 1286 ἡδυμελῆ
519 1242 673 1281 Thamyr.
695 1243 734 1274 fr.
749 1240 829 1284 227,
847 1241 881 1275 2.
901 1243 965 1289 τὴν
982 1238 1056 1277 κατ’
1072 1241 1157 1289 Ἀρ·-

140 1287 251 1332 γείους
277 1286 319 1333 ὕβ
345 1299 372 1321 ιν
399 1290 476 1321 Lac.
499 1286 580 1330 337,
601 1286 634 1320 2.
677 1288 758 1327 τοὺς
785 1289 819 1323 ἐν
838 1283 958 1336 ’Ἄργει
984 1290 1044 1324 καὶ
1068 1289 1156 1324 κατὰ

142 1334 305 1383 Σπάρτην
342 1333 419 1373 εούς
434 1333 515 1376 339,
529 1333 564 1368 2.
589 1333 649 1369 τὸν
668 1334 703 1369 ἐν
722 1332 865 1370 Δωδῶνι
881 1336 1028 1382 δαίμονα
1042 1339 1152 1380 Niptr.

140 1381 220 1422 401,
242 1382 275 1415 5.
298 1402 400 1414 -.-
428 1383 443 1425 ΙΙ
469 1384 556 1416 Sunt
584 1385 686 1415 etiam
713 1385 878 1417 eiusmodi
902 1386 991 1417 dicta
1016 1387 1051 1417 in
1078 1386 1156 1417 ad-

140 1431 383 1463 verbiorum
399 1431 682 1470 significationem
699 1432 902 1473 accipienda.
943 1430 1097 1477 εὐσεβεῖν
1113 1431 1158 1465 τὰ

141 1477 225 1525 πρὸς
241 1475 343 1515 θεούς
361 1478 421 1510 Ph.
445 1475 545 1509 1441.
575 1476 650 1511 ἐπεὶ
667 1476 705 1512 τό
722 1474 751 1523 γ’
767 1477 816 1516 εἰς
834 1477 954 1513 ἑαυτὸν
972 1481 1038 1512 πᾶν
1057 1478 1156 1513 ἐλευ-

143 1523 243 1571 θεροῖ
266 1524 375 1570 στόμα
391 1525 449 1557 OB.
467 1522 555 1565 706,
583 1526 670 1566 quod
688 1536 706 1557 a
723 1526 889 1558 Brunckio
906 1537 1082 1568 perperam
1100 1529 1155 1559 in—

139 1574 316 1605 tellectum
339 1574 425 1604 bene
450 1573 616 1613 explicuit
639 1573 712 1604 Erf.
756 1575 815 1606 νῦν
839 1586 876 1619 γε
899 1572 1042 1620 Τεύκρω
1068 1572 1155 1607 τάπὸ

141 1617 234 1654 τοῦδ’
259 1617 488 1666 ἀγγέλλομαι,
518 1617 598 1652 ὅσον
622 1614 691 1652 τότ’
709 1618 836 1666 ἐχθρὸς
853 1620 896 1666 ἦ,
922 1606 1052 1655 τοσόνδ’
1068 1620 1156 1654 εἷναι

143 1665 243 1713 φίλος
268 1667 323 1699 Ai.
356 1663 457 1698 1376.
502 1663 606 1711 ἡμεῖς
632 1666 695 1712 γὰρ
722 1667 820 1712 ἁγνοὶ
843 1667 945 1701 τούπὶ
966 1666 1070 1713 τήνδε
1093 1668 1156 1714 τὴν

141 1713 248 1761 κόρην
265 1714 346 1746 Ant.
367 1710 448 1746 889.
492 1713 650 1745 Fortasse
681 1716 783 1746 etiam
807 1713 851 1748 τὰ
875 1714 924 1753 εἰς
949 1712 1049 1754 θεοὺς
1075 1714 1158 1749 ἀσε-

142 1763 238 1794 πτεῖν
256 1761 338 1793 Ant.
361 1758 450 1793 1349
468 1762 516 1792 sic
532 1762 679 1800 intelligi
696 1762 806 1794 debet.

212 1808 249 1841 G.
288 1808 540 1848 Proprietas
565 1811 778 1840 sermonis
803 1811 847 1842 in
871 1820 950 1841 usu
974 1811 1159 1841 articuli

140 1855 422 1888 observanda.
873 1855 923 1900 (ΙΙ
942 1867 975 1898 p.
997 1854 1078 1898 226,
1101 1854 1158 1900 3.)

214 1900 243 1935 1.
283 1903 446 1934 Neutrum
480 1903 612 1933 articuli
644 1901 688 1936 τό
722 1902 774 1936 τά
807 1905 1159 1936 circumlocutionibus

143 1950 342 1990 adhibetur,
372 1953 411 1981 ut
439 1950 487 1980 rei
511 1954 664 1981 naturam
690 1955 724 1981 et
749 1952 893 1983 indolem
918 1953 973 1983 vel
991 1952 1057 1983 alia
1074 1953 1160 1982 forte

142 2007 218 2030 cum
245 1998 302 2029 illa
326 1997 505 2028 coniuncta
526 1997 666 2028 indicet.
691 2015 732 2021 --
758 2000 817 2030 νῦν
843 1997 902 2031 καὶ
917 1997 957 2031 τὸ
972 2001 1036 2043 τῆς
1051 1997 1159 2043 νήσου
1179 1983 1181 2027 Ι

143 2041 262 2090 μάθῃς
277 2043 339 2075 Ph.
360 2040 439 2075 300.
483 2040 506 2087 ἢ
533 2042 577 2076 τὰ
591 2047 659 2077 τῶν
677 2043 845 2078 διακόνων
860 2071 867 2085 ,
893 2045 939 2083 ὡς
957 2043 1058 2086 εἰκός,
1079 2043 1162 2078 τού-

143 2090 208 2134 μὸν
237 2089 272 2124 ἐν
301 2090 436 2137 σμικρῷ
457 2088 559 2136 μέρος
585 2090 785 2135 ποιούμενοι
808 2091 867 2125 τὸν
891 2089 1002 2126 οἰκοίδ’
1018 2090 1161 2138 ἤπειγον

146 2136 266 2171 στόλον
283 2134 364 2170 497.
396 2138 538 2169 Veteres
555 2139 702 2180 interpp.
725 2142 759 2170 et
776 2140 903 2171 Buttm.
939 2137 982 2172 τὰ
997 2143 1066 2173 τῶν
1085 2137 1161 2172 δια-

141 2183 252 2218 κόνων
277 2195 336 2226 pro
363 2183 394 2218 οἱ
421 2182 572 2218 διάκονοι
589 2186 715 2217 dictum
734 2187 985 2218 existimabant.
1023 2187 1159 2226 Signifi-

144 2236 196 2264 cat
212 2236 326 2264 autem
342 2241 465 2263 morem
480 2234 685 2272 nuntiorum,
702 2234 870 2265 insertum
889 2231 1156 2279 ἐπεξηγητικῶς,

144 2289 202 2320 pro
228 2276 335 2325 ὅπερ
361 2276 458 2311 ἐστὶ
481 2283 566 2311 τῶν
592 2277 822 2313 διακόνων.
849 2297 890 2303 --
919 2279 1018 2314 οὐδὲν
1037 2278 1077 2313 σύ
1094 2291 1160 2313 που

146 2324 317 2360 κάτοισθα
341 2329 410 2358 τῶν
436 2327 560 2358 σαυτοῦ
579 2324 657 2372 πέρι
673 2324 753 2358 553.
798 2325 928 2366 Ευνετοὶ
943 2327 1002 2361 καὶ
1018 2326 1062 2361 τὰ
1079 2325 1161 2372 βρο-

147 2377 215 2407 τῶν
245 2370 370 2410 εἰδότες
394 2373 453 2404 OR
475 2369 544 2404 499
570 2374 621 2404 ch.
673 2371 716 2407 τὰ
739 2372 839 2407 τοῦδε
865 2373 928 2419 μὲν
954 2370 1162 2421 πεπραγμέν’

144 2419 250 2459 ἔσται,
269 2418 363 2464 τάμὰ
381 2413 409 2452 δ’
425 2417 655 2466 ἡμαρτημένα
673 2418 752 2452 620.
779 2419 875 2466 κάγὼ
892 2419 935 2454 τὰ
954 2421 1016 2466 μὲν
1033 2423 1157 2457 κείνοιν

144 2465 336 2514 ἐτερπόμην
354 2463 434 2505 785,
456 2467 543 2507 quod
561 2468 625 2498 etsi
643 2468 874 2509 adverbiascit,
896 2469 1160 2502 circumlocutio—

143 2525 222 2546 nem
239 2518 351 2546 tamen
369 2514 461 2545 illam
478 2514 590 2546 habet.
634 2512 666 2546 εἴ
684 2524 737 2548 σοι
751 2513 795 2548 τὰ
813 2515 942 2560 μητρὸς
958 2515 1017 2549 καὶ
1036 2515 1162 2552 πατιὸς

143 2559 246 2608 χρείη
271 2558 382 2606 λέγειν
408 2560 464 2593 OC
490 2557 571 2592 268.
617 2559 710 2593 δεινὰ
733 2560 904 2600 τάκείνοις
928 2561 972 2596 τὰ
993 2565 1053 2595 νῦν
1077 2561 1098 2596 3
1126 2560 1159 2594 6.

143 2619 221 2640 cum
248 2608 516 2647 breviloquentia
537 2608 683 2647 dictum,
710 2609 752 2640 de
777 2619 844 2650 qua
867 2611 1026 2650 exposuit
1042 2611 1159 2643 Herm.

167 2656 271 2687 Dind.
292 2666 321 2687 c.
343 2654 472 2687 Schaef.
494 2653 524 2687 δ.
544 2653 605 2688 τάν
622 2653 777 2700 κείνοις].
822 2653 942 2701 θάρσει
962 2656 1000 2690 τὸ
1017 2656 1118 2691 τοῦδέ
1134 2651 1164 2702 γ’

169 2700 270 2749 νδρός
295 2698 375 2733 649.
421 2699 578 2734 συλῶντα
601 2699 645 2734 τά
673 2700 696 2736 ὰ
718 2701 778 2736 καὶ
800 2701 844 2736 τὰ
867 2707 937 2736 τῶν
962 2701 1052 2737 θεῶν
1079 2701 1158 2736 922.

147 2747 282 2796 δρῶντα
305 2746 349 2781 τὰ
363 2752 432 2781 τῶν
449 2747 621 2782 κακίστων
666 2748 894 2794 υσσεβέστατα
913 2748 1013 2783 1190.
1058 2749 1107 2788 τίς
1126 2750 1163 2784 δὲ

149 2794 318 2840 τολμήσει
333 2793 449 2829 κλύων
466 2793 509 2828 τὰ
525 2790 616 2829 τοῦδ’
634 2793 776 2829 ἔπεσθαι
791 2794 952 2842 τάνδρόςς
977 2795 1079 2830 1428.
1122 2796 1165 2830 τὰ

145 2842 242 2888 σφῷν
270 2841 309 2875 τὸ
328 2841 376 2887 μὴ
396 2840 521 2875 πίτνειν
538 2846 658 2880 κακῶς
675 2841 862 2889 (ἀπέφυγε)
882 2841 972 2876 1740
989 2845 1039 2876 ch.
1061 2846 1164 2877 sicuti

146 2894 236 2921 recte
265 2891 461 2922 emendasse
484 2890 600 2921 Herm.
629 2890 774 2922 videtur.
826 2889 870 2924 τὰ
895 2889 957 2934 μὲν
979 2889 1022 2936 δή
1041 2890 1164 2928 πόλεος

148 2934 222 2971 θεοὶ
259 2933 427 2982 ὤρθωσαν
459 2934 561 2970 πάλιν
585 2937 668 2968 Ant.
699 2934 777 2970 162.
838 2936 964 2984 φράσαι
990 2936 1085 2972 θέλω
1114 2949 1166 2971 σοι

153 2987 274 3029 πρῶτα
289 2981 332 3016 τά
362 2985 466 3016 αυτοῦ
482 2981 563 3016 238.
616 2982 700 3028 πρὸς
724 2982 804 3022 τοὺς
830 2983 982 3030 ἐμαυτῆς
999 2982 1067 3017 893
1084 2986 1108 3017 i.
1130 2995 1161 3026 q.

150 3027 268 3075 ἐμούς.
345 3041 397 3067 τις
415 3028 454 3063 οὐ
472 3028 610 3064 κάτοιδε
625 3028 839 3077 τάνθρώπων
858 3032 914 3063 Tr.
934 3028 1015 3064 439.
1042 3030 1086 3064 τὰ
1103 3031 1165 3077 μὲν

151 3075 243 3111 θεῶν
261 3075 413 3121 παρέβαν
426 3074 496 3109 498
513 3077 565 3110 ch.
586 3087 651 3109 non
670 3077 746 3109 deos
763 3078 821 3109 sed
835 3078 970 3110 deorum
983 3079 1162 3111 historiam.

150 3122 190 3156 τὸ
215 3120 337 3156 τούτου
384 3121 490 3157 ἄλλον
505 3121 529 3168 ἢ
547 3122 675 3168 τούμὸν
693 3126 834 3158 σκοπεῖν
852 3125 907 3157 Ai.
931 3122 1008 3157 124.
1053 3128 1167 3163 κεῖνος

152 3167 196 3202 τὰ
220 3166 334 3202 κείνου
344 3135 402 3247 ξιτ
417 3171 495 3202 libri
511 3165 539 3203 τ’
558 3169 688 3215 ἐκεῖνα]
707 3170 873 3216 στεργέτω
893 3169 994 3204 1039.
1037 3170 1080 3205 τὰ
1096 3169 1168 3206 Λο-

155 3214 226 3255 ξίου
243 3216 300 3247 ΕΙ.
322 3213 344 3248 8
372 3241 379 3248 .
408 3215 447 3250 σὺ
467 3216 529 3261 μὲν
545 3215 589 3250 τὰ
606 3221 734 3264 σαυτῆς
750 3220 880 3264 πρᾶσσε
898 3215 978 3250 678.
1011 3217 1086 3265 ἔχει
1102 3230 1169 3252 κα-

158 3261 231 3299 λῶς
247 3261 291 3296 τὰ
306 3261 428 3296 κείνων
445 3263 556 3297 πάντα
576 3262 678 3297 1345.
722 3263 834 3298 πάντα
848 3260 1059 3310 τάνθρώπων
1076 3267 1171 3298 νοσεῖ

1152 135 1204 181 ‘0

1198 256 1432 295 verbiascunt,
1461 255 1519 286 OB.
1536 252 1603 287 785
1621 258 1655 286 et
1671 255 1727 287 OC
1744 252 1823 287 649.
1845 273 1889 279 -—
1915 255 1930 299 ΙΙ
1955 257 2020 289 Sed
2042 260 2095 290 est
2118 258 2208 293 aliud

1197 302 1501 334 circumlocutionis
1514 312 1632 342 genus,
1650 312 1726 334 cum
1750 301 1796 336 τὸ
1818 305 1909 343 τοῦ,
1928 301 1980 337 τὰ
2001 305 2079 338 τοῦ
2103 306 2210 345 ipsam

1195 358 1264 380 rem
1286 349 1432 390 indicat,
1460 349 1501 381 de
1526 359 1591 390 qua
1611 350 1687 391 quis
1704 350 1862 391 loquitur.
1892 351 2005 383 Huius
2021 352 2208 384 tralationis

1196 397 1284 428 viam
1302 400 1337 428 et
1353 397 1515 428 rationem
1531 397 1679 429 ostendit
1695 395 1725 429 εἰ
1741 395 1780 430 τὸ
1794 394 1894 430 τῶνδ’
1910 394 2029 431 εὔνουν
2043 396 2136 445 πάρα
2148 399 2204 432 ΕΙ.

1199 440 1300 475 1203.
1323 461 1365 466 ——
1391 442 1423 476 τί
1442 437 1470 475 δ’
1486 440 1527 476 ἂν
1546 440 1680 489 φοβοῖτ’
1696 441 1893 488 ἄνθρωπος,
1913 437 1942 491 ᾧ
1959 443 2003 478 τὰ
2017 447 2081 491 τῆς
2096 443 2208 493 τύχης

1195 492 1316 535 κρατεῖ
1347 491 1404 523 OR
1417 487 1498 522 977.
1535 492 1708 531 imperium
1741 492 1832 523 enim
1865 501 1960 523 casus
1991 495 2021 524 et
2053 492 2209 532 fortunae

1196 539 1303 577 ipsum
1326 538 1458 570 dicitur.
1505 535 1687 583 μογθοῦσα
1709 535 1854 583 τλήμων
1873 534 1999 584 δεύτερ’
2013 537 2037 584 ή
2061 542 2150 573 εἷται
2165 538 2209 573 τὰ

1194 587 1257 629 τῆς
1276 582 1368 618 οἴκοι
1385 582 1527 630 διαίτης,
1549 577 1579 617 εἶ
1596 584 1708 631 πατὴρ
1725 585 1856 630 τροφὴν
1875 584 1952 645 ἔχοι
1969 586 2023 619 OC
2066 585 2122 619 51.
2165 585 2210 620 τὰ

1195 629 1233 664 δὲ
1259 629 1475 678 παννυχίδων
1500 630 1570 677 ἤδη
1596 631 1752 678 στυγεραὶ
1776 630 1912 671 Ευνίσασ
1941 630 2036 666 εὐναὶ
2053 637 2208 679 μογερῶν

1195 676 1301 711 οἴκων
1323 679 1376 710 ΕΙ.
1399 676 1445 710 92
1462 680 1513 711 ch.
1541 681 1689 711 noctium
1713 690 1734 710 α
1757 689 1810 711 me
1834 683 1984 712 actarum
2009 682 2142 713 conscii.
2186 674 2210 728 ᾖ

1194 724 1396 805 ξρῶτα2ιὲὲ1ν
1417 724 1459 759 τὰ
1477 724 1615 773 μητρός,
1637 723 1660 770 ἦ
1681 720 1715 770 μ’
1732 725 1896 772 ἐγείνατο,
1918 725 2061 774 ἔχθιστα
2078 726 2208 773 συμβέ-

1240 783 1298 806 κεν
1390 798 1398 805 .

1194 784 1237 818 NJ
1263 817 1296 852 2.
1324 821 1510 862 Appositus
1534 821 1695 852 articulus
1720 822 1975 861 pronominibus
2000 819 2048 854 σύ
2073 825 2126 854 est
2149 823 2207 854 ubi

1194 868 1413 906 indignationi
1432 869 1485 899 vel
1504 869 1649 899 irrisioni
1668 869 1906 908 significandae
1923 871 2128 901 constitutus
2145 870 2203 908 sit,

1194 925 1225 946 v.
1246 915 1359 947 Valck.
1381 916 1421 946 ad
1439 915 1564 946 Phoen.
1589 912 1689 947 1637.
1723 913 1761 947 σὲ
1779 912 1834 959 δή,
1857 914 1894 948 σὲ
1910 914 1973 960 τὴν
1990 914 2153 949 νεύουσαν
2171 914 2207 953 ἐς

1193 959 1297 994 πέδον
1322 960 1411 1008 κάρα
1430 963 1510 994 Ant.
1531 959 1611 993 441.
1657 961 1694 995 σέ
1718 973 1783 1001 τοι,
1814 961 1852 995 σὲ
1868 961 1926 996 τὸν
1943 966 2006 1008 τῆς
2022 960 2209 1009 αἰχμαλώ-

1191 1006 1284 1046 τιδος
1309 1006 1401 1054 λέγω
1419 1010 1474 1040 Ai.
1499 1006 1599 1041 1228.
1647 1008 1684 1042 σέ
1709 1020 1771 1049 τοι,
1803 1008 1840 1042 σὲ
1857 1008 1973 1055 κρίνω,
2001 1008 2057 1043 ναὶ
2075 1008 2123 1050 σέ,
2144 1008 2208 1054 τὴν

1194 1054 1228 1088 ἐν
1269 1055 1319 1102 τῷ
1358 1054 1467 1101 πάρος
1507 1055 1622 1102 χρόνῳ
1655 1055 1820 1102 θρασεῖαν
1854 1057 1906 1088 ΕΙ.
1948 1054 2049 1089 1445.
2085 1075 2148 1088 —-.
2164 1074 2206 1081 -

1193 1101 1225 1135 3.
1248 1102 1262 1144 ΙΙ
1278 1103 1385 1135 Adest
1408 1105 1570 1135 articulus
1594 1104 1630 1134 in
1655 1104 1809 1144 ellipsi
1831 1105 1889 1135 illa
1911 1105 2087 1136 notissima
2110 1114 2207 1136 voca-

1192 1151 1346 1182 bulorum
1371 1149 1464 1188 υἱός
1488 1154 1522 1182 et
1547 1152 1665 1188 παῖς.
1697 1150 1764 1182 Sed
1781 1160 1897 1182 eorum
1914 1152 2051 1183 omissio
2069 1152 2209 1183 minime

1193 1201 1358 1238 perpetua
1383 1202 1464 1238 est,'
1482 1199 1627 1229 maxime
1652 1198 1740 1239 quod
1765 1198 1887 1230 elatius
1912 1199 2119 1230 canticorum
2136 1208 2208 1230 ser-

1194 1245 1300 1276 monis
1325 1254 1432 1284 genus
1450 1254 1516 1276 non
1534 1246 1669 1276 deceat:
1699 1245 1793 1276 velut
1809 1244 1953 1289 καρῦξαι
1968 1244 2026 1278 τὸν
2044 1239 2207 1290 Ἀλκμή-

1192 1302 1251 1328 νας
1277 1289 1359 1324 πόθι
1385 1303 1444 1336 μοι
1468 1289 1549 1325 πόθι
1573 1294 1654 1329 παῖς
1679 1290 1766 1325 ναίει
1785 1292 1839 1323 Tr.
1862 1289 1906 1324 97
1924 1293 1992 1332 ch.‚
2020 1302 2105 1333 quae
2132 1303 2209 1324 cum

1193 1340 1390 1370 attractione
1414 1340 1504 1370 dicta
1525 1340 1690 1378 distingui
1708 1340 1850 1378 virgulis
1867 1349 1936 1371 non
1953 1340 2089 1371 debent.
2135 1337 2154 1372 ὁ
2171 1337 2210 1373 δὲ

1873 148 1923 195 [11
1939 161 1972 192 p.
1989 147 2210 198 225-227.]
2264 156 2266 159 ·

1191 1383 1281 1430 ἦλθε
1298 1388 1379 1423 παῖς
1398 1383 1476 1423 Διός
1494 1387 1549 1418 Tr.
1571 1383 1640 1418 510
1658 1387 1709 1418 ch.
1739 1384 1757 1418 ὁ
1774 1384 1818 1431 γὰ
1856 1383 1935 1424 Διὸς
1952 1385 2054 1433 κόρος
2071 1383 2140 1418 644
2153 1387 2205 1418 cb.
2254 1402 2256 1404 v

1193 1431 1323 1479 ζεύχθη
1350 1435 1432 1470 παῖς
1458 1431 1476 1466 ὁ
1494 1429 1664 1478 Δρύαντος
1686 1434 1767 1465 Ant.
1789 1431 1810 1465 9
1837 1430 1857 1465 5
1876 1434 1927 1465 ch.
1972 1432 1990 1467 ὁ
2009 1432 2210 1479 παγκρατὴς

1194 1476 1328 1525 Κρόνου
1355 1483 1436 1517 παῖς
1454 1481 1514 1512 Ph.
1537 1477 1606 1513 680
1624 1481 1676 1512 ch.
1721 1478 1739 1513 ὁ
1758 1477 1873 1526 Ζηνὸς
1897 1477 2002 1518 εὐθὺς
2027 1483 2109 1518 παῖς
2133 1479 2211 1514 ἐπι-

1192 1526 1337 1606 Ξτόρέψας
1357 1528 1412 1585 Τι’,
1434 1524 1501 1559 566
1522 1539 1564 1607 v2
1575 1529 1657 1584 παῖς
1676 1525 1828 1608 etAuioss'
1841 1524 2124 1609 —4iS7AaeprioAu
2142 1528 2204 1559 Ph.

1191 1573 1281 1667 τηῇ
1301 1573 1550 1666 ἶέῗῗέἒξῖιίυ
1568 1585 1877 1666 ῗέἕουτοὲἳῆζῖἶ
1894 1573 2108 1666 maffia
2125 1573 2207 1655 31ἓῖ

1191 1670 1242 1712 τῷ
1278 1666 1437 1713 Πολύβου
1471 1669 1529 1700 0Ιί
1557 1665 1636 1700 489.
1689 1668 1743 1715 χώ
1769 1665 1848 1706 Διὸς
1879 1665 2010 1713 Φοῖβος
2039 1669 2095 1701 OC
2125 1666 2207 1701 623.

1196 1713 1317 1762 Κρέων
1343 1714 1361 1748 ὁ
1385 1712 1586 1752 Μενοικέως
1612 1717 1692 1747 Ant.
1723 1713 1789 1748 156
1815 1726 1859 1747 m.
1905 1712 2114 1761 Ταυροπόλα
2130 1711 2209 1753 Διὸς

1187 1756 1352 1809 ’Ἄρτεμις
1375 1764 1431 1794 Ai.
1464 1760 1529 1794 172
1551 1764 1602 1794 ch.
1655 1761 1678 1795 ἀ
1703 1758 1782 1800 Διὸς
1809 1761 1938 1807 ἀλκίμα
1963 1760 2043 1799 θεός
2067 1759 2133 1795 401
2160 1773 2206 1796 m.

1194 1810 1218 1855 ἡ
1237 1807 1316 1847 Διὸς
1333 1814 1505 1855 γοργῶπις
1522 1808 1700 1853 ἀδάματος
1716 1806 1781 1843 θεά
1798 1807 1879 1842 450.
1898 1828 1943 1834 ——
1969 1806 2094 1847 Αἰνέας
2113 1807 2132 1842 ὁ
2147 1813 2211 1855 τῆς

1195 1856 1277 1891 θεοῦ
1297 1859 1393 1889 Laoc.
1415 1858 1455 1888 fr.
1477 1854 1557 1897 342,
1580 1854 1611 1888 1.
1657 1855 1689 1889 οἱ
1712 1858 1773 1890 τοῦ
1790 1855 1917 1902 πατρός
1934 1856 1990 1889 OG
2007 1854 2087 1888 442.
2131 1854 2212 1894 τοὺς

1196 1904 1237 1938 ἐκ
1263 1902 1343 1941 Διός
1370 1905 1422 1936 El.
1444 1901 1525 1936 659.
1576 1904 1678 1935 Paulo
1703 1904 1801 1935 aliter
1824 1905 1952 1936 dictum
1976 1902 2034 1937 τὸν
2061 1901 2097 1943 ἐξ
2122 1901 2211 1948 ἐμῆς

1198 1950 1327 1998 μητρός
1351 1952 1423 1982 Ant
1444 1948 1524 1983 466.
1549 1969 1654 1982 —.——
1686 1948 1720 1982 4.
1751 1951 1764 1992 ΙΙ
1790 1951 2018 1982 Abundare
2050 1951 2212 1982 articulus

1198 2001 1263 2031 nisi
1287 1999 1399 2039 specie
1416 2002 1517 2030 tenus
1535 2007 1601 2029 non
1620 1999 1715 2029 solet.
1761 2001 1836 2035 πῶς
1855 1995 1914 2030 οὖν
1932 1996 1950 2031 ὁ
1967 1995 2109 2043 λῃστής,
2130 1995 2163 2030 εἴ
2178 2009 2211 2030 τι

1198 2045 1247 2091 μὴ
1274 2044 1330 2084 ξὺν
1354 2043 1396 2090 ἀρ
1420 2044 1495 2091 υρῷ
1519 2041 1695 2090 ἐπράσσετ’
1722 2041 1850 2078 ἐνθένδ’
1877 2043 1912 2082 ἐς
1936 2042 2005 2077 τόδ’
2023 2041 2062 2078 ἂν
2079 2042 2211 2089 τόλμης

1198 2091 1281 2138 ἔβη,
1304 2090 1396 2124 0111
1425 2090 1457 2123 4.
1503 2093 1569 2124 Nos
1594 2092 1731 2132 quidem
1759 2093 1919 2123 latronem
1944 2093 2103 2123 universe
2127 2092 2210 2124 dici-

1197 2151 1292 2181 mus,
1321 2144 1411 2171 recte
1435 2149 1512 2171 vero
1531 2139 1632 2180 Soph.
1658 2139 1816 2178 definite,
1846 2148 1922 2170 cum
1946 2139 1988 2170 de
2013 2142 2102 2170 certo
2126 2148 2211 2179 quo-

1197 2189 1291 2227 dam,
1320 2187 1376 2227 qui
1396 2188 1513 2218 Laium
1531 2187 1751 2225 interfecerit,
1777 2186 1911 2225 cogitet.
1947 2186 2024 2217 Alia
2041 2195 2116 2217 cum
2134 2187 2212 2218 bre-

1198 2235 1403 2275 viloquentia
1419 2234 1590 2273 (licuntur,
1612 2234 1706 2264 velut
1721 2231 1774 2269 τίς
1793 2230 1810 2265 ὁ
1828 2229 1958 2270 πόθοςς
1980 2232 2041 2264 Ph.
2063 2229 2142 2264 601.
2178 2230 2211 2265 τί

1197 2280 1260 2327 γὰρ
1285 2280 1323 2314 τὸ
1349 2279 1467 2324 μεῖξον
1492 2277 1515 2324 ἢ
1539 2277 1611 2312 κατ’
1628 2277 1812 2324 ἄνθρωπον
1828 2281 1961 2318 νοσεῖς,
1983 2279 2039 2311 OG
2058 2276 2138 2311 598.
2181 2277 2214 2311 τί

1198 2323 1222 2361 δ’
1254 2325 1294 2360 ἂν
1320 2325 1436 2364 θέλοις
1461 2326 1499 2359 τὸ
1524 2325 1640 2359 πιστὸν
1668 2324 1817 2371 ἐμφῦναι
1843 2324 1957 2370 φρενί,
1991 2323 2099 2358 1488;
2127 2336 2212 2367 quae

1199 2386 1273 2407 cum
1299 2375 1498 2416 pronomine
1524 2375 1663 2405 relativo
1687 2374 1836 2404 adhibito
1862 2374 1982 2404 resolvi
2006 2374 2150 2414 possint,
2170 2373 2211 2404 de

1199 2433 1263 2463 quo
1280 2426 1358 2453 ante
1376 2422 1523 2452 vidimus
1537 2446 1544 2460 ‚
1566 2426 1656 2451 recia
1674 2421 1800 2451 ratione
1817 2423 1983 2451 constant.
2028 2421 2079 2451 De
2096 2420 2214 2451 infini-

1198 2471 1266 2501 tivo
1292 2479 1367 2500 cum
1394 2468 1556 2499 obiectivo
1585 2472 1656 2498 tum
1683 2476 1908 2508 epexegeseos
1925 2476 2025 2498 causa
2040 2476 2115 2497 cum
2131 2467 2214 2498 arti-

1199 2517 1272 2547 culo
1300 2516 1388 2546 dicto
1411 2516 1567 2546 vidimus.
1604 2514 1689 2545 Cum
1716 2515 1891 2555 participio
1909 2514 2087 2554 siquando
2103 2515 2211 2545 abun-

1199 2564 1316 2594 danter
1347 2563 1457 2593 dictus
1491 2562 1636 2599 videtur,
1673 2565 1712 2591 ut
1744 2562 1779 2592 in
1812 2561 1869 2591 illo
1898 2558 1967 2593 οὐδ’
1997 2558 2016 2592 ὁ
2043 2557 2210 2594 κωλύσων

1200 2613 1311 2655 παρῆν
1335 2610 1417 2640 Ant.
1444 2606 1533 2645 261,
1566 2609 1607 2639 de
1633 2618 1698 2647 quo
1722 2617 1845 2646 genere
1871 2609 1999 2639 notavit
2025 2606 2142 2638 Stallb.
2171 2608 2211 2638 ad

1199 2658 1284 2688 Plat.
1305 2657 1440 2687 Menex.
1473 2665 1506 2695 p.
1527 2652 1595 2686 235
1614 2655 1656 2693 Ι),
1684 2655 1746 2685 lioc
1769 2655 1884 2686 eodem
1910 2655 1979 2686 loco
2005 2655 2212 2686 censendum

1199 2709 1300 2744 atque
1318 2704 1352 2734 in
1372 2703 1507 2733 nomine
1526 2702 1754 2739 substantivo,
1783 2702 1877 2732 velut
1895 2701 1992 2740 illud,
2018 2702 2060 2732 de
2077 2711 2142 2741 quo
2158 2701 2212 2731 di-

1199 2753 1333 2789 ximus,
1361 2750 1418 2781 OR
1439 2746 1515 2779 124.
1560 2746 1577 2780 ὁ
1597 2751 1682 2787 πᾶς,
1709 2749 1775 2784 πᾶς
1794 2746 1822 2787 ὁ,
1850 2746 1867 2780 ὁ
1885 2745 2031 2791 σύμπας,
2051 2746 2090 2780 τὸ
2107 2745 2207 2787 πολύ,

1201 2797 1233 2830 οἱ
1250 2794 1384 2835 πολλοί,
1404 2793 1447 2828 τὰ
1464 2793 1590 2835 πολλοί,
1609 2793 1648 2827 τὸ
1665 2792 1795 2834 πλεῖον,
1815 2793 1858 2826 τὰ
1874 2791 1993 2834 πλείω,
2015 2804 2076 2825 sua
2087 2795 2213 2825 habent
2276 2803 2286 2818 -’

1201 2853 1322 2876 sensus
1338 2843 1541 2881 discrimina,
1562 2842 1602 2872 dc
1621 2843 1744 2882 quitus
1762 2843 1796 2872 in
1814 2852 1844 2872 v.
1867 2842 1932 2877 πᾶς
1950 2846 1985 2872 et
1997 2838 2106 2878 πολύς
2119 2841 2212 2872 dice—

1202 2896 1268 2922 tur.
1312 2891 1481 2921 Postremo
1515 2890 1645 2929 quando
1674 2889 1873 2929 praedicatis
1904 2889 2094 2919 notionibus
2123 2892 2212 2919 recte

1201 2939 1350 2973 addatur,
1371 2938 1435 2968 iam
1453 2936 1609 2967 vidimus.

1272 2982 1304 3015 5.
1336 2984 1400 3015 Sed
1424 2983 1591 3014 liberrime
1616 2983 1731 3021 tragici
1756 2983 1845 3013 inter
1861 2983 2029 3022 epicorum
2046 2984 2082 3012 et
2097 2990 2212 3021 prosae

1202 3031 1359 3063 orationis
1385 3040 1484 3061 usum
1510 3029 1657 3060 medium
1686 3029 1851 3069 quendam
1877 3029 1986 3060 locum
2004 3031 2160 3059 tenentes
2177 3029 2212 3059 in
2266 3042 2284 3074 -ζ,

1202 3077 1438 3109 omittendo
1464 3077 1655 3107 articulo
1680 3079 1875 3114 versantur,
1907 3079 1946 3106 ut
1971 3075 2067 3105 facile
2095 3083 2133 3105 eo
2158 3084 2211 3106 ca·
2266 3072 2283 3118 ξ

1203 3128 1316 3164 reant,
1346 3133 1421 3154 cnm
1448 3124 1497 3154 rei
1523 3126 1630 3153 certae
1654 3126 1689 3153 et
1714 3122 1983 3162 circumscriptae
2001 3121 2212 3152 definiendae
2270 3118 2288 3145 ’Ξ

1206 3171 1430 3203 necessarium
1455 3173 1566 3210 putes.
1589 3186 1691 3200 —.—-
1727 3180 1755 3199 a.
1788 3168 1981 3200 Nominibus
1993 3169 2138 3207 propriis
2154 3168 2211 3198 vix
2270 3176 2281 3198 ,ι’

1957 3225 1989 3244 v.
2014 3208 2207 3247 Ἀπόλλων.
2269 3229 2278 3251 η

1205 3259 1371 3309 Ἀργεῖος.
1389 3258 1581 3307 Ἀτρείδης.
1603 3258 1755 3307 ’Λχαιός
1777 3257 1921 3297 Δαναός.
1941 3253 2086 3304 Ἕλλην.
2108 3257 2209 3296 Ζεύς.
2263 3294 2267 3307 3

163 3310 204 3342 fr.
225 3310 340 3341 Alead.
361 3307 418 3350 98,
442 3308 471 3342 1.
516 3308 617 3356 λόγος
642 3309 815 3357 σύγκολλα
838 3310 992 3357 τάμφοῖν
1015 3310 1050 3350 ἐς
1069 3311 1172 3356 μέσον
1207 3309 1322 3356 Θῆβαι
1349 3321 1376 3341 s.
1406 3307 1519 3353 Θήβη.
1554 3305 1670 3353 Τροία.
1702 3305 1832 3352 Φοῖβος
1861 3312 1923 3339 etc.
1958 3319 1989 3338 ν.
2022 3307 2140 3338 Markl.
2173 3308 2213 3338 ad
2270 3300 2274 3313 ’

161 3354 369 3388 τεκταίνεται
395 3357 461 3388 inc.
483 3355 564 3398 746,
584 3355 618 3389 2.
663 3357 739 3391 ἐπεὶ
762 3357 954 3403 πέπρακται
974 3361 1041 3392 πᾶν
1058 3358 1096 3392 τὸ
1111 3360 1172 3392 τοῦ
1209 3359 1326 3400 Suppl.
1356 3353 1435 3389 720.
1471 3357 1561 3387 Pors.
1590 3356 1629 3388 ad
1654 3356 1781 3387 Phoen.
1811 3352 1888 3386 145.
1925 3354 2028 3386 Seidl.
2057 3354 2099 3384 de
2123 3363 2208 3385 vers.
2255 3356 2275 3367 ⁴¹

164 3399 246 3436 θεοῦ
263 3400 380 3440 καλῶς
398 3401 478 3444 779,
501 3402 531 3436 1.
558 3422 602 3428 ——
635 3405 762 3438 Horum
787 3407 1016 3449 exemplorum
1034 3407 1100 3438 duo
1117 3406 1174 3438 ad·
1208 3406 1336 3438 dochm.
1358 3414 1391 3445 p.
1414 3400 1491 3436 133.

1203 3219 1273 3250 ullo
1301 3217 1495 3249 discrimine
1523 3216 1656 3246 additur
1682 3219 1716 3246 ct
1741 3216 1916 3246 omittitur.

1991 3399 2039 3442 (ΙΙ
2058 3410 2090 3442 p.
2110 3397 2212 3444 228.)
