2288 3600
690 1001 1112 1068 PRAEFATIO
1156 1002 1518 1069 EDITORIS.
1564 1040 1568 1043 ·

0 1351 13 1372 a
223 1270 487 1354 Friderieus
518 1302 697 1348 Ellendt
735 1317 868 1359 quum
901 1303 1070 1349 lexicon
1102 1303 1392 1361 Sophocleum
1431 1302 1547 1360 quod
1578 1307 1881 1361 composuerat
1911 1303 2063 1348 iterum
2098 1309 2145 1349 ut

13 1382 29 1443 ff
64 1383 215 1430 ederet
244 1385 319 1430 vix
349 1399 448 1431 esse
479 1386 669 1432 futurum
702 1386 882 1432 haberet
911 1400 1184 1445 persuasum,
1219 1387 1438 1432 inmatura
1467 1391 1605 1431 morte
1635 1391 1736 1431 ante
1758 1386 1837 1431 hos
1858 1386 1982 1431 XVII
2003 1401 2143 1432 annos

62 1468 320 1526 absumptus
349 1469 555 1515 incohata
574 1470 715 1527 magis
745 1484 876 1527 quam
898 1470 1094 1528 perfecta
1123 1470 1298 1529 reliquit
1328 1471 1373 1515 in
1404 1469 1579 1515 schedis
1610 1483 1749 1514 novae
1769 1468 1949 1516 editioni
1981 1484 2141 1527 paran-

10 1536 20 1610 33
62 1550 148 1597 dae
176 1544 421 1597 destinatis.
478 1553 596 1598 Satis
627 1554 742 1598 enlm
774 1555 1031 1612 plerumque
1062 1554 1274 1599 habuerat
1304 1569 1360 1599 ex
1390 1568 1539 1599 eorum
1571 1553 1776 1598 librorum
1807 1553 1947 1610 copia,
1983 1553 2142 1609 quibus

20 1692 22 1694 v
60 1638 160 1695 post
189 1634 271 1680 hoc
301 1635 472 1681 lexicon
500 1635 632 1682 editis
663 1650 795 1693 quum
826 1637 1093 1683 Graecarum
1124 1637 1363 1683 litterarum
1397 1642 1486 1682 tum
1517 1636 1672 1693 tragici
1711 1636 1924 1682 sermonis
1954 1637 2144 1694 cognitio

0 811 6 835 ρ

0 1106 17 1182 5

0 1376 16 1492 ἒ

16 1758 18 1760 ,
53 1717 230 1775 aliquod
259 1718 573 1764 incrementum
596 1725 786 1778 ceperat,
823 1721 1077 1766 nominatim
1109 1721 1390 1775 indicavisse,
1426 1720 1500 1777 qni
1522 1725 1670 1766 essent
1700 1719 1777 1764 toti
1807 1718 2016 1766 adcurate
2036 1734 2140 1778 per-

0 1791 9 1855 5
53 1800 295 1856 scrutandi,
342 1802 416 1859 qui
448 1803 493 1847 in
524 1802 766 1848 subsidium
799 1804 1008 1859 vocandi,
1058 1804 1130 1862 qui
1162 1804 1218 1849 de
1249 1805 1436 1861 singulis
1466 1802 1729 1860 quibusdam
1768 1803 1899 1847 rebus
1928 1801 2136 1848 adeundi.

0 1861 11 1951 ᾗ
53 1884 162 1930 Item
203 1884 248 1929 in
287 1885 353 1931 eis
386 1886 679 1932 voluminibus
719 1887 764 1932 in
795 1900 909 1944 qnae
948 1901 1099 1933 omnes
1132 1888 1330 1933 lectionis
1363 1887 1634 1945 Sophocleae
1674 1900 1715 1931 a.
1742 1885 2139 1931 MDcccxxvnl

0 1955 7 1998 ἶ
51 1966 277 2014 institutae
307 1968 473 2014 fructus
493 1969 733 2015 secundum
765 1971 1006 2016 litterarum
1026 1970 1222 2016 ordinem
1253 1970 1450 2027 digestos
1476 1970 1765 2023 derivaverat,
1801 1970 1962 2015 multos
1984 1974 2139 2027 poetae

0 2007 10 2096 ἴ
53 2050 170 2097 locos
199 2051 246 2096 in
277 2051 468 2097 editione
499 2052 641 2111 prima
669 2058 748 2098 aut
776 2054 962 2099 omissos
993 2060 1069 2100 aut
1100 2054 1243 2100 minus
1275 2060 1392 2100 recte
1423 2053 1643 2100 adhibitos
1673 2053 1721 2098 in
1752 2052 1952 2098 foliorum
1975 2053 2139 2110 margi-

0 2097 13 2204 ἓ
57 2132 186 2181 nibus
217 2136 513 2195 supplementi
541 2149 702 2182 caussa
730 2137 1008 2195 ascripserat.

3 2280 7 2285 Ι
229 2218 338 2264 Rem
369 2218 432 2264 ita
462 2232 511 2264 se
541 2219 703 2266 habere
742 2221 816 2265 ubi
847 2221 1044 2266 intellexi
1060 2256 1070 2276 ,
1106 2222 1162 2265 ab
1194 2219 1401 2266 Eduardo
1431 2219 1647 2277 Eggersio
1660 2254 1670 2274 ,
1705 2218 1978 2264 Berolinensi
2010 2219 2139 2264 huius

50 2300 197 2359 operis
227 2301 500 2360 redemptore
530 2302 852 2359 honestissimo,
888 2309 938 2350 ut
967 2305 1096 2350 lexici
1129 2303 1359 2362 Sophoclei
1390 2303 1540 2349 alteris
1571 2303 1686 2348 curis
1723 2301 1883 2347 edendi
1914 2302 2136 2359 negotium

0 2406 4 2430 1
51 2382 99 2429 in
135 2398 206 2429 me
244 2385 483 2444 reciperem
523 2391 702 2443 rogatus
742 2387 890 2432 statim
929 2388 1218 2446 circumspexi
1264 2392 1309 2432 et
1347 2387 1504 2444 quibus
1546 2384 1754 2430 subsidiis
1801 2385 1923 2430 nisus
1969 2390 2013 2430 et
2049 2400 2138 2442 qua

52 2480 158 2515 usus
187 2469 359 2514 ratione
387 2470 682 2527 praeceptoris
720 2470 992 2516 dilectissimi
1030 2472 1116 2516 mei
1153 2485 1262 2529 opus
1302 2485 1434 2527 quum
1475 2482 1682 2527 augerem
1723 2473 1813 2513 tum
1861 2468 2135 2514 emendatius

52 2555 110 2597 et·
134 2551 359 2597 doctorum
400 2552 589 2597 virorum
631 2552 783 2599 usibus
823 2554 969 2612 aptius
1008 2554 1250 2600 redderem.
1336 2554 1525 2599 Tantam
1564 2553 1679 2597 enim
1719 2552 1925 2597 extremis
1966 2551 2137 2598 XXXV

0 2617 24 2702 ζ
53 2633 212 2680 abhinc
250 2635 379 2680 annis
420 2635 581 2680 factam
619 2650 720 2682 esse
760 2637 963 2682 videbam
1002 2638 1383 2683 commutationem
1420 2636 1613 2681 omnium
1652 2634 1892 2680 studiorum
1933 2649 2047 2692 quae
2077 2627 2134 2679 ad

53 2715 284 2776 Sophoclis
314 2719 488 2764 fabulas
519 2719 817 2766 emendandas
849 2721 1189 2779 explicandasve
1220 2721 1460 2779 pertinent,
1497 2724 1546 2764 ut
1577 2718 1695 2764 haud
1735 2718 1898 2775 exigua
1927 2732 2029 2776 pars
2059 2732 2136 2763 eo-

54 2813 153 2847 rm
181 2815 295 2858 quae
325 2802 575 2847 Ellendtius
618 2803 663 2847 in
695 2790 836 2849 lexico
873 2817 953 2849 suo
993 2804 1295 2863 disputaverat
1332 2809 1410 2849 aut
1449 2804 1635 2848 collecta
1671 2806 1979 2860 proposuerat,
2023 2815 2138 2847 nnnc

53 2887 130 2928 ut
157 2884 258 2942 ipsa
285 2890 467 2942 egerent
497 2887 834 2932 commutatione
861 2887 1014 2944 aliqua
1041 2892 1120 2932 aut
1148 2901 1326 2945 prorsus
1357 2887 1555 2932 obsoleta
1584 2886 1849 2931 viderentur.
1914 2885 2034 2937 Quas
2061 2887 2136 2929 ‘res

52 2971 101 3013 ut
128 2967 379 3013 adcuratius
405 2968 717 3026 investigarem
747 2970 1005 3028 pleniusque
1026 2985 1310 3029 proponerem
1342 2985 1429 3015 non
1460 2969 1629 3014 taeduit
1658 2983 1728 3025 me
1748 2970 1975 3027 perlegere
2006 2968 2135 3024 quid·

12 3064 14 3066 ·
53 3049 160 3106 qnid
201 3051 611 3113 commentationum
658 3058 789 3110 atque
826 3053 1307 3098 dissertatiuncularum
1353 3054 1409 3098 de
1442 3052 1670 3110 Sophoclis
1711 3051 1872 3096 fabulis
1918 3065 1997 3108 per
2027 3050 2137 3095 illud

51 3134 224 3191 tempus
269 3134 484 3179 editarum
529 3135 576 3179 in
620 3136 808 3194 publicis
853 3136 1127 3182 bibliothecis
1173 3137 1530 3182 Berolinensibns
1575 3136 1885 3180 asservabatur
1937 3139 2013 3178 aut
2057 3147 2135 3191 per

14 3212 311 3275 *Ebliowlas
351 3222 522 3276 poterat
550 3219 815 3276 {comparari-
887 3219 1029 3272 Quam
1060 3234 1218 3278 operae
1257 3234 1383 3265 meae
1419 3223 1588 3277 partem
1629 3218 1791 3275 insigni
1831 3217 2137 3262 benevolentia

23 3296 98 3354 flet
124 3298 268 3345 officio
298 3301 341 3345 ei
370 3301 454 3346 viri
484 3301 745 3347 adiuverunt
782 3302 856 3360 qui
894 3302 1030 3347 libros
1060 3317 1170 3360 qnos
1208 3303 1264 3347 de
1295 3303 1482 3360 singulis
1514 3301 1769 3359 Sophocleis
1809 3300 1917 3344 locis
1958 3314 2135 3356 compo-

22 3367 36 3393 ?
104 3402 125 3419 ¹-
164 3387 246 3438 t,
288 3383 395 3429 mihi
426 3385 776 3429 transmiserunt.
831 3384 1000 3437 Quibus
1030 3385 1136 3430 viris
1177 3386 1377 3430 omnibus
1415 3385 1652 3429 maximam
1693 3384 1835 3428 habeo
1875 3395 2132 3439 semperque
