2288 3600
32 106 353 204 >mn-2⁹...

0 219 34 295 ξ
60 251 152 298 εροῖν
175 246 315 298 ἔχοντες
340 245 404 284 οὐκ
428 245 522 283 ’ίσασι
546 243 628 281 965.
657 241 746 283 οἶσθ’
770 244 830 282 οὖν
854 245 914 281 τὸν
937 243 1046 294 Οἴτης

32 259 149 346 {mooe
173 294 313 344 ὕψιστον
329 295 460 343 πάγον;
489 295 546 328 Tr.
568 291 671 328 1191.
697 292 775 329 οἶδα
793 291 894 327 1192.
923 295 1046 335 Hyllus

0 333 224 389 Qempondet.
239 342 304 390 τὴν
312 339 500 390 Εὐρυτείαν
509 339 613 377 οἶσθα
625 340 714 389 δῆτα
726 339 897 388 παρθένον
910 354 918 384 3
941 339 1043 374 1219.

0 394 9 421 ἓ
33 389 108 429 ἴσθι
122 392 190 426 πᾶν
205 390 245 426 τὸ
261 389 436 437 δρώμενον
454 390 507 422 ΕΙ.
528 387 586 422 40.
606 389 705 422 disce.
733 387 798 423 οὐκ
825 387 905 423 οἶδα
920 382 1043 422 τοιοῦδ’

0 434 1 437 “
33 437 156 487 ἀνδρὸς
173 435 256 485 ἔργα
271 437 331 472 καὶ
345 449 368 471 κ
392 435 414 471 ά
475 433 555 469 689.
584 433 649 470 οὐκ
665 431 752 470 οἶσθ’
772 434 842 482 ὅτῳ
860 433 894 481 μ’
911 433 1045 473 ἔδωκας

32 486 82 526 εἰς
97 484 220 542 χεῖράς
236 496 338 526 ποτε;
368 448 470 518 1348.
500 484 668 517 Subaudio
685 481 830 517 ἐκεῖνον.
863 480 963 528 ὑμεῖς
981 481 1044 528 μὲν

2 553 7 563 ι
33 532 99 570 οὐκ
122 530 166 579 ἄρ
202 526 284 581 ἦστε
306 530 363 566 τὸν
381 528 574 578 Προμηθέα
598 531 638 564 fr.
662 530 774 564 Colch.
795 527 875 562 317.
904 527 941 567 ὃς
967 526 1044 563 οὔτε

0 579 2 581 ’
30 578 224 618 τούπιεικὲς
257 576 336 614 οὔτε
367 577 430 624 τὴν
490 577 565 624 άριν
597 570 674 625 ᾔδει
708 574 811 620 [οἶδεν
844 587 876 610 ν.
898 574 944 621 s.]
974 578 1040 609 inc.

32 623 114 669 709,
133 623 167 660 3.
197 624 238 652 -’-
265 625 280 669 11
304 626 452 667 Aliquan
476 620 495 658 ὁ
519 629 572 658 est
596 625 778 665 intelligia-c
802 625 827 656 i.
847 633 878 656 e.
904 625 986 656 scire
1007 633 1046 655 ex

31 673 180 708 adhibita
203 675 399 714 coyitatione
421 675 452 704 et
475 674 603 705 ratione
620 673 715 704 inita.
744 669 807 705 οὐκ
832 668 911 704 οἶδά
934 681 990 704 πω
1012 668 1046 704 τί

15 731 116 769 ’φησι
137 721 199 754 Pb.
220 717 301 753 580.
330 719 503 752 audiverat
528 720 620 751 enim
648 719 897 760 Neoptolemus,
928 719 986 750 sed
1004 718 1044 750 de

31 778 69 802 se
91 768 173 810 quid
205 768 289 800 velit
313 771 475 799 mercator
499 767 642 798 nuntius
673 767 839 798 incertum
868 775 942 797 sese
969 775 1044 797 esse

30 815 178 850 simulat.
206 812 270 848 οὐκ
288 808 350 848 οἶδ’
367 811 446 848 ὅποι
460 813 530 860 χρὴ
543 810 695 858 τᾶπορον
710 810 844 859 τρέπειν
864 810 945 849 ἔπος
959 809 1040 844 897.

30 863 183 904 arabiam
209 862 269 894 sed
292 865 403 903 potest
427 863 530 893 etiam
546 861 586 892 ad
603 862 743 902 primam
763 860 1044 900 significationem

0 948 3 950 ,
29 910 158 944 referri.
185 906 276 943 κούκ
289 905 352 942 οἷδ’
370 905 512 954 ἐναίρων
527 905 647 954 νεκρόν
665 904 744 940 946.
771 901 855 947 οἷσθ’
874 906 922 944 ὡς
939 904 1044 961 ποίη-’-

31 966 108 999 σον;
137 956 196 989 ΟΒ
212 952 293 988 543.
321 952 409 989 οἷσθ’
441 953 500 989 οὖν
533 952 555 988 ἃ
586 948 746 1002 χρῄζεις
783 950 863 986 655.
893 951 957 987 οὐκ
982 951 1035 987 οἷο

15 1001 124 1048 ,ὅπως
142 1013 179 1037 σε
195 1006 251 1050 φῶ
269 999 518 1048 βεβουλεῦσθαι
534 1000 652 1039 καλῶς
673 998 774 1034 1367.
803 999 872 1047 ἐγὼ
897 998 941 1046 γὰ
980 998 1044 1034 οὐκ

14 1047 93 1086 ὀἶδ’
117 1047 137 1084 ὅ
167 1060 265 1095 μασιν
289 1047 402 1087 ποίοις
425 1048 555 1095 πατέρα
579 1043 654 1083 ποτ’
672 1045 711 1082 ἂν
737 1045 918 1095 προσεῖδον
960 1045 1040 1080 371.

30 1095 95 1133 οὐκ
118 1108 137 1132 ο
156 1094 223 1131 eila
245 1095 305 1131 καὶ
330 1098 402 1137 νῦν,
432 1096 479 1136 ὡς
497 1094 643 1142 ἀνιαρῶς
660 1093 770 1142 λέγεις
787 1096 869 1127 Ant.
890 1092 971 1127 316.
991 1088 1045 1140 ἄρ’

29 1142 122 1179 οἶδεν
138 1141 205 1178 ἀνθ
227 1143 332 1177 ώπων
355 1154 406 1181 τις
485 1141 525 1177 ὅσ
572 1142 752 1188 κράτιστον
776 1140 964 1188 κτημάτων
987 1140 1044 1175 εὐ-

0 1226 4 1234 ,
30 1189 171 1238 βουλία;
222 1187 303 1223 048.
330 1188 418 1225 κούκ
443 1184 507 1225 οἶδ’
533 1201 585 1224 οτι
605 1189 676 1237 χρὴ
701 1188 784 1235 πρὸς
807 1191 915 1223 ταῦτα
932 1187 1043 1235 λέγειν

0 1275 1 1278 ,
27 1240 70 1273 fr.
91 1238 208 1272 Alead.
230 1235 311 1278 105,
334 1235 424 1270 1an.
454 1230 554 1284 ἐγῷδ’
579 1236 598 1272 ὃ
623 1235 757 1283 φεύγεις
781 1237 883 1277 Synd.
908 1233 986 1276 152,
1007 1233 1040 1268 3.

0 1290 4 1313 ἒ
28 1283 110 1321 οἶδά
138 1296 176 1319 τε
207 1283 267 1319 καὶ
298 1282 436 1331 Ευνίημι
467 1283 548 1320 τάδε
572 1285 626 1316 ΕΙ.
650 1281 713 1317 131
733 1294 777 1317 m.
807 1285 860 1316 Ab
877 1284 938 1316 hac
956 1284 1009 1315 vel
1026 1294 1044 1315 a

0 1334 128 1366 tertia
151 1333 395 1372 significatione
410 1329 505 1377 'illud
528 1332 720 1372 deflexum,
751 1331 840 1372 quod
864 1331 1043 1372 aliquando

0 1378 222 1418 {recordandi
253 1380 287 1411 vi
309 1380 501 1421 praeditum
523 1379 668 1412 videtur.
705 1372 775 1412 τότ’
805 1374 907 1412 οἶσθα
935 1376 1044 1411 παῖδά

77 1424 179 1461 ίτινα
195 1424 276 1464 δούς
293 1426 351 1459 OR
371 1423 472 1459 1142.
493 1424 558 1460 οὐκ
583 1423 686 1460 οἶσθα
706 1423 852 1473 ἀρχαῖον
871 1422 953 1459 ὄντα
970 1421 1041 1458 Πέ-

0 1488 7 1500 ›.
27 1437 119 1509 λ’ἒπα
136 1471 327 1520 βάρβαρον;
354 1474 410 1506 Ai.
433 1470 535 1506 1291.
565 1474 719 1506 Fortasse
738 1474 840 1505 etiam
858 1473 913 1504 El.
938 1469 1038 1504 1348.

0 1523 76 1555 'sic
99 1520 361 1562 intelligendum
411 1521 544 1553 Deinde
577 1521 656 1553 hinc
688 1520 871 1561 repetenda
899 1520 1042 1552 formula

0 1558 349 1616 ζάγνωμοσὺνην
374 1565 556 1602 εἰδέναι.
586 1565 741 1613 μεγάλην
760 1565 797 1600 δὲ
812 1564 908 1604 θεοῖς
926 1564 948 1599 ἀ
970 1578 1042 1600 νω-

0 1613 177 1662 ἔμοσύνην
203 1612 330 1652 εἰδότες
355 1612 464 1672 ἔργων
482 1618 553 1648 τῶν
580 1612 829 1661 πρασσομένων
856 1614 911 1646 Tr.
935 1612 950 1646 1
980 1611 1037 1646 56.

0 1656 47 1706 51.
61 1673 93 1696 e.
113 1659 316 1709 ἀγνώμονας
331 1673 412 1700 τους
430 1660 533 1700 θεοὺς
550 1659 661 1700 ὄντας.
687 1661 844 1695 Ceterum
859 1661 919 1693 hac
931 1662 1039 1702 signi-

0 1703 179 1743 *fricatione
201 1718 318 1742 omnes
341 1709 419 1742 illae
437 1710 529 1742 verbi
555 1719 632 1742 cum
657 1710 734 1741 aliis
751 1709 925 1741 vocabulis
951 1718 1041 1741 com-

0 1757 171 1805 pponendi
183 1757 330 1789 rationes
347 1756 584 1797 admittuntur,
602 1766 685 1798 quas
702 1757 739 1788 in
750 1757 858 1798 prima
869 1756 1041 1788 tractanda

0 1803 313 1841 §enumeravimum
343 1804 439 1836 modo
458 1804 545 1845 quod
563 1805 611 1836 sic
637 1813 704 1836 non
723 1804 847 1836 dicitur
866 1813 942 1835 cum
960 1813 1041 1845 par-

0 1843 150 1895 ffiicipio.
173 1869 215 1876 —
233 1850 249 1893 ΙΙ
266 1851 425 1892 Denique
442 1855 495 1883 est
511 1852 569 1883 ubi
595 1855 688 1883 recte
706 1851 940 1892 interpreteris
961 1860 1039 1892 per-

0 1881 158 1942 }wasum
182 1897 314 1939 habere,
344 1898 379 1930 id
403 1902 457 1930 est
479 1899 533 1930 vel
557 1899 646 1940 quod
671 1899 821 1931 docuerit
845 1899 932 1930 alius
947 1923 955 1939 ,
985 1898 1039 1930 vel

0 1943 158 1988 {propter
182 1946 346 1978 rationem
369 1956 388 1977 a
411 1946 578 1977 nobismet
601 1947 721 1978 initam
750 1946 833 1987 ipsis
861 1946 1040 1977 scientiam

0 1986 87 2030 {sibi
110 1993 198 2035 eripi
222 2001 289 2025 non
314 1994 396 2033 pati.
441 1986 504 2026 οἷδ’
538 1987 695 2040 ὁθούνεγ’
726 1989 830 2031 ἵξεται
862 1992 923 2024 Ph.
948 1989 1035 2024 634.

0 2033 153 2087 ξίῃόδᾶτο
180 2038 242 2084 μὲν
259 2033 344 2080 τάδ’,
373 2037 453 2073 οἶδα
479 2033 507 2072 δ’
533 2037 571 2073 οὐ
590 2032 713 2085 γνώμῃ
730 2038 795 2073 τινί
813 2039 872 2072 OR
890 2036 970 2071 527.
1001 2037 1038 2073 εὖ

0 2081 251 2169 ζὲἐὲἕῖδῖἓὲὲ
265 2084 424 2166 ῗξῖῶεἳ
444 2083 936 2168 ἓ.ἷῗ.3έ.θῖῖὲῖοὲξὲἳὲῗξξ”οέ
954 2083 1039 2166 &Si

0 2167 85 2227 Ξοῖδ
103 2145 306 2226 ὅτιοίτούγῖὸν
323 2145 464 2227 φυῖἇέει
482 2174 510 2213 σ’
535 2153 646 2226 ὄνομα
663 2156 744 2214 666.
763 2148 841 2214 ςοῖδ’
859 2159 1039 2225 ἀρέσκουσί

0 2225 76 2271 ζοῖς
99 2221 238 2273 μάλισθ’
266 2225 362 2262 ἁδεῖν
388 2239 431 2272 με
455 2226 526 2275 χρή
544 2229 626 2260 Ant.
647 2225 704 2261 89.
725 2230 827 2262 τοῦτο
846 2222 874 2261 δ’
899 2223 969 2262 ἴσθ’
987 2226 1038 2261 ὅτι

0 2272 123 2321 paveo:
149 2274 211 2320 μὲν
230 2272 342 2322 ἔρχει,
369 2277 443 2313 τοῖς
460 2273 572 2322 φίλοις
590 2270 619 2308 δ’
635 2273 751 2322 ὀρθῶς
769 2273 852 2321 φίλη
870 2272 926 2309 98.
948 2274 1038 2321 πάρ-

2 2330 91 2370 ,ειμι
107 2316 136 2356 δ’
151 2319 246 2357 ἄκων
265 2321 331 2381 οὐχ
356 2320 502 2363 ἑκοῦσιν,
526 2319 589 2356 οἷδ’
607 2320 658 2356 ὅτι
674 2319 756 2355 276.
778 2316 841 2356 οἷδ’
867 2320 918 2356 ὅτι
936 2319 1037 2360 θεούς

0 2367 165 2419 ’ῥμιαίνειν
183 2366 276 2408 οὔτις
294 2367 491 2416 ανθρώπων
509 2367 621 2404 σθένει
640 2367 742 2403 1043.

91 2435 337 2487 Οἰδιπόδης
362 2451 395 2472 v,
425 2436 601 2478 Οἰδίπους.
757 2439 807 2484 (11
825 2451 858 2482 p.
879 2438 961 2482 290,
983 2438 1037 2486 3.)

91 2506 307 2548 Οἰδίπους
332 2521 366 2543 n.
388 2520 438 2551 pr.
475 2511 570 2543 Nom.
590 2508 724 2548 κλεινὸς
742 2506 906 2549 Οἰδίπους
924 2512 982 2544 OR
998 2509 1032 2544 8.

7 2553 40 2595 ,⁴3
91 2555 175 2604 ηδὲν
201 2555 300 2595 εἰδὼς
326 2554 488 2595 Οἰδίπους
513 2555 594 2590 397.
624 2554 788 2596 Οἰδίπους
813 2556 830 2592 ὁ
859 2557 916 2596 σὸς
938 2557 1036 2596 πόσις

6 2569 101 2638 Ἰ’8391-
136 2602 226 2651 ὑψοῦ
280 2602 322 2650 ὰρ
349 2602 438 2652 αἴρει
467 2601 577 2650 θυμὸν
602 2601 766 2642 Οἰδίπους
798 2601 878 2638 914.
913 2607 1035 2640 τοῦτον

2 2645 184 2689 ,Οἰδίπους
217 2616 326 2686 misna
356 2651 492 2698 τρέμων
526 2649 605 2684 947.
635 2649 726 2696 βοῶν
753 2650 818 2698 γὰρ
846 2650 1034 2687 εἰσέπαισεν

0 2693 184 2741 ΪΟἰδίπους
205 2696 305 2731 1252.
333 2697 419 2733 τοῦτ’
440 2692 536 2745 ἔλαγ’
554 2695 719 2736 Οἰδίπους
739 2697 840 2732 1366.
870 2696 1035 2738 Οἰδίπους

2 2740 80 2790 ᾗῖχδδε
98 2742 199 2778 1524.
228 2741 392 2784 Οἰδίπους
408 2739 536 2780 τοιαῦτ’
553 2744 666 2790 ἔνειμε
685 2764 726 2770 -
745 2746 829 2794 γέρα
854 2747 909 2779 OC
930 2744 1030 2780 1395.

3 2786 184 2838 ’ᾯίδίπους
213 2790 304 2839 λέγει
333 2790 434 2827 1638.
470 2790 560 2838 ἡνίκ’
593 2789 757 2832 Οἰδίπους
791 2792 908 2840 ὤρθου
935 2792 1034 2828 πόλιν

0 2838 101 2875 ’Ἄπι
124 2836 203 2872 167.
232 2857 273 2864 —-
309 2841 381 2873 Voc.
409 2842 510 2873 Hunc
534 2841 661 2881 Reisig.
697 2850 725 2873 c.
747 2852 791 2874 cr.
812 2843 848 2873 in
875 2841 930 2874 OC
950 2839 1030 2874 550.

8 2886 467 2966 {gigiqueosieclutustlmsl}l
478 2888 587 2966 εοίίὶιιῐῐι
605 2889 749 2967 ρῐοῐίαηι
773 2890 809 2944 in
827 2900 886 2926 ους
903 2898 1035 2938 exeun-

0 2974 40 3030 :¹1¹
66 2943 194 3021 ‚1⁵33
218 2937 1035 3024 .35.‘2..⁰¹T]⁸15¹32.53¹2⁸23÷ffi¹5essssiussezi⁰¹ff

35 3024 66 3060 ὦ
81 3024 256 3072 κρατύνων
270 3024 433 3066 Οἰδίπους
477 3028 568 3073 ὠρας
587 3027 705 3087 {gs-‘0-
725 3026 804 3062 646.
826 3026 907 3062 739.
927 3027 1032 3063 1073.

45 3069 124 3106 422.
146 3074 202 3107 OC
222 3071 265 3107 14
281 3072 406 3120 (πάτερ
422 3086 464 3109 τα
489 3074 602 3121 αίπωρ
629 3039 821 3120 Οἰδίπους).
849 3073 929 3109 461.
951 3074 1032 3109 640.

0 3114 102 3165 [2540.
121 3122 182 3153 ubi
197 3125 310 3154 tamen
329 3122 424 3155 Suid.
444 3134 477 3154 v.
496 3119 575 3156 ἵκου
602 3123 686 3163 legit
703 3119 860 3159 Οἰδίπου.
879 3120 961 3163 756,
989 3122 1034 3168 (ὦ

0 3157 208 3251 limacum&
235 3164 426 3213 οιδιπους).
459 3166 561 3202 1038.
593 3167 826 3211 1346.1627;
858 3168 1035 3215 [eandem-

10 3237 23 3255 ·.
45 3222 89 3246 ue
106 3216 245 3247 formam
263 3226 291 3248 c.
312 3216 476 3249 Elmsleio
492 3218 643 3249 restituit
660 3218 763 3250 Dind.
797 3218 855 3250 ΟΒ
870 3214 951 3250 405.
980 3217 1035 3250 OC

0 3256 17 3309 ξε
70 3258 124 3306 7.]
155 3257 346 3298 Οἰδίπου
387 3268 500 3296 autem
534 3263 592 3296 ΟΒ
615 3261 696 3296 405.
728 3264 785 3297 OG
814 3262 895 3297 557.
929 3262 1032 3298 1346.

9 3304 210 3351 Utrumque
242 3313 356 3342 autem
388 3311 466 3343 libri
494 3320 571 3343 cum
607 3321 736 3343 summo
763 3315 927 3344 tueantur
954 3321 1035 3344 con-

10 3348 137 3398 ·bnsu,
165 3357 232 3388 nisi
256 3357 346 3398 quod
369 3357 428 3390 ΟΒ
447 3354 501 3390 14.
529 3358 716 3399 apographa
739 3358 806 3390 duo
822 3358 948 3391 habent
973 3355 1036 3394 Οἰ-

55 3410 142 3445 που,
186 3403 463 3447 circumspectius
494 3405 629 3439 videtur
652 3406 840 3439 Hermanni
871 3405 1037 3440 iudicium

3 2481 16 2514 ἶ)

788 128 1035 199 Οἰδιπόδης
1062 159 1124 167 -
1154 128 1328 187 Οἰκεῖος

1995 133 2094 183 517

1082 248 1123 280 ad
1139 248 1198 281 ΟΒ
1213 245 1294 281 405.
1327 249 1428 281 libros
1447 250 1589 290 scriptos
1615 251 1804 291 sequendos
1828 251 2093 292 pronuntiantis.

1082 295 1165 328 Nam
1183 296 1270 337 quod
1287 296 1324 327 in
1340 295 1396 328 OC
1416 293 1517 328 1346.
1548 293 1711 335 Οἰδίπους
1728 297 1944 329 scribendum
1960 301 2099 339 propter

1081 352 1216 374 versum
1233 346 1432 384 sequentem
1449 344 1530 375 alias
1545 345 1585 376 ab
1603 344 1697 376 hiatu
1714 345 1875 377 vitiosum
1888 354 1953 376 sec.
1975 345 2095 379 Valck.

1081 390 1123 422 ad
1147 389 1274 422 Phoen.
1298 387 1399 422 1434.
1436 391 1606 430 Reisigius
1632 391 1775 423 affirmat
1800 392 1821 423 l.
1844 401 1888 431 c.,
1913 391 1948 423 id
1965 401 2042 424 vero
2059 392 2096 423 in

1081 440 1176 468 tanta
1192 437 1311 468 talium
1329 447 1488 470 versuum
1506 438 1726 471 multitudine
1745 439 1843 470 nihili
1859 438 2092 480 pendendum.

1082 483 1196 515 Tertia
1228 485 1332 516 forma
1365 489 1417 516 est
1450 481 1612 518 Οἰδιπό
1624 483 1675 518 δα
1706 483 1765 529 (ἆ)
1797 486 2003 524 melicorum,
2038 485 2097 518 ΟΒ

1083 527 1174 562 1193
1199 530 1250 563 ch.
1289 549 1331 555 —
1369 531 1541 564 Genitivus
1574 533 1698 573 triplex
1731 536 1793 564 est.
1851 528 2095 570 Οἰδίποδος

1081 581 1193 609 tamen
1208 588 1261 619 ap.
1284 577 1386 619 Soph.
1407 588 1474 610 non
1492 579 1626 619 legitur.
1656 577 1845 614 Οἰδίπου
1862 579 1921 612 OR
1932 577 1989 611 40.
2012 576 2091 612 925.

1083 621 1169 656 1091
1186 624 1237 657 ch.
1262 621 1351 657 1207
1365 625 1417 657 ch.
1438 625 1493 658 OC
1509 623 1587 661 109.
1607 623 1688 658 255.
1710 627 1791 658 Ant.
1808 623 1844 659 2.
1863 623 1940 659 193.
1962 623 2092 658 600012.

1084 668 1183 712 1018,
1206 682 1292 712 quae
1310 676 1345 704 et
1363 683 1381 703 a
1397 673 1492 704 libris
1510 677 1544 704 et
1561 683 1720 705 versuum
1737 674 1868 714 legibus
1892 677 1984 706 certa
2000 677 2092 705 sunt.

1081 719 1176 750 Hanc
1201 719 1403 751 sormam1ab
1429 716 1571 758 Οἰδίπος
1597 721 1689 752 ducit
1705 722 1830 752 Iacobs.
1851 720 1893 752 ad
1912 723 2016 761 epigr.
2037 721 2097 752 de-

1080 766 1157 798 lect.
1186 776 1218 806 p.
1240 763 1321 807 323,
1349 767 1548 799 adversante
1574 768 1714 808 quidem
1740 768 1805 799 EM
1822 777 1856 808 p.
1877 764 1933 808 20,
1958 764 2012 799 16.
2035 777 2098 799 nec

1081 814 1185 852 magis
1208 813 1242 844 id
1269 815 1495 846 necessarium
1521 824 1619 855 quam
1639 813 1701 860 βοῦ
1727 816 1916 855 genitivum
1933 825 1952 846 a
1969 812 2027 860 βός
2045 824 2099 846 οι·-

1081 864 1153 891 turn
1171 860 1294 900 dicere,
1316 862 1606 902 etsialiquantum
1623 862 1755 894 diversa
1781 866 1835 893 est
1851 871 2012 903 purorum
2034 863 2097 893 tle-

1080 907 1275 939 ctendorum
1286 909 1379 939 ratio.
1401 906 1552 955 ἀρτίπος,
1568 906 1752 949 ἀελλόπος,
1767 905 1910 946 Οἰδίπος
1923 912 2097 950 poetarum

1080 955 1220 986 inventa
1237 959 1318 986 sunt
1335 956 1488 987 versibus
1507 956 1709 988 commodius
1726 956 1927 997 pangendis,
1954 956 2012 988 sed
2031 965 2098 988 non

1081 1002 1211 1033 diversa
1228 1003 1429 1043 antiquitus
1451 1003 1520 1034 Nec
1537 1002 1697 1035 Choerob.
1719 1003 1909 1035 audiendus
1926 1003 1966 1035 ad
1985 1003 2097 1035 Theo-

1080 1048 1150 1081 dos.
1172 1049 1228 1081 fol.
1253 1046 1330 1081 117.
1353 1060 1385 1091 p.
1410 1046 1511 1082 1404.
1534 1050 1655 1090 Bekk.,
1677 1060 1752 1082 cum
1770 1045 1935 1087 Οἰδίπους
1953 1046 2099 1084 Οἰδίπο-

1081 1093 1139 1132 δος
1157 1097 1347 1128 vocativum
1365 1098 1572 1129 nominativo
1598 1107 1730 1138 parem,
1760 1093 1924 1135 Οἰδίπους
1952 1093 2097 1133 Οἰδίπου

1079 1143 1230 1182 genitivo
1253 1144 1475 1176 assimilatum
1493 1144 1613 1176 habere
1630 1145 1730 1185 dicit,
1765 1153 1851 1186 quae
1877 1153 1943 1177 non
1961 1149 2015 1177 est
2030 1145 2099 1176 nisi

1079 1190 1223 1231 disparis
1241 1191 1396 1223 flexionis
1415 1191 1548 1231 regulae
1567 1192 1667 1223 alicui
1685 1191 1980 1224 accommodandae
1997 1193 2093 1224 ratio.
2154 1228 2156 1230 ,
2197 1226 2206 1233 ,

1080 1237 1193 1269 Tertia
1216 1239 1322 1270 forma
1355 1234 1621 1279 Οἰδιπόδαο,
1650 1239 1787 1271 Aeolica
1818 1239 1878 1270 illa
1910 1239 2097 1271 secundum

1079 1285 1146 1316 EM
1164 1295 1196 1326 p.
1221 1282 1276 1324 11,
1301 1283 1354 1318 11.
1384 1282 1439 1322 35,
1462 1282 1518 1317 37.
1542 1282 1621 1326 154,
1651 1284 1701 1325 5.,
1728 1287 1764 1317 in
1789 1286 1920 1318 melicis
1944 1287 2097 1328 partibus

1078 1332 1203 1372 legitur
1228 1336 1397 1365 contracta
1415 1329 1442 1368 Ο
1455 1330 1574 1366 ἰδιπό
1586 1330 1636 1366 δα
1648 1357 1657 1373 ,
1684 1333 1743 1366 OR
1759 1329 1828 1365 495
1845 1333 1898 1366 ch.
1925 1334 2007 1366 Ant.
2029 1330 2098 1366 380

1078 1387 1133 1410 an.
1162 1379 1417 1412 Nominativum
1443 1384 1556 1412 autem
1581 1376 1767 1425 Οἰδιπόδης
1793 1381 1965 1413 veteribus
1991 1381 2097 1423 epicis

1078 1427 1256 1466 tragicisve
1274 1427 1402 1460 dictum
1420 1437 1530 1468 neque
1549 1428 1636 1460 illud
1653 1428 1792 1467 evincit,
1821 1428 1910 1468 quod
1927 1423 2096 1463 Οἰδιπόδα

1078 1474 1256 1514 aliquoties
1281 1478 1316 1506 et
1342 1470 1526 1509 Οἰδιπόδαν
1558 1475 1703 1515 legitur,
1740 1484 1851 1515 neque
1879 1475 1967 1516 quod
1995 1475 2092 1507 Eust.

1077 1530 1111 1562 p.
1137 1517 1238 1560 1445,
1260 1518 1316 1554 46.
1347 1520 1365 1555 ὁ
1384 1518 1567 1563 Οἰδίπους,
1597 1523 1722 1563 inquit,
1751 1519 1931 1568 πολλαχοῦ
1954 1518 2095 1567 εὕρηται

1076 1565 1363 1614 τετρασυλλοίβως
1388 1566 1447 1603 καὶ
1472 1564 1720 1614 Οἰδιπόδης
1745 1566 1942 1615 λεγόμενος,
1971 1574 2006 1602 et
2023 1570 2095 1602 Eu-

1077 1615 1170 1647 docia
1187 1617 1221 1647 in
1241 1616 1374 1648 Violeto
1390 1626 1424 1657 p.
1439 1612 1526 1648 312:
1550 1612 1715 1654 Οἰδίπους
1732 1614 1750 1650 ὁ
1767 1614 1827 1650 καὶ
1844 1614 1922 1652 Οἰδ
1935 1614 2094 1662 ιπόδης

1077 1666 1267 1708 ποιητικῶς
1284 1661 1479 1709 λεγόμενος.
1511 1681 1552 1687 --
1578 1663 1724 1695 Dativus
1741 1674 1759 1695 a
1778 1663 1879 1705 Soph.
1900 1664 2010 1696 dictus
2027 1673 2094 1696 non

1077 1714 1140 1741 est.
1170 1728 1211 1733 —
1238 1711 1430 1742 Accusativi
1452 1711 1558 1742 forma
1581 1711 1730 1752 duplex,
1766 1711 1963 1744 melicorum
1990 1711 2096 1744 altera

1077 1752 1324 1791 Οἰδιπόδαν
1351 1757 1406 1790 OC
1423 1754 1505 1790 222.
1527 1759 1633 1790 altera
1650 1759 1836 1790 communis
1855 1754 2091 1800 Οἰδίπουν,

1075 1804 1134 1836 OR
1151 1801 1231 1836 514.
1253 1805 1308 1838 OC
1328 1802 1361 1838 3.
1383 1801 1464 1837 626.
1488 1802 1590 1838 1580.
1611 1823 1656 1830 -—
1676 1806 1730 1838 De
1747 1809 1838 1838 recta
1854 1806 2006 1838 vocabuli
2023 1807 2095 1838 ori-

1075 1852 1246 1891 ginatione
1272 1863 1303 1884 v.
1333 1852 1399 1884 EM
1422 1862 1456 1894 p.
1479 1849 1559 1893 616,
1588 1850 1645 1885 57.
1683 1850 1739 1897 [cl.
1769 1854 1982 1894 eponomasia
2008 1863 2094 1896 quae

1075 1899 1199 1939 tragico
1213 1909 1303 1931 more
1321 1900 1359 1931 fit
1377 1899 1435 1932 ΟΒ.
1454 1896 1544 1932 1034
1562 1897 1667 1945 sqq.].

1146 1953 1225 1992 Οἷδ
1236 1970 1304 2003 μα.
1340 1958 1476 1999 Proprie
1493 1958 1661 1991 humorem
1677 1959 1871 2000 significans
1895 1960 1995 1992 maris
2013 1960 2094 1993 elati

1075 2009 1109 2036 ct
1127 2006 1325 2037 fluctuantis
1343 2006 1542 2038 vocabulum
1561 2010 1623 2047 est,
1645 2015 1709 2038 nec
1725 2010 1840 2039 tamen
1857 2007 1998 2048 proinde
2014 2017 2093 2048 pro-

1074 2053 1199 2084 cellosi.
1229 2050 1497 2099 περιβρυχίοισιν
1525 2056 1639 2098 περῶν
1664 2047 1720 2087 ὑπ’
1747 2051 1903 2099 οἴδμασιν
1919 2054 2002 2086 Ant.
2025 2051 2093 2087 337

1074 2100 1125 2131 ch.
1143 2109 1205 2141 per
1220 2100 1331 2132 undas
1348 2102 1524 2132 alluentes.
1552 2101 1714 2133 Brunckii
1730 2101 1802 2133 cod.
1823 2101 1866 2134 E.
1896 2095 1949 2135 ἐπ’
1966 2099 2088 2147 οἴδμα-

1074 2156 1142 2187 σιν,
1172 2147 1233 2179 sed
1250 2157 1281 2178 v.
1303 2148 1431 2181 Iacobs.
1450 2148 1492 2179 ad
1507 2147 1664 2180 Philostr.
1687 2148 1812 2188 Imagg.
1841 2158 1875 2189 p.
1896 2145 1977 2182 628.
2006 2159 2093 2183 πον-

1072 2191 1147 2230 τίας
1181 2191 1264 2231 ἁλὸς
1298 2191 1405 2239 οἶδμα
1437 2195 1518 2227 Ant.
1549 2192 1619 2227 588
1644 2195 1696 2227 ch.
1733 2195 1895 2228 librorum
1928 2197 2093 2238 scriptura

1073 2244 1206 2282 praeter
1223 2242 1295 2278 LA,
1324 2244 1383 2283 qui
1399 2239 1562 2283 ποντίαις,
1590 2239 1618 2286 [ι
1636 2246 1714 2274 ante
1733 2252 1751 2275 σ
1767 2253 1786 2275 a
1803 2253 1848 2275 m.
1877 2247 1948 2276 ant.
1967 2243 2088 2286 illato.]

1075 2289 1127 2319 De
1144 2286 1228 2326 ἁλός
1246 2289 1388 2322 delendo
1402 2300 1433 2321 V.
1451 2286 1526 2326 ἅλς.
1546 2287 1732 2335 ἀτρυγέτου
1750 2287 1903 2336 γλαυκᾶς
1918 2288 1971 2324 ἐπ’
1987 2287 2092 2335 οἶδμα

1073 2332 1195 2380 λίμνας
1220 2335 1304 2368 Oen.
1335 2337 1376 2369 fr.
1398 2333 1480 2378 423,
1509 2334 1542 2369 3.
1575 2354 1615 2360 -
1643 2337 1696 2370 cf.
1723 2338 1750 2369 Ι.
1781 2338 1888 2370 Henr.
1914 2339 2012 2370 Voss.
2050 2339 2090 2371 ad

1073 2383 1188 2423 hymn.
1226 2382 1303 2415 Cer.
1327 2381 1381 2416 13.
1788 2382 1838 2428 (ΙΙ
1855 2395 1889 2427 p.
1911 2381 1992 2426 291,
2015 2382 2091 2428 14.)

1144 2437 1324 2488 Οἰήτης.
1354 2441 1494 2488 οἰήτας;
1521 2441 1603 2480 τοὺς
1626 2441 1796 2488 κωμήτας
1824 2439 1912 2488 Σοφ.
1947 2437 2090 2489 Ἀνδρο-

1074 2486 1162 2535 μέδᾳ
1180 2487 1239 2533 (fr.
1257 2487 1368 2533 138.)
1389 2490 1530 2522 Photius
1547 2500 1582 2531 p.
1599 2487 1678 2522 317.
1693 2488 1727 2523 7.
1755 2491 1902 2530 Hesych.
1919 2503 1926 2522 :
1948 2489 2088 2524 οἰατᾶντ

1071 2540 1260 2582 κωμητῶν.
1281 2533 1360 2571 Οἶαι
1376 2534 1440 2583 γὰρ
1458 2536 1493 2570 αἱ
1510 2541 1639 2582 κῶμαι.
1659 2537 1714 2570 Sic
1727 2538 1821 2570 enim
1834 2539 1955 2570 vitiosa
1967 2538 2090 2570 codicis

1072 2585 1174 2615 verba
1196 2585 1389 2616 emendavit
1411 2585 1548 2617 Ruhnk.
1582 2582 1735 2629 (οἱατοίν,
1772 2583 1938 2630 κομήτων
1968 2589 2021 2617 est
2052 2586 2089 2617 in

1072 2629 1175 2675 cod.)
1211 2632 1263 2663 Ab
1294 2628 1365 2668 οἶος
1390 2631 1468 2664 duci
1491 2636 1580 2663 recte
1606 2633 1653 2664 ait
1676 2632 1797 2664 Elmsl.
1816 2625 1867 2666 ,sd
1884 2632 1940 2665 OG
1959 2629 2060 2664 1061.
2077 2645 2085 2673 3
2103 2628 2183 2676 [ρ.

1073 2687 1149 2709 nam
1162 2688 1308 2719 papum,
1336 2679 1359 2711 i.
1381 2688 1412 2710 e.
1433 2679 1696 2711 cohabitantium
1721 2679 1930 2719 domicilium
1955 2680 1996 2712 ab
2013 2680 2126 2716 aliis

1071 2730 1282 2765 segregatum
1309 2726 1449 2767 suisque
1481 2727 1569 2766 agris
1601 2725 1751 2759 cinctum
1785 2723 1973 2767 siguificat,
2001 2727 2089 2768 quod

1072 2772 1346 2852 Lacedaemorgiis
1363 2774 1526 2814 pinguius
1553 2771 1630 2819 ὢβή
1643 2798 1651 2814 ,
1678 2785 1711 2806 v.
1730 2773 1887 2817 Muelleri
1904 2773 2088 2806 Dorienses

1071 2820 1136 2852 vol.
1156 2820 1185 2851 I.
1206 2829 1241 2861 p.
1261 2818 1282 2852 ’ἴ
1313 2846 1319 2852 .
1577 2859 1581 2861 ,
1679 2839 1683 2860 ς
1731 2814 1761 2838 *3'
1971 2819 1974 2821 ’

1142 2873 1170 2912 Ο
1181 2875 1227 2911 ’ίκ
1236 2890 1258 2911 α
1269 2877 1287 2911 δ
1299 2890 1315 2912 ε
1332 2878 1478 2911 domum.
1507 2879 1559 2910 De
1567 2863 1741 2911 “domicilio
1754 2880 1884 2921 privato
1898 2892 1905 2911 :
1928 2877 2007 2914 &rav
2023 2889 2087 2938 περ

1071 2919 1181 2959 οἴκαδ’
1197 2921 1364 2971 Αἴγισθος
1375 2924 1474 2984 ,μόλῃ
1492 2926 1547 2958 ΕΙ.
1569 2922 1649 2957 386.
1677 2926 1730 2957 De
1747 2927 1826 2958 sede
1841 2931 1876 2958 et
1891 2928 2018 2969 patria:
2045 2938 2086 2961 ου

1073 2969 1162 3016 μηδὲ
1187 2970 1330 3018 κληδὼν
1355 2971 1495 3014 οικαδε,
1525 2966 1607 3017 μήδ’
1638 2967 1806 3011 Ἑλλάδος
1831 2976 1896 3020 γῆς
1923 2972 2087 3021 μηδαμοῦ

1072 3016 1196 3065 διῆλθε
1212 3019 1276 3053 Ph.
1295 3017 1377 3053 255.
1396 3019 1454 3055 τὸν
1473 3013 1583 3054 οἴκαδ’
1601 3017 1742 3065 ἤπειγον
1761 3018 1882 3054 στόλον
1899 3018 1980 3058 499.
2001 3020 2087 3067 ὀμό-

1071 3064 1289 3147 σαςὸἓίᾆτάξὸειν
1308 3065 1428 3101 οἴκαδε
1445 3063 1525 3100 941.
1547 3085 1588 3092 —-
1608 3067 1661 3099 De
1679 3071 1758 3101 tono
1775 3079 1807 3100 V.
1821 3068 1932 3109 Apoll.
1949 3069 1990 3101 de
2007 3069 2082 3102 adv.

1070 3123 1105 3155 p.
1199 3139 1208 3156 ,
1255 3140 1262 3147 .

1143 3168 1170 3206 Ο
1183 3170 1224 3206 ἰκ
1235 3183 1250 3205 ε
1261 3174 1302 3206 ῖο
1314 3183 1330 3210 ς
1347 3173 1485 3214 ΡΥορι-ἰα
1497 3172 1675 3215 domestici,
1703 3175 1727 3206 i.
1747 3184 1778 3206 e.
1799 3173 1888 3215 quod
1904 3174 1992 3206 domi
2010 3185 2087 3207 ver-

1073 3223 1165 3251 satur
1182 3229 1210 3251 s.
1231 3220 1320 3251 domi
1337 3221 1502 3261 originem
1519 3221 1633 3261 habet,
1655 3219 1900 3260 significatione
1918 3230 1985 3252 non
2003 3222 2086 3254 dici-

1072 3270 1140 3298 tur.
1186 3266 1250 3298 Sed
1282 3265 1490 3306 familiarem
1521 3268 1705 3308 significat:
1749 3265 1864 3302 οἰκεῖα
1885 3266 1944 3302 ’πά
2026 3270 2082 3302 Ai.

1072 3309 1142 3344 260
1159 3323 1214 3345 an.
1243 3311 1372 3350 οἰκείας
1396 3311 1444 3351 εἰς
1467 3311 1551 3351 ἄτας
1576 3312 1752 3359 ἐμπίπτεις
1769 3315 1822 3347 El.
1841 3312 1911 3347 215
1929 3315 1997 3357 ch.,
2011 3321 2084 3357 ‘quo

1074 3369 1140 3391 non
1158 3363 1239 3401 puto
1257 3371 1285 3392 c.
1306 3361 1422 3393 Herm.
1441 3362 1533 3392 mala
1549 3361 1627 3402 dici,
1649 3371 1731 3403 quae
1747 3362 1808 3394 sibi
1821 3362 1953 3394 Electra
1968 3364 2084 3403 yiynat

1074 3408 1158 3450 ipsa,
1179 3417 1254 3441 cum
1272 3408 1420 3441 inimicis
1434 3409 1506 3442 suis
1518 3417 1636 3444 nocere
1654 3418 1721 3443 non
1734 3410 1852 3452 possit,
1871 3410 1930 3443 sed
1948 3410 2084 3444 chorum
