2288 3600
60 3 87 43 fir.
92 0 150 39 5³?
155 0 178 33 :f

58 40 68 54 ,.
83 45 87 52 ,
100 49 101 53 ,
146 45 150 48 .

60 1269 82 1287 ..4-

0 1306 1 1309 ,
66 1287 113 1321 ,v

101 1715 109 1726 ⁴

88 1750 109 1763 'a

88 1766 109 1790 Γ

4 176 6 178 ,
32 128 115 204 χι..

38 305 80 334 ut
95 303 214 342 interrap

26 444 73 490 φ.
94 438 175 483 692,
192 438 250 475 55.

105 1226 167 1276 Βῆ
179 1240 256 1263 σσα

129 144 342 191 3ο1-303.]
790 133 997 186 Βελτίων
1022 167 1093 175 --
1116 135 1376 206 Βιβρώσκω
1998 139 2089 188 121

2 283 4 286 ,
27 232 154 302 {apog
168 253 230 300 τῆς
245 250 409 298 ἀνικήτου
427 251 513 300 βέλη
531 254 586 287 OC
603 251 703 287 1515.
718 272 758 278 —
777 254 792 298 ss
809 255 891 287 Inde
908 256 1044 290 factum.

215 302 294 333 orico
318 302 419 334 etiam
444 302 526 334 caela·
548 303 694 342 gnaviter
715 302 839 342 feriens
856 312 894 334 eo
912 303 1047 334 nomine

26 348 224 382 diceretur:
254 345 431 394 δύσομβρα
447 346 582 395 φεύγειν
601 346 686 395 βέλη
704 349 786 381 Ant.
807 345 875 381 359
893 349 944 381 ch.
988 349 1046 380 In-

39 398 157 437 gentes
184 398 216 427 et
240 396 367 428 subitos
397 396 521 427 imbres
550 396 738 436 significare
769 397 922 428 observat
946 396 1044 428 Eust.

721 441 753 486 (1
770 453 803 484 p.
826 440 890 475 301
910 444 972 476 lin.
994 440 1048 486 2.)

37 533 86 581 '⁶77
88 494 246 581 9Β5ελτῦ
249 512 304 534 ων
328 502 454 534 melior.
506 499 690 546 μανθάνειν
719 499 876 547 βελτίονα
905 502 945 534 fr.
976 502 1044 534 inc.

28 587 51 638 '-
109 591 360 639 Βερέκυντα
393 593 541 641 βρόμονι
604 591 752 640 Φρύγιον
785 593 902 629 αύλόν.
957 591 1043 639 Σοφ.

4 636 43 686 ³3
74 653 144 686 οιμ.
170 640 227 686 (fr.
255 638 342 686 454)
364 643 509 682 Hesych.
569 639 784 688 Βερεκύνταν
817 638 978 682 corrigere
1010 643 1045 674 in

30 701 47 733 χ),
83 692 132 721 ta
155 690 290 722 licentia
320 691 529 731 metaplasmi
561 690 775 722 temerarium
805 693 912 729 esset;
949 687 1047 733 βερέ-

83 747 146 770 ντα
165 737 318 777 proxime
343 738 436 768 abest
460 748 478 769 a
500 734 648 777 κίνδυνι,
676 737 718 769 de
738 746 803 778 quo
828 741 862 768 et
879 737 1047 768 similibus

40 780 63 824 j.»
86 783 264 816 ditissime
288 784 449 815 disseruit
466 785 545 816 Lob.
575 785 616 816 de
640 785 706 816 adi.
735 785 880 816 motione
898 784 1047 816 anomala

76 840 120 863 ss.
137 827 170 862 4.
190 841 225 872 p.
246 827 279 862 4.
309 831 374 863 Sed
391 834 547 863 accentus
565 831 747 864 mutandus
764 832 850 871 fuit,
872 832 932 872 qui
949 831 1047 871 vulgo

36 873 66 912 ²²!
89 878 277 919 penultima
296 878 413 910 fertur.

48 942 68 977 ζ
109 932 167 981 Βῆ
179 947 235 980 μα
253 933 364 979 [Curt.
385 937 442 968 Et.
462 947 496 978 p.
518 934 602 980 415]
626 936 800 977 Hyrmina,
821 936 920 969 aedes.
956 934 1047 970 τοῦδ’

40 989 53 1023 ᾗ
101 980 236 1028 ιπέτρου
255 981 410 1027 βήματος
427 981 491 1022 ἔξω
509 984 564 1016 OC
578 980 655 1016 193.
685 984 778 1016 Suid.
793 995 824 1015 v.
846 982 1046 1027 ἀντιπέτρου

61 1052 66 1067 ,,
87 1041 204 1076 ματος.
224 1030 312 1061 sedes
329 1040 426 1063 saxea
443 1035 512 1063 est:
534 1032 576 1063 cf.
595 1032 720 1070 Reisig.
738 1032 855 1062 Enarr.
873 1042 906 1072 p.
922 1032 1043 1062 LVIII.

51 1102 69 1124 Ι
82 1114 84 1118 1
96 1075 112 1119 ΙΙ
129 1087 275 1116 messum
302 1075 338 1110 ὃν
351 1079 395 1123 γᾶ
411 1077 495 1111 ποτὲ
509 1075 723 1122 Μυκηναίων
738 1076 867 1117 δέξεται
885 1076 1048 1123 εὐπατρί-

56 1125 76 1171 Ῐ,
115 1119 191 1161 Διὸς
216 1121 355 1170 εὔφρονι
383 1123 513 1170 βήματι
531 1123 689 1169 [νεύματι
713 1123 872 1169 Burges]
897 1123 1047 1169 μολόντα

2 1171 3 1174 ’
67 1168 197 1206 ἐσταν
210 1172 263 1203 El.
281 1168 347 1203 163
357 1172 407 1204 ch.
438 1173 544 1205 Schol.
567 1170 654 1217 ὁδῷ,
676 1171 818 1220 πομπῇ,
839 1173 900 1204 hoc
918 1173 1041 1204 verius.

289 1230 384 1263 Gurt.
398 1231 453 1263 Et.
467 1241 501 1272 p.
514 1228 599 1275 416]
616 1232 729 1272 saltus,
742 1232 912 1262 convallis.
935 1229 986 1276 βῆ
999 1241 1017 1263 σ
1027 1251 1046 1256 -

124 1302 131 1318 ,
167 1228 314 1311 κοιλάδα
338 1274 430 1323 ὕδωρ
454 1275 615 1325 ἔγουσαν.
657 1276 717 1311 καὶ
743 1276 914 1323 μεσότητα
940 1277 1041 1323 ὀρῶν,

115 1322 329 1370 συνάγκειαν.
357 1323 458 1359 ἄλλοι
473 1321 512 1359 τὸ
530 1323 681 1367 ἔνυδρον.
711 1324 742 1359 οἱ
760 1323 798 1358 δὲ
816 1323 963 1371 βήσσας,
984 1324 1045 1359 τό-

72 1407 75 1411 ,
103 1382 119 1410 ς
144 1369 309 1416 βασίμους
339 1373 396 1405 Gr.
426 1373 529 1404 Bekk.
556 1383 590 1414 p.
611 1369 699 1413 226,
727 1370 748 1404 5
776 1376 810 1404 et
833 1373 949 1404 eadem
974 1374 1044 1404 fere

122 1428 156 1460 p.
181 1415 258 1458 196,
278 1416 334 1451 47.
381 1419 443 1452 Sed
469 1423 557 1452 certo
581 1430 646 1451 non
670 1424 722 1452 est
743 1431 762 1452 a
779 1417 921 1463 βαίνειν,
951 1421 1009 1452 sed
1027 1431 1044 1452 a

126 1476 143 1503 ς
160 1463 294 1510 βάσσων
314 1464 365 1512 βῆ
377 1477 452 1500 σσα
470 1468 519 1507 fit,
540 1471 579 1499 ut
596 1469 636 1499 ab
652 1465 766 1512 ἥττων
783 1465 880 1510 ἧττα,
902 1477 1042 1508 quorum

111 1522 147 1544 n
172 1514 336 1554 quoddam
364 1517 416 1546 est
447 1525 465 1546 a
490 1515 677 1553 quantitate
701 1515 893 1546 discrimen.
932 1532 973 1538 —-
1009 1512 1044 1547 ἐν

48 1553 52 1557 ’
84 1552 104 1595 ”2
135 1571 212 1606 μοις
237 1558 376 1604 βάσσαις
400 1562 455 1593 Ai.
479 1558 545 1593 198
563 1561 615 1593 ch.
659 1562 732 1593 Non
750 1565 830 1593 sunt
851 1563 956 1593 ventis
968 1571 1045 1602 per-

81 1607 153 1647 ὀ,
189 1608 247 1639 sed
271 1605 406 1641 εὐάειαν
430 1606 663 1654 παρέχουσαι,
700 1619 733 1640 v.
760 1609 840 1640 Lob.
871 1607 1047 1654 μινύρεται

132 1665 151 1687 ν
167 1651 324 1701 χλωραῖς
351 1653 418 1688 ὑπὸ
435 1654 575 1700 βάσσαις
592 1656 648 1688 OC
665 1652 733 1688 673
752 1656 802 1687 ch.
842 1656 919 1687 Huc
936 1666 1044 1696 gram-

117 1702 147 1734 ci
163 1703 397 1743 interpretatio
420 1704 512 1741 facit,
531 1701 577 1736 τὸ
595 1700 694 1736 ἔνυδ
706 1714 790 1747 ρον.
822 1721 863 1725 -
890 1704 942 1735 De
966 1707 1044 1735 tono

138 1773 146 1781 .
165 1749 282 1781 Herm.
303 1750 344 1781 de
360 1749 496 1782 Prosod.
516 1759 549 1790 p.
566 1747 647 1790 425,
669 1751 741 1782 coll.
763 1750 829 1782 EM
842 1761 875 1792 p.
893 1747 970 1790 196,
984 1746 1041 1782 49.

86 1799 190 1851 ἸχΒίιι
207 1805 318 1852 [Gurt.
331 1808 386 1840 Et.
401 1819 434 1850 p.
449 1805 532 1853 418]
550 1809 564 1851 ΙΙ
580 1810 631 1840 vis
650 1810 792 1849 corporis
807 1809 918 1840 robore
936 1809 1040 1849 illata,

137 1864 210 1887 rara
226 1855 436 1895 significatio.
466 1853 564 1899 ὑμεῖς
577 1853 791 1902 (βραχίονες)
802 1852 941 1899 Νεμέας
955 1853 1046 1889 ἔνοι-

89 1913 102 1948 j
114 1897 172 1949 βίᾳ
187 1899 454 1947 κατειργάσασθε
472 1903 527 1934 Tr.
551 1899 651 1934 1094.
681 1903 794 1934 Etiam
811 1903 1046 1935 adverbialiter

26 1979 28 1981 ,
88 1983 91 1986 ,
116 1957 162 1980 m
186 1946 259 1994 βίᾳ
284 1947 456 1995 φέρειν,
484 1951 525 1981 de
554 1959 620 1991 quo
644 1960 722 1981 mox
739 1951 879 1990 dicetur,
903 1951 1043 1991 quodam

27 2161 28 2168 ,
129 2134 293 2169 Usitatius
309 2141 362 2169 est
377 2139 417 2169 de
434 2139 528 2170 rebus
543 2140 658 2171 animi.
692 2139 733 2170 In
754 2149 819 2179 quo
837 2149 959 2178 genere
973 2141 1045 2179 pri-

28 2180 30 2184 ’
116 2219 120 2225 ¹
144 2182 185 2215 de
200 2185 235 2215 vi
251 2185 350 2216 insita
374 2185 516 2225 dicitur,
545 2196 611 2226 qua
635 2187 711 2226 quis
736 2190 856 2218 natura
872 2186 1044 2227 praeditus

90 2214 95 2221 ι

1008 1995 1015 2007 Ι

119 2009 125 2021 ι
145 1995 211 2027 huc
228 2000 366 2037 spectat.
403 1998 492 2028 Hinc
508 1998 797 2029 circumlocutioni
817 1999 931 2029 servit.
975 1994 1022 2041 θη

26 2071 28 2078 .
87 2046 110 2096 25
153 2039 211 2087 βία
245 2043 301 2075 Tr.
333 2040 422 2075 1059
456 2041 520 2088 [sic
551 2054 684 2085 apogr..
721 2041 842 2089 θήρως
869 2016 1046 2089 βία,Ῑ,Α]ζ

137 2100 164 2120 .:
198 2087 356 2131 λέοντος,
386 2087 509 2135 ὕδρας,
536 2087 714 2136 Κερβέρου
731 2091 791 2125 καὶ
811 2095 879 2124 τῶν
898 2089 1041 2125 λοιπῶν.

22 2233 34 2277 ,ἶγ
90 2221 100 2230 ”
117 2227 120 2232 ’
161 2227 214 2276 ηδ’
230 2228 254 2275 ἡ
273 2228 330 2275 βία
347 2241 383 2264 σε
401 2229 572 2278 μηδαμῶς
588 2231 761 2278 νικησάτω
778 2231 915 2266 τοσόνδε
935 2235 1044 2277 μισεῖν

3 2294 42 2325 ¹·2‘1-
85 2272 131 2310 ι1
158 2273 203 2309 34
219 2278 305 2319 quod
324 2276 443 2322 μένος,
465 2279 684 2320 iracundiam,
704 2281 758 2312 vel
775 2279 812 2313 τὸ
831 2278 1045 2317 αὐτεξούσιον

96 2321 292 2356 'hemnonis
323 2327 564 2367 interpretatur
597 2327 676 2358 Lob.

107 2337 112 2349 τ

21 2527 37 2555 j·
86 2531 95 2553 ξ.

88 2682 107 2705 ⁵11

28 2510 42 2527 'l

32 2561 43 2577 ’ἰ

33 2844 54 2887 03
81 2841 84 2846 ·

166 2741 209 2790 ἀρ
219 2744 312 2779 ταῦτ’
324 2746 506 2794 ἀναγκάζει
521 2760 562 2793 με
576 2747 658 2793 δρᾶν
667 2750 722 2781 El.
734 2747 815 2782 256.
832 2748 947 2784 τοῖσδε
961 2748 1042 2783 δου-

119 2808 121 2815 .
136 2754 203 2837 βίᾳ
221 2789 310 2825 1192
323 2799 445 2827 coacta.
476 2793 565 2829 θεῶν
583 2794 641 2840 βία
657 2795 715 2830 καὶ
732 2794 866 2841 νέμεσις
879 2798 940 2828 Ph.
960 2794 1038 2829 601.

19 2882 23 2894 ⁴
136 2856 140 2863 ι
153 2848 206 2871 ιτι
241 2837 389 2884 ἁρπάσαι
401 2840 458 2887 βίᾳ
472 2840 552 2874 644.
570 2841 627 2888 βίᾳ
641 2841 795 2877 στελοῦσί
813 2855 848 2876 σε
861 2840 941 2876 983.
962 2841 994 2877 εἴ
1009 2841 1043 2888 μ’

179 2929 235 2978 βίᾳ
247 2929 326 2966 998.
349 2933 384 2972 ὅς
403 2930 430 2968 0²
444 2934 624 2970 ἀποστελῶ
643 2935 699 2982 βίᾳ
716 2935 816 2969 1297.
836 2941 900 2983 γῆς
919 2935 1041 2981 ἄτιμον

102 2979 188 3058 σ
256 2977 312 3026 βίᾳ
329 2982 386 3014 OR
402 2980 481 3015 670.
517 2982 616 3020 πόλις
643 2982 701 3029 βίᾳ
722 2982 852 3027 ἤλαυνέ
871 2979 904 3028 μ’
922 2983 962 3018 ἐκ
977 2987 1042 3029 γῆς

88 3058 90 3060 ‚
102 3069 306 3118 ᾱειρωθεὶς
315 3072 372 3120 βίᾳ
380 3073 459 3109 903.
473 3075 674 3120 παρίστασαι
687 3071 744 3124 βίᾳ
753 3075 774 3109 9

137 2474 219 2510 χου
237 2462 294 2520 βίᾳ
312 2467 454 2522 13acaen·.
474 2468 515 2498 fr.
529 2464 617 2524 *3373
639 2465 671 2499 3.
709 2469 754 2500 Et
771 2469 806 2500 in
825 2469 1044 2500 circumlocu-

121 2509 318 2603 ‚7533551'33
325 2509 432 2603 τέιςΐῼτξ
438 2511 641 2598 ι’δὸκδιυᾟσὲωῗ
645 2513 803 2605 ὃβῑίῖιέέὲίῗ.
813 2513 1042 2606 ς3ἱ2ι1ίηίΙφΡίέι-ίιυ

130 2603 193 2641 Tr.
213 2602 270 2638 38.
307 2604 412 2652 διφυῆ
447 2607 588 2653 στρατὸν
607 2605 725 2654 θηρῶν
751 2606 932 2654 ὑβριστήν,
960 2607 1043 2643 ἄνο-

158 2662 286 2698 ·νοχον
314 2651 389 2698 βίαν
414 2655 470 2686 Tr.
502 2652 611 2695 1096,
640 2657 680 2687 de
699 2656 876 2688 Centauris
902 2657 1041 2688 violenti
1072 2685 1087 2699 „

115 2712 131 2724 -ι
153 2697 407 2740 impotentibus
449 2703 562 2742 Longe
579 2704 739 2734 usitatius
757 2708 807 2734 est
825 2704 865 2735 de
882 2706 916 2734 υἱ
933 2705 1037 2735 illata.

119 2911 123 2915 .
144 2881 192 2918 ἀπ
271 2886 389 2933 αιβίᾳ;
408 2886 488 2922 988.
505 2886 630 2934 Τροίαν
645 2884 673 2922 σ’
687 2888 778 2923 ἑλεῖν
797 2888 850 2924 δεῖ
861 2889 919 2924 καὶ
932 2902 1042 2924 κατα-

198 3023 295 3071 ψιλὸν
305 3023 388 3072 ὄμμ’
398 3028 599 3068 ἀποσπάσας
609 3028 733 3076 ἐξοίγει
743 3029 800 3110 βίᾳ
801 3029 907 3122 ssgssgiu
905 3029 979 3123 ὀξὶξρὲ
981 3031 1043 3112 βίᾳ

107 3119 109 3122 ’
126 3116 129 3118 ’
162 3130 169 3151 s
187 3115 315 3153 ἀθλίων
342 3119 477 3168 ἱκτήρια
501 3121 580 3156 922.
619 3123 676 3169 βίᾳ
691 3136 727 3158 τε
744 3123 834 3172 κούχ
853 3123 941 3158 ἑκών
959 3122 1039 3158 935.

14 3189 48 3206 ,
115 3161 328 3210 ἐκβαλὼν
353 3166 410 3214 βίᾳ
437 3167 536 3203 1343.
583 3169 640 3216 βίᾳ
666 3170 958 3216 ξυναρπασθεῖσαν
984 3174 1038 3204 Ai.

114 3208 198 3244 φ”εί
229 3210 266 3245 δέ
297 3224 346 3252 τις
379 3219 521 3261 στρατοῦ
557 3216 614 3263 βίᾳ
640 3213 668 3251 σ’
692 3217 900 3252 ἀποσπάσειε
937 3217 1038 3252 1176.

746 2323 880 2372 Κύπρις
914 2325 984 2360 ἐστὶ
1017 2320 1045 2360 δ’

26 2363 39 2395 ὲ
85 2375 121 2414 ..s‘
144 2380 182 2408 ος
199 2368 255 2415 βία
272 2372 314 2404 fr.
334 2373 401 2405 inc.
420 2369 507 2413 678,
537 2371 558 2405 3
583 2374 634 2405 vis
659 2375 786 2406 animos
804 2375 843 2406 ad
860 2375 1044 2416 parandum

21 2416 37 2463 ζ
97 2416 149 2444 ¹..-
171 2414 235 2461 [sic
249 2418 340 2451 Plut.
361 2423 395 2451 et
413 2420 504 2453 Stob.
517 2421 610 2452 codd.
627 2433 634 2452 ι
656 2418 728 2465 βίος
746 2422 848 2453 Dind-
870 2432 898 2453 0·
911 2419 1039 2465 Both]-

1085 254 1232 287 cohiberi
1248 264 1315 287 non
1332 256 1480 297 possint,
1509 256 1597 296 quod
1622 265 1682 288 nos
1707 255 1911 297 durchyehem
1936 257 2093 297 dicimus,

1085 302 1172 340 quod
1197 306 1231 334 et
1254 303 1337 334 Eur.
1365 303 1469 344 Hipp.
1501 299 1590 335 1224
1621 306 1744 335 exstat.
1796 314 1841 350 φο
1865 305 1958 337 οὖσιν
1982 307 2098 336 contra

1085 350 1197 390 libros,
1219 349 1314 382 Suid.
1336 360 1367 381 v.
1388 347 1539 394 ἄστομος
1565 353 1600 382 et
1617 350 1736 382 Zonar.
1757 361 1790 392 p.
1813 348 1834 383 3
1861 347 1894 382 3.
1928 351 2096 383 Porsonus

1086 396 1171 428 Adv.
1192 406 1226 438 p.
1247 393 1329 436 210,
1348 397 1446 428 male.
1469 415 1509 420 —
1530 396 1544 439 ΙΙ
1563 398 1629 430 Suo
1652 398 1721 430 loco
1738 407 1896 439 compono
1911 399 2097 430 locutiones

1085 444 1207 484 quibus
1225 443 1440 475 adverbiaseit
1457 441 1526 488 βία.
1568 442 1676 488 νόμου
1703 442 1760 490 βίᾳ
1782 446 1863 476 Ant.
1891 442 1947 477 59.
1993 447 2098 477 invita

1085 492 1152 530 lcye
1177 487 1256 534 [leqi
1280 492 1348 522 vim
1374 491 1550 531 inferentes
1573 491 1628 523 Fr.
1649 491 1715 524 Gu.
1737 492 1898 524 Schmidt.
1919 493 1954 524 in
1974 493 2093 534 Suppl.

1083 538 1175 570 Ann.
1204 538 1312 569 Iahni.
1343 534 1443 569 1851.
1477 536 1539 578 17,
1565 535 1646 570 290.
1691 539 1766 572 coll.
1794 538 1921 583 νόμους
1947 537 2097 584 βιάζεται

1085 585 1165 616 Ant.
1188 581 1283 629 663}
1329 582 1386 630 βίᾳ
1403 583 1553 619 πολιτῶν
1579 583 1662 631 δρᾶν
1687 582 1743 618 79.
1765 582 1845 619 907.
1880 584 1932 623 τίς
1950 580 1978 619 δ’
1994 584 2035 620 άν
2054 598 2096 631 με

1083 629 1192 666 τῶνδε
1209 630 1403 678 συμμάγων
1421 629 1494 665 ἕλοι
1512 630 1588 677 βίᾳ,
1618 632 1673 665 OC
1690 628 1771 666 815.
1809 631 1867 679 βίᾳ
1884 631 1993 679 φίλων
2011 631 2092 666 854.

1085 677 1170 723 ἐμοῦ
1189 677 1246 723 βίᾳ
1263 674 1354 711 9431
1372 682 1517 723 στρατοῦ
1537 678 1594 725 βίᾳ
1612 680 1665 712 Αἱ.
1682 677 1782 711 1176.
1813 681 1971 713 Crebrius
1990 682 2096 726 πρὸς

1085 723 1182 770 βίαν
1207 726 1350 767 dicitur,
1377 727 1488 759 addito
1513 731 1546 759 et
1571 729 1692 759 omisso
1715 728 1883 766 genitivo3
1912 729 1973 760 hoc
1990 729 2095 768 signi-

1084 773 1160 804 ficat
1184 771 1304 817 βιαίως
1329 777 1363 805 et
1387 775 1576 815 explicatur
1600 775 1646 806 ita
1667 775 1702 806 in
1729 775 1773 814 gl.
1793 774 1851 807 OR
1867 772 1956 815 805;
1993 785 2096 816 quare

1082 819 1167 900 τὸτὲιῗς
1187 818 1268 880 βίαν,
1280 824 1315 852 et
1332 818 1463 901 ‹ivd-{2532
1490 823 1699 902 cgniu'ngercg
1716 822 1843 902 placukit
1860 823 2093 901 ΕυὲιΗρΞοέοἳῙ.

1133 876 1331 900 ’.-ωστε
1424 879 1542 906 επς
1595 879 1635 901 αν
1828 880 1888 907 νς
1960 894 1966 900 .
2085 895 2092 901 .

1082 911 1145 952 κάξ
1163 912 1244 948 ὁδοῦ
1263 925 1305 959 με
1321 880 1405 959 regg}
1423 879 1502 959 βίαε
1515 866 1880 962 ήλῗιιυνέξήνσᾎέρ805.
1917 915 2002 962 πρὸς
2020 914 2096 961 βίαν

1083 959 1274 1006 πορεύομαι
1299 962 1353 994 OC
1379 960 1460 995 845.
1504 962 1589 1007 πρὸς
1614 961 1690 1006 βίαν
1714 962 1930 1007 παρασπάσει
1954 964 2096 1009 γνώμης

1086 1006 1188 1041 1185.
1240 1008 1324 1054 πρὸς
1349 1007 1424 1054 βίαν
1447 1008 1508 1043 τὸν
1532 1007 1625 1055 ἄνδρ’
1648 1007 1741 1054 ἄγειν
1768 1011 1829 1042 Ph.
1859 1008 1915 1043 90.
1966 1008 2006 1044 ού
2030 1009 2094 1056 γὰρ

1082 1054 1177 1100 ἡμᾶς
1193 1054 1356 1089 τοσούσδε
1381 1055 1466 1102 πρὸς
1489 1054 1564 1102 βίαν
1589 1057 1791 1103 χειρώσεται
1817 1054 1874 1090 92.
1910 1057 1994 1103 πρὸς
2021 1056 2095 1100 βίαν

1083 1101 1110 1136 δ’
1128 1101 1192 1136 οὐκ
1209 1101 1248 1136 ἂν
1266 1101 1386 1148 λάβοις
1407 1101 1484 1136 103.
1526 1102 1557 1138 εἴ
1571 1115 1621 1138 νιν
1639 1104 1722 1150 πρὸς
1742 1103 1817 1150 βίαν
1834 1103 1958 1150 κρίνειν
1978 1102 2094 1143 θέλοις

1083 1151 1138 1182 Tr.
1160 1148 1240 1182 387.
1284 1150 1322 1184 τὸ
1339 1150 1424 1196 πρὸς
1451 1149 1526 1196 βίαν
1543 1150 1649 1185 πίνειν
1668 1154 1708 1184 fr.
1728 1153 1794 1184 inc.
1816 1149 1895 1185 701.
1940 1153 2095 1184 Alterum

1083 1199 1195 1239 aliquo
1221 1199 1328 1230 invito
1353 1200 1407 1230 vel
1432 1203 1568 1230 vetante
1592 1200 1673 1240 quid
1700 1200 1772 1231 fleri
1789 1200 1968 1240 significat.
2011 1199 2096 1239 πρὸς

1083 1243 1159 1288 βίαν
1178 1242 1264 1289 ἐμοῦ
1282 1245 1338 1277 OC
1355 1242 1436 1278 657.
1469 1245 1552 1291 πρὸς
1572 1244 1648 1290 βίαν
1666 1243 1788 1292 θάψειν
1808 1244 1894 1291 ἐμοῦ
1911 1247 1965 1279 Αἰ.
1990 1244 2091 1279 1327.

1083 1292 1198 1324 Rarior
1214 1302 1310 1334 porro
1328 1293 1489 1333 loquendi
1514 1294 1549 1325 in
1569 1294 1683 1326 eadem
1702 1295 1871 1326 sententia
1886 1295 2027 1326 formula
2043 1298 2096 1326 est

1083 1337 1131 1373 ἐκ
1156 1337 1252 1382 βίας
1264 1366 1271 1380 ,
1293 1344 1344 1372 ter
1359 1340 1448 1372 dicta
1466 1341 1618 1382 Sophocli
1636 1346 1670 1373 et
1687 1342 1721 1372 in
1741 1341 1926 1373 Philocteta
1943 1342 2091 1382 quidem.

1082 1386 1128 1424 ὡς
1146 1385 1187 1420 ἐκ
1204 1383 1278 1430 βίας
1298 1384 1330 1431 μ’
1347 1384 1483 1427 ἄξοντες
1501 1388 1562 1420 Ph.
1584 1385 1663 1420 563.
1709 1386 1749 1421 ἐκ
1774 1386 1850 1432 βίοις
1869 1382 1903 1433 μ’
1919 1386 1992 1433 ἄγει
2009 1385 2090 1421 945.

1082 1427 1136 1477 ἔμ’
1155 1428 1219 1467 οἵδ’
1235 1432 1275 1467 ἐκ
1293 1432 1368 1478 βίας
1385 1432 1540 1475 ἄξουσιν,
1561 1432 1640 1467 985.
1676 1436 1761 1467 Item
1779 1433 1837 1481 βίᾳ
1853 1437 1901 1467 sic
1917 1436 2096 1477 aliquando

1082 1482 1217 1520 dicitur,
1238 1484 1276 1513 ut
1292 1482 1332 1513 ad
1350 1482 1619 1514 instrumentalis
1634 1493 1729 1514 casus
1742 1483 1904 1515 rationem
1922 1493 1987 1515 non
2006 1493 2094 1514 com-

1082 1529 1177 1560 mode
1205 1532 1396 1560 revocetur:
1440 1527 1483 1562 τὰ
1516 1527 1556 1562 σὰ
1588 1527 1655 1574 ἔργ’
1680 1528 1899 1575 ἐξαναγκάζει
1923 1541 1965 1575 με
1988 1531 2096 1563 ταῦτα

1083 1573 1164 1620 δρᾶν
1184 1573 1241 1620 βίᾳ
1265 1576 1317 1607 El.
1340 1573 1420 1608 620.
1465 1574 1568 1622 διψῆν
1595 1575 1653 1622 βίᾳ
1678 1577 1852 1617 legebatur
1875 1578 1917 1610 fr.
1938 1578 2006 1610 inc.
2027 1574 2092 1610 701

1083 1620 1178 1666 [corr.
1201 1624 1349 1655 Meinek.
1368 1623 1405 1654 in
1422 1623 1548 1655 Athen.
1572 1621 1625 1656 10.
1658 1634 1692 1665 p.
1713 1621 1783 1656 428
1806 1635 1836 1656 a.
1863 1623 1902 1658 τὸ
1920 1623 2002 1668 πρὸς
2021 1622 2095 1668 βίαν

1082 1667 1188 1762 τβτιίνεῇν
1213 1667 1286 1703 ἴσον
1313 1667 1446 1717 πέφυκε
1469 1669 1522 1716 τῷ
1545 1668 1648 1717 διψῆν
1673 1669 1794 1705 κακόν.
1831 1682 1863 1704 V.
1887 1681 1988 1713 supra
2014 1671 2097 1717 πρὸς

1105 1728 1158 1750 ιαν
1179 1743 1186 1749 .

1152 1772 1290 1815 Βιάζο
1303 1787 1390 1821 μαι.
1444 1777 1617 1817 Tanquam
1644 1777 1816 1818 deponens
1848 1778 1953 1809 forma
1986 1779 2098 1810 media

1081 1825 1150 1854 vim
1166 1823 1274 1863 infero
1285 1849 1292 1863 ‚
1320 1824 1492 1865 passivum
1510 1825 1599 1856 idem
1617 1826 1684 1855 vim
1697 1826 1808 1864 patior
1824 1829 1858 1856 et
1875 1834 1973 1863 coqor
1988 1825 2095 1865 signi-

1082 1871 1169 1901 ficat.
1209 1870 1313 1902 Illud.
1330 1882 1341 1901 .·
1376 1868 1465 1907 ὅστις
1484 1865 1512 1903 δ’
1530 1868 1679 1916 ὑπερβὰς
1697 1869 1825 1913 νόμους
1843 1869 1994 1916 βιάζεται
2011 1873 2092 1904 Ant.

1082 1914 1162 1949 663.
1205 1915 1322 1962 λόγοις
1346 1915 1503 1957 κολάζειν
1516 1944 1523 1957 ,
1557 1911 1584 1964 ᾧ
1610 1915 1785 1962 βιάζεσθαι
1803 1917 1895 1964 παρῇ
1910 1916 2019 1965 [πάρα
2037 1920 2094 1951 LA

1082 1975 1126 1996 m.
1147 1962 1232 2009 rec.]
1251 1966 1305 1996 Ai.
1330 1962 1431 1997 1160.
1476 1963 1524 2009 μὴ
1551 1962 1727 2009 βιάζεσθαι
1751 1962 1854 2003 θεούς
1881 1966 2006 2006 Thyest
2029 1967 2092 1998 111.

1085 2008 1101 2042 1
1120 2012 1218 2043 Brck.
1239 2010 1355 2056 (reiec.
1375 2010 1450 2055 Π).
1478 2010 1501 2055 ή
1519 2010 1610 2059 τύγη
1629 2010 1779 2056 βιάζεται
1795 2013 1938 2045 Phaedr.
1957 2014 1998 2045 fr.
2013 2010 2093 2054 603,

1081 2055 1114 2090 2.
1138 2076 1178 2082 -
1199 2059 1270 2090 Hoc
1286 2069 1381 2091 vero:
1412 2054 1670 2103 βιάζομαι“τάδε
1688 2060 1768 2093 Ant.
1790 2056 1847 2092 66.
1881 2059 1922 2094 ἐκ
1939 2062 1999 2094 σοῦ
2017 2058 2096 2105 βιά-

1082 2103 1195 2144 ζονται
1211 2104 1292 2139 τάδε
1313 2103 1412 2139 1073.
1455 2103 1626 2143 τοῦνειδος
1654 2105 1739 2152 ὀργῇ
1762 2104 1902 2151 βιασθὲν
1921 2105 2053 2152 μᾶλλον
2069 2104 2092 2151 ἢ

1081 2152 1201 2200 γνώμῃ
1229 2156 1361 2199 φρενῶν
1386 2153 1443 2185 OR
1467 2150 1535 2186 524
1574 2155 1748 2186 iracundia
1773 2155 1869 2194 quasi
1891 2155 2015 2187 nolenti
2039 2164 2095 2186 ez-

1078 2210 1238 2239 pressum.
1276 2197 1427 2245 βιασθεὶς
1445 2198 1558 2234 πολλὰ
1574 2199 1738 2243 κάντιβάς
1754 2201 1808 2234 El.
1830 2188 1910 2244 565.
1955 2202 2095 2242 Virgula

1081 2247 1291 2287 distinguere
1308 2257 1384 2280 cum
1401 2248 1516 2279 Herm.
1538 2251 1614 2289 post
1629 2245 1743 2282 πολλά
1767 2249 1889 2280 falsum
1915 2253 1985 2289 est,
2016 2252 2096 2280 utut

1081 2295 1182 2325 verba
1199 2296 1423 2336 composueris
1439 2306 1447 2328 ι
1475 2296 1532 2327 sed
1550 2293 1664 2328 πολλὰ
1679 2293 1845 2339 κάντιβάς
1861 2296 1945 2327 mihi
1962 2305 2094 2337 quoque

1082 2342 1316 2382 coniungenda
1341 2342 1499 2373 videntur
1522 2339 1736 2387 ὑπερβάτως.
1764 2360 1805 2366 -
1833 2343 1885 2374 De
1909 2353 1973 2375 usu
2001 2343 2093 2374 verbi

1082 2389 1195 2420 confer
1212 2390 1318 2430 Toup.
1340 2390 1380 2421 ad
1399 2390 1542 2429 Longin.
1563 2399 1597 2430 p.
1619 2386 1706 2430 365,
1735 2393 1770 2421 et
1790 2390 1920 2421 Buttm.
1940 2390 2013 2422 Ind.
2035 2390 2092 2422 Or.

1079 2436 1116 2466 in
1134 2436 1214 2468 Mid.
1234 2446 1268 2477 p.
1293 2433 1371 2468 168.
1886 2435 1919 2479 (Ι
1936 2447 1970 2478 p.
1992 2434 2093 2480 303.)

1150 2490 1306 2530 Βίαιος
1331 2494 1511 2526 vehemens.
1556 2492 1668 2539 βιαίας
1692 2491 1792 2528 νόσου
1819 2495 1901 2527 Ant.
1931 2492 2021 2527 1140
2038 2496 2088 2526 ch.

1079 2542 1129 2572 De
1147 2540 1202 2573 OC
1222 2538 1311 2573 1199
1330 2539 1403 2585 [ubi
1422 2539 1500 2588 οὐχὶ
1518 2539 1611 2586 βίαια
1630 2539 1703 2586 LA]
1722 2552 1752 2573 V.
1775 2539 1881 2586 βαιός.
1897 2543 1998 2574 —De
2016 2546 2092 2574 tono

1079 2599 1110 2618 v.
1132 2588 1196 2619 EM
1212 2598 1246 2629 p.
1271 2585 1349 2629 198,
1370 2586 1426 2620 51,

1150 2641 1332 2689 Βῖβάζω
1360 2643 1470 2689 [Curt.
1501 2646 1557 2678 Et.
1586 2656 1620 2687 p.
1649 2643 1733 2691 415]
1760 2647 1868 2680 weho.
1914 2646 1961 2684 ὡς
1985 2641 2094 2680 αὐτίκ’

1089 2689 1202 2738 Αργος
1219 2689 1306 2735 ἢπὸ
1332 2690 1518 2737 Καδμείων
1545 2691 1648 2726 πέδον
1672 2692 1757 2739 τιμῇ
1776 2691 1934 2733 καθέξων
1958 2691 1981 2737 ἢ
2009 2693 2093 2739 πρὸς

1080 2738 1222 2782 οὐρανὸν
1240 2737 1345 2784 βιβῶν
1363 2741 1418 2773 OC
1433 2737 1513 2772 381.
1542 2741 1690 2773 Brunck.
1709 2750 1769 2781 pro
1785 2738 1809 2784 ἢ
1822 2738 1897 2785 -ἥ
1917 2741 2095 2782 scribendq

1078 2787 1137 2820 καὶ
1152 2805 1193 2810 -
1208 2785 1268 2820 καί
1285 2788 1489 2819 sententiam
1507 2788 1666 2828 corrupit.
1694 2786 1797 2832 τιμήν
1815 2789 1900 2820 alter
1916 2789 2093 2820 scholiasta

1077 2832 1244 2879 τιμωρίαν
1257 2835 1511 2876 interpretatur,
1531 2835 1652 2866 vitiose
1666 2846 1672 2865 :
1694 2835 1818 2866 rectius
1832 2836 1915 2867 alter
1924 2835 2088 2876 honorem,

1079 2885 1131 2912 est
1148 2884 1261 2912 autem
1286 2883 1360 2913 laus
1377 2883 1542 2913 victoriae.
1587 2881 1733 2913 Brunck.
1763 2882 1901 2913 Homeri
1928 2883 2091 2914 sermonis

1079 2937 1205 2959 memor
1230 2928 1295 2959 sibi
1319 2932 1531 2969 persuaserat
1555 2925 1659 2971 βιβῶν
1685 2932 1845 2960 neutrum
1879 2939 1952 2961 esse
1985 2930 2092 2969 signi-

1079 2975 1181 3006 ficans
1199 2976 1255 3006 ire.
1300 2976 1339 3006 In
1357 2976 1422 3007 alia
1438 2976 1547 3006 omnia
1566 2976 1683 3006 Elmsl.
1705 2975 1792 3015 abit,
1821 2976 1964 3007 alterum
1982 2985 2089 3007 mem-

1077 3023 1175 3052 brum
1192 3022 1434 3063 interpretatus
1449 3018 1473 3066 ἢ
1488 3017 1770 3067 ήττηθησόμενον
1789 3016 1844 3055 ὑπ’
1861 3020 1984 3063 αὐτῶν,
2006 3033 2091 3064 quae

1079 3069 1282 3100 sententiam
1305 3079 1372 3100 non
1395 3069 1481 3100 male
1505 3069 1668 3108 reddunt,
1695 3070 1753 3101 sed
1777 3079 1843 3101 non
1861 3071 1972 3102 verba..
2017 3071 2091 3101 Etsi

1079 3116 1170 3146 enim
1186 3119 1297 3156 potest
1314 3116 1407 3157 fieri,
1436 3119 1475 3147 ut
1499 3116 1691 3156 metaphora
1716 3127 1734 3147 a
1754 3117 1945 3157 gigantibus
1962 3118 2090 3149 caelum

1079 3162 1318 3194 scandentibus
1335 3167 1470 3204 sumpta
1485 3162 1658 3202 videatur,
1688 3161 1818 3208 βιβάζω
1835 3167 1948 3195 tamen
1965 3165 2090 3195 transi-

1078 3210 1147 3240 tive
1165 3209 1344 3250 significat,
1365 3210 1420 3241 hic
1436 3213 1475 3240 ut
1491 3218 1611 3240 sensus
1630 3210 1692 3241 sit:
1723 3210 1862 3250 Aryivos
1879 3214 1937 3242 aut
1953 3213 2091 3243 victoria

117 3250 236 3308 -ρλάρω
250 3269 286 3292 τε
302 3259 365 3295 202²)
384 3260 441 3309 βίᾳ
457 3265 616 3306 Αθῐωορ.
638 3263 745 3305 fr.26,
760 3263 791 3297 1.
813 3264 847 3303 ἐς
867 3263 942 3311 fflow
959 3263 1040 3312 ἄγον
1076 3259 1173 3295 parta
1195 3256 1307 3288 Thebis
1320 3258 1500 3296 potituros,
1531 3259 1588 3287 aut
1611 3257 1777 3288 Thebanos
1794 3260 1947 3289 auc-turos
1968 3258 2086 3298 ytoria,

27 3394 33 3466 i

187 3301 272 3346 678,
298 3303 331 3340 6.
372 3309 450 3342 Huc
472 3311 654 3344 adnumero
679 3310 791 3346 πῶλοι
809 3311 866 3358 βίᾳ
882 3311 1040 3358 φέρουσιν

132 3351 173 3382 f..
184 3374 194 3392 ,
212 3353 297 3393 quod
313 3363 356 3387 ne
371 3358 496 3390 referas
514 3358 553 3390 ad
571 3360 712 3399 corporis
731 3361 797 3391 vim
811 3385 819 3400 ,
844 3361 903 3392 sed
919 3361 1041 3392 ferocia

127 3472 174 3521 '‘i-“5

145 3522 154 3529 ε
162 3517 184 3540 ⁴¹33

163 3579 230 3600 *1³:2³

1077 3313 1151 3333 eum
1169 3305 1231 3342 ipsi
1247 3305 1435 3336 vincantur.

1147 3355 1386 3402 Βῖβρώσκω
1413 3358 1522 3404 [Curt.
1544 3361 1600 3392 Et.
1621 3372 1653 3403 p.
1675 3359 1772 3406 419]
1811 3363 1947 3404 Proprie
1964 3372 2085 3395 veae-or.

131 3397 233 3460 (fiam
248 3400 464 3436 vehementer
480 3407 734 3439 excurrentium
752 3408 978 3449 significatur,
1001 3411 1040 3439 ut
1077 3403 1313 3453 ἀνδροφθόρου
1348 3405 1517 3453 βεβρῶτες
1554 3405 1699 3453 αἵματος
1732 3407 1832 3447 λίπος
1865 3410 1945 3441 Ant.
1986 3406 2086 3442 1022.

2118 2121 2209 2226 lt?-

2146 2208 2166 2240 τ
