<?xml version="1.0" encoding="UTF-8"?>
<!DOCTYPE html PUBLIC "-//W3C//DTD XHTML 1.0 Transitional//EN"
    "http://www.w3.org/TR/xhtml1/DTD/xhtml1-transitional.dtd">
<html xmlns="http://www.w3.org/1999/xhtml" xml:lang="en" lang="en">
 <head>
  <title>
</title>
<meta http-equiv="Content-Type" content="text/html;charset=utf-8" />
  <meta name='ocr-system' content='tesseract 3.04.00' />
  <meta name='ocr-capabilities' content='ocr_page ocr_carea ocr_par ocr_line ocrx_word'/>
</head>
<body>
  <div class='ocr_page' id='page_1' title='image "./lexiconsophocleu00elleuoft_0869.png"; bbox 0 0 2288 3600; ppageno 0'>
   <div class='ocr_carea' id='block_1_1' title="bbox 0 0 71 203">
    <p class='ocr_par' dir='ltr' id='par_1_1' title="bbox 0 0 71 203">
     <span class='ocr_line' id='line_1_1' title="bbox 0 0 71 203; baseline 0 -147"><span class='ocrx_word' id='word_1_1' title='bbox 0 0 71 203; x_wconf 95' lang='lat' dir='ltr'>  </span> 
     </span>
    </p>
   </div>
   <div class='ocr_carea' id='block_1_2' title="bbox 5 117 203 214">
    <p class='ocr_par' dir='ltr' id='par_1_2' title="bbox 3 117 203 214">
     <span class='ocr_line' id='line_1_2' title="bbox 5 117 203 214; baseline -0.01 -19.02"><span class='ocrx_word' id='word_1_2' title='bbox 5 117 203 214; x_wconf 40' lang='lat'>,38-30]</span> 
     </span>
    </p>
   </div>
   <div class='ocr_carea' id='block_1_3' title="bbox 0 229 923 512">
    <p class='ocr_par' dir='ltr' id='par_1_3' title="bbox 0 229 923 512">
     <span class='ocr_line' id='line_1_3' title="bbox 0 229 920 306; baseline -0.004 -6"><span class='ocrx_word' id='word_1_3' title='bbox 0 229 286 306; x_wconf 53' lang='grc' dir='ltr'>ξ’ῠγτοιιεοοτιιιιι.</span> <span class='ocrx_word' id='word_1_4' title='bbox 307 275 338 296; x_wconf 89' lang='lat' dir='ltr'>v.</span> <span class='ocrx_word' id='word_1_5' title='bbox 359 265 474 297; x_wconf 81' lang='lat' dir='ltr'>Valck.</span> <span class='ocrx_word' id='word_1_6' title='bbox 494 265 535 296; x_wconf 84' lang='lat' dir='ltr'>ad</span> <span class='ocrx_word' id='word_1_7' title='bbox 551 265 674 297; x_wconf 83' lang='lat' dir='ltr'><strong>Herod.</strong></span> <span class='ocrx_word' id='word_1_8' title='bbox 695 261 734 306; x_wconf 83' lang='lat'>4,</span> <span class='ocrx_word' id='word_1_9' title='bbox 767 262 844 297; x_wconf 86' lang='lat'>189.</span> <span class='ocrx_word' id='word_1_10' title='bbox 879 281 920 288; x_wconf 94' lang='lat'>—</span> 
     </span>
     <span class='ocr_line' id='line_1_4' title="bbox 0 308 918 394; baseline -0.003 -48"><span class='ocrx_word' id='word_1_11' title='bbox 0 312 102 394; x_wconf 46' lang='lat' dir='ltr'>mm</span> <span class='ocrx_word' id='word_1_12' title='bbox 117 313 252 354; x_wconf 77' lang='lat' dir='ltr'>generis</span> <span class='ocrx_word' id='word_1_13' title='bbox 267 313 382 352; x_wconf 86' lang='lat' dir='ltr'>tetigit</span> <span class='ocrx_word' id='word_1_14' title='bbox 397 313 474 344; x_wconf 84' lang='lat' dir='ltr'>Arc.</span> <span class='ocrx_word' id='word_1_15' title='bbox 495 322 530 354; x_wconf 87' lang='lat' dir='ltr'>p.</span> <span class='ocrx_word' id='word_1_16' title='bbox 547 308 611 353; x_wconf 88' lang='lat'>91,</span> <span class='ocrx_word' id='word_1_17' title='bbox 633 309 666 344; x_wconf 89' lang='lat'>9.</span> <span class='ocrx_word' id='word_1_18' title='bbox 695 313 739 344; x_wconf 83' lang='lat' dir='ltr'>cf.</span> <span class='ocrx_word' id='word_1_19' title='bbox 762 312 860 344; x_wconf 80' lang='lat' dir='ltr'>Eust.</span> <span class='ocrx_word' id='word_1_20' title='bbox 885 322 918 353; x_wconf 86' lang='lat' dir='ltr'>p.</span> 
     </span>
     <span class='ocr_line' id='line_1_5' title="bbox 0 398 923 464; baseline -0.004 -10"><span class='ocrx_word' id='word_1_21' title='bbox 0 398 181 464; x_wconf 60' lang='lat' dir='ltr'>itpucooe</span> <span class='ocrx_word' id='word_1_22' title='bbox 196 417 328 459; x_wconf 72' lang='lat' dir='ltr'>Libyca,</span> <span class='ocrx_word' id='word_1_23' title='bbox 351 416 450 457; x_wconf 74' lang='lat' dir='ltr'>Afra.</span> <span class='ocrx_word' id='word_1_24' title='bbox 487 414 616 454; x_wconf 81' lang='grc' dir='ltr'>σπολὰς</span> <span class='ocrx_word' id='word_1_25' title='bbox 634 414 805 462; x_wconf 78' lang='grc' dir='ltr'>Λίβυσσα,</span> <span class='ocrx_word' id='word_1_26' title='bbox 833 427 923 462; x_wconf 87' lang='grc' dir='ltr'>παρ-</span> 
     </span>
     <span class='ocr_line' id='line_1_6' title="bbox 52 461 611 512; baseline -0.009 -12"><span class='ocrx_word' id='word_1_27' title='bbox 52 475 112 511; x_wconf 82' lang='grc' dir='ltr'>ρον</span> <span class='ocrx_word' id='word_1_28' title='bbox 131 462 228 512; x_wconf 84' lang='grc' dir='ltr'>δέρος</span> <span class='ocrx_word' id='word_1_29' title='bbox 245 466 299 497; x_wconf 86' lang='lat' dir='ltr'>Ai.</span> <span class='ocrx_word' id='word_1_30' title='bbox 322 465 416 497; x_wconf 88' lang='lat' dir='ltr'>Locr.</span> <span class='ocrx_word' id='word_1_31' title='bbox 437 465 478 496; x_wconf 84' lang='lat' dir='ltr'>fr.</span> <span class='ocrx_word' id='word_1_32' title='bbox 491 462 557 504; x_wconf 86' lang='lat'>16,</span> <span class='ocrx_word' id='word_1_33' title='bbox 577 461 611 496; x_wconf 86' lang='lat'>2.</span> 
     </span>
    </p>
   </div>
   <div class='ocr_carea' id='block_1_4' title="bbox 0 518 925 899">
    <p class='ocr_par' dir='ltr' id='par_1_4' title="bbox 0 518 925 899">
     <span class='ocr_line' id='line_1_7' title="bbox 0 518 919 571; baseline -0.005 -12"><span class='ocrx_word' id='word_1_34' title='bbox 0 545 6 558; x_wconf 56' lang='lat'><em>2</em></span> <span class='ocrx_word' id='word_1_35' title='bbox 49 521 212 571; x_wconf 80' lang='grc' dir='ltr'>Λίγδος</span> <span class='ocrx_word' id='word_1_36' title='bbox 241 522 504 563; x_wconf 76' lang='lat' dir='ltr'><strong><em>infundibulum.</em></strong></span> <span class='ocrx_word' id='word_1_37' title='bbox 542 518 634 556; x_wconf 83' lang='grc' dir='ltr'>Αύτὸ</span> <span class='ocrx_word' id='word_1_38' title='bbox 652 520 689 556; x_wconf 84' lang='grc' dir='ltr'>δὲ</span> <span class='ocrx_word' id='word_1_39' title='bbox 705 521 743 556; x_wconf 84' lang='grc' dir='ltr'>τὸ</span> <span class='ocrx_word' id='word_1_40' title='bbox 761 532 785 555; x_wconf 87' lang='grc' dir='ltr'>π</span> <span class='ocrx_word' id='word_1_41' title='bbox 814 519 919 561; x_wconf 85' lang='grc' dir='ltr'>λινον,</span> 
     </span>
     <span class='ocr_line' id='line_1_8' title="bbox 0 567 923 618; baseline -0.003 -13"><span class='ocrx_word' id='word_1_42' title='bbox 0 569 150 618; x_wconf 73' lang='grc' dir='ltr'>ριείληφε</span> <span class='ocrx_word' id='word_1_43' title='bbox 165 568 209 603; x_wconf 84' lang='grc' dir='ltr'>τὰ</span> <span class='ocrx_word' id='word_1_44' title='bbox 226 567 423 604; x_wconf 76' lang='grc' dir='ltr'>πλασθέντα</span> <span class='ocrx_word' id='word_1_45' title='bbox 439 568 584 615; x_wconf 88' lang='grc' dir='ltr'>κήρινα,</span> <span class='ocrx_word' id='word_1_46' title='bbox 612 567 635 602; x_wconf 81' lang='grc' dir='ltr'><strong>ἃ</strong></span> <span class='ocrx_word' id='word_1_47' title='bbox 659 567 748 603; x_wconf 86' lang='grc' dir='ltr'>κατὰ</span> <span class='ocrx_word' id='word_1_48' title='bbox 772 580 791 602; x_wconf 89' lang='grc' dir='ltr'>τ</span> <span class='ocrx_word' id='word_1_49' title='bbox 819 579 836 601; x_wconf 91' lang='grc' dir='ltr'>ν</span> <span class='ocrx_word' id='word_1_50' title='bbox 861 570 923 602; x_wconf 90' lang='grc' dir='ltr'>τοῦ</span> 
     </span>
     <span class='ocr_line' id='line_1_9' title="bbox 0 614 924 665; baseline -0.003 -13"><span class='ocrx_word' id='word_1_51' title='bbox 0 623 172 665; x_wconf 74' lang='grc' dir='ltr'>ῖςπροσφο</span> <span class='ocrx_word' id='word_1_52' title='bbox 203 616 235 651; x_wconf 72' lang='grc' dir='ltr'>’ν</span> <span class='ocrx_word' id='word_1_53' title='bbox 250 616 410 663; x_wconf 85' lang='grc' dir='ltr'>τήκεται,</span> <span class='ocrx_word' id='word_1_54' title='bbox 437 614 625 650; x_wconf 81' lang='grc' dir='ltr'>καὶπολλὰ</span> <span class='ocrx_word' id='word_1_55' title='bbox 644 614 765 662; x_wconf 82' lang='grc' dir='ltr'>ἐκείνῳ</span> <span class='ocrx_word' id='word_1_56' title='bbox 789 614 924 662; x_wconf 74' lang='grc' dir='ltr'>τρυπή-</span> 
     </span>
     <span class='ocr_line' id='line_1_10' title="bbox 0 660 923 711; baseline -0.004 -12"><span class='ocrx_word' id='word_1_57' title='bbox 0 662 169 699; x_wconf 54' lang='grc' dir='ltr'>ἱῖέναπολε</span> <span class='ocrx_word' id='word_1_58' title='bbox 184 675 294 705; x_wconf 89' lang='grc' dir='ltr'>πεται,</span> <span class='ocrx_word' id='word_1_59' title='bbox 314 662 346 697; x_wconf 91' lang='grc' dir='ltr'>λί</span> <span class='ocrx_word' id='word_1_60' title='bbox 370 663 426 701; x_wconf 69' lang='lat' dir='ltr'>to&lt;</span> <span class='ocrx_word' id='word_1_61' title='bbox 443 662 553 707; x_wconf 72' lang='lat' dir='ltr'>(codd.</span> <span class='ocrx_word' id='word_1_62' title='bbox 568 661 720 710; x_wconf 84' lang='grc' dir='ltr'>μίλιγδος</span> <span class='ocrx_word' id='word_1_63' title='bbox 753 660 923 711; x_wconf 74' lang='grc' dir='ltr'>καλεῖται,</span> 
     </span>
     <span class='ocr_line' id='line_1_11' title="bbox 0 677 925 759; baseline -0.005 -12"><span class='ocrx_word' id='word_1_64' title='bbox 0 710 70 747; x_wconf 59' lang='grc' dir='ltr'>γἰι-αὶ</span> <span class='ocrx_word' id='word_1_65' title='bbox 84 709 169 759; x_wconf 86' lang='grc' dir='ltr'>Σοφ.</span> <span class='ocrx_word' id='word_1_66' title='bbox 191 710 260 758; x_wconf 83' lang='grc' dir='ltr'>ἔφη</span> <span class='ocrx_word' id='word_1_67' title='bbox 279 710 313 745; x_wconf 80' lang='grc' dir='ltr'>ἐν</span> <span class='ocrx_word' id='word_1_68' title='bbox 331 677 602 757; x_wconf 63' lang='grc' dir='ltr'>’Λίχμαλωτίσιν</span> <span class='ocrx_word' id='word_1_69' title='bbox 625 709 684 754; x_wconf 80' lang='lat' dir='ltr'>(fr.</span> <span class='ocrx_word' id='word_1_70' title='bbox 716 707 792 754; x_wconf 81' lang='lat'>·3):</span> <span class='ocrx_word' id='word_1_71' title='bbox 821 703 925 747; x_wconf 85' lang='grc' dir='ltr'>ἀσπὶς</span> 
     </span>
     <span class='ocr_line' id='line_1_12' title="bbox 0 754 921 806; baseline -0.005 -13"><span class='ocrx_word' id='word_1_72' title='bbox 0 755 81 806; x_wconf 66' lang='grc' dir='ltr'>ἡμῖν</span> <span class='ocrx_word' id='word_1_73' title='bbox 97 757 212 806; x_wconf 87' lang='grc' dir='ltr'>λίγδος</span> <span class='ocrx_word' id='word_1_74' title='bbox 229 758 276 796; x_wconf 83' lang='grc' dir='ltr'>ὣς</span> <span class='ocrx_word' id='word_1_75' title='bbox 294 760 545 803; x_wconf 84' lang='grc' dir='ltr'>πυκνομματεῖ.</span> <span class='ocrx_word' id='word_1_76' title='bbox 576 758 694 790; x_wconf 88' lang='lat' dir='ltr'>Pollux</span> <span class='ocrx_word' id='word_1_77' title='bbox 710 755 765 798; x_wconf 90' lang='lat'>10,</span> <span class='ocrx_word' id='word_1_78' title='bbox 788 754 865 789; x_wconf 78' lang='lat'>190.</span> <span class='ocrx_word' id='word_1_79' title='bbox 880 774 921 781; x_wconf 98' lang='lat'><strong>—</strong></span> 
     </span>
     <span class='ocr_line' id='line_1_13' title="bbox 0 802 922 860; baseline -0.004 -19"><span class='ocrx_word' id='word_1_80' title='bbox 0 812 49 841; x_wconf 64' lang='grc' dir='ltr'>πε</span> <span class='ocrx_word' id='word_1_81' title='bbox 79 805 185 844; x_wconf 83' lang='grc' dir='ltr'>τόπος</span> <span class='ocrx_word' id='word_1_82' title='bbox 215 804 348 860; x_wconf 82' lang='grc' dir='ltr'>χοάνης</span> <span class='ocrx_word' id='word_1_83' title='bbox 382 806 527 845; x_wconf 86' lang='lat' dir='ltr'>Hesych.</span> <span class='ocrx_word' id='word_1_84' title='bbox 556 815 656 846; x_wconf 88' lang='lat' dir='ltr'>quem</span> <span class='ocrx_word' id='word_1_85' title='bbox 683 806 726 837; x_wconf 80' lang='lat' dir='ltr'>cf.</span> <span class='ocrx_word' id='word_1_86' title='bbox 753 814 784 836; x_wconf 80' lang='lat' dir='ltr'>v.</span> <span class='ocrx_word' id='word_1_87' title='bbox 805 802 922 851; x_wconf 81' lang='grc' dir='ltr'>γλίδου</span> 
     </span>
     <span class='ocr_line' id='line_1_14' title="bbox 0 849 514 899; baseline -0.008 -11"><span class='ocrx_word' id='word_1_88' title='bbox 0 863 48 888; x_wconf 73' lang='grc' dir='ltr'>αι.</span> <span class='ocrx_word' id='word_1_89' title='bbox 77 854 117 885; x_wconf 92' lang='lat' dir='ltr'>V.</span> <span class='ocrx_word' id='word_1_90' title='bbox 139 863 241 895; x_wconf 87' lang='lat' dir='ltr'>supra</span> <span class='ocrx_word' id='word_1_91' title='bbox 257 863 288 885; x_wconf 91' lang='lat' dir='ltr'>v.</span> <span class='ocrx_word' id='word_1_92' title='bbox 309 849 514 899; x_wconf 66' lang='grc' dir='ltr'>ημίλιγδος]</span> 
     </span>
    </p>
   </div>
   <div class='ocr_carea' id='block_1_5' title="bbox 0 918 925 1768">
    <p class='ocr_par' dir='ltr' id='par_1_5' title="bbox 0 918 925 1768">
     <span class='ocr_line' id='line_1_15' title="bbox 0 918 923 969; baseline -0.003 -11"><span class='ocrx_word' id='word_1_93' title='bbox 0 918 38 964; x_wconf 64' lang='grc' dir='ltr'>,λι</span> <span class='ocrx_word' id='word_1_94' title='bbox 73 921 147 961; x_wconf 90' lang='grc' dir='ltr'>νύς</span> <span class='ocrx_word' id='word_1_95' title='bbox 165 924 291 964; x_wconf 76' lang='lat' dir='ltr'>fumus.</span> <span class='ocrx_word' id='word_1_96' title='bbox 319 920 343 968; x_wconf 80' lang='grc' dir='ltr'>ἡ</span> <span class='ocrx_word' id='word_1_97' title='bbox 361 921 518 960; x_wconf 77' lang='grc' dir='ltr'>ἀνάδοσις</span> <span class='ocrx_word' id='word_1_98' title='bbox 534 923 596 956; x_wconf 87' lang='grc' dir='ltr'>τοῦ</span> <span class='ocrx_word' id='word_1_99' title='bbox 613 919 731 969; x_wconf 87' lang='grc' dir='ltr'>πυρός,</span> <span class='ocrx_word' id='word_1_100' title='bbox 757 919 775 956; x_wconf 84' lang='grc' dir='ltr'>ὁ</span> <span class='ocrx_word' id='word_1_101' title='bbox 793 919 923 959; x_wconf 88' lang='grc' dir='ltr'>καπνός</span> 
     </span>
     <span class='ocr_line' id='line_1_16' title="bbox 0 933 924 1016; baseline -0.002 -12"><span class='ocrx_word' id='word_1_102' title='bbox 0 979 24 1012; x_wconf 67' lang='lat' dir='ltr'>p.</span> <span class='ocrx_word' id='word_1_103' title='bbox 35 933 115 1012; x_wconf 52' lang='lat'>(3¹65,</span> <span class='ocrx_word' id='word_1_104' title='bbox 134 968 192 1012; x_wconf 84' lang='lat'>24,</span> <span class='ocrx_word' id='word_1_105' title='bbox 212 971 303 1002; x_wconf 90' lang='lat' dir='ltr'>idem</span> <span class='ocrx_word' id='word_1_106' title='bbox 319 972 354 1002; x_wconf 91' lang='lat' dir='ltr'>in</span> <span class='ocrx_word' id='word_1_107' title='bbox 365 980 437 1011; x_wconf 85' lang='lat' dir='ltr'><strong>sqq.</strong></span> <span class='ocrx_word' id='word_1_108' title='bbox 457 968 588 1003; x_wconf 88' lang='grc' dir='ltr'>καπνὸν</span> <span class='ocrx_word' id='word_1_109' title='bbox 598 967 712 1016; x_wconf 87' lang='grc' dir='ltr'>λιγνύν</span> <span class='ocrx_word' id='word_1_110' title='bbox 729 974 764 1001; x_wconf 89' lang='lat' dir='ltr'>et</span> <span class='ocrx_word' id='word_1_111' title='bbox 774 967 924 1015; x_wconf 80' lang='grc' dir='ltr'>αἰθάλην</span> 
     </span>
     <span class='ocr_line' id='line_1_17' title="bbox 0 1013 919 1064; baseline -0.003 -13"><span class='ocrx_word' id='word_1_112' title='bbox 0 1016 128 1051; x_wconf 66' lang='lat' dir='ltr'>numer.</span> <span class='ocrx_word' id='word_1_113' title='bbox 143 1018 367 1058; x_wconf 85' lang='lat' dir='ltr'>distinguens.</span> <span class='ocrx_word' id='word_1_114' title='bbox 388 1015 482 1062; x_wconf 80' lang='grc' dir='ltr'>ἡτοῦ</span> <span class='ocrx_word' id='word_1_115' title='bbox 499 1014 627 1064; x_wconf 86' lang='grc' dir='ltr'>λύχνου</span> <span class='ocrx_word' id='word_1_116' title='bbox 646 1013 758 1061; x_wconf 75' lang='grc' dir='ltr'>ἀτμίς.</span> <span class='ocrx_word' id='word_1_117' title='bbox 778 1014 919 1053; x_wconf 86' lang='grc' dir='ltr'>καπνός.</span> 
     </span>
     <span class='ocr_line' id='line_1_18' title="bbox 0 1061 921 1111; baseline -0.003 -12"><span class='ocrx_word' id='word_1_118' title='bbox 0 1068 69 1103; x_wconf 54' lang='grc' dir='ltr'>θος.</span> <span class='ocrx_word' id='word_1_119' title='bbox 98 1062 184 1111; x_wconf 81' lang='grc' dir='ltr'>φλόξ</span> <span class='ocrx_word' id='word_1_120' title='bbox 201 1065 345 1104; x_wconf 84' lang='lat' dir='ltr'>Hesych.</span> <span class='ocrx_word' id='word_1_121' title='bbox 373 1062 398 1110; x_wconf 86' lang='grc' dir='ltr'>ἡ</span> <span class='ocrx_word' id='word_1_122' title='bbox 415 1061 574 1101; x_wconf 76' lang='grc' dir='ltr'>ἀνάδοσις</span> <span class='ocrx_word' id='word_1_123' title='bbox 589 1065 651 1097; x_wconf 84' lang='grc' dir='ltr'>τοῦ</span> <span class='ocrx_word' id='word_1_124' title='bbox 664 1065 798 1097; x_wconf 87' lang='grc' dir='ltr'>καπνοῦ</span> <span class='ocrx_word' id='word_1_125' title='bbox 827 1064 921 1096; x_wconf 85' lang='lat' dir='ltr'>Suid.</span> 
     </span>
     <span class='ocr_line' id='line_1_19' title="bbox 0 1108 920 1159; baseline -0.003 -14"><span class='ocrx_word' id='word_1_126' title='bbox 0 1109 6 1148; x_wconf 85' lang='grc'>’,</span> <span class='ocrx_word' id='word_1_127' title='bbox 18 1108 103 1158; x_wconf 66' lang='grc' dir='ltr'>ὑπὲρ</span> <span class='ocrx_word' id='word_1_128' title='bbox 119 1109 263 1159; x_wconf 79' lang='grc' dir='ltr'>διλόφου</span> <span class='ocrx_word' id='word_1_129' title='bbox 281 1109 407 1158; x_wconf 77' lang='grc' dir='ltr'>πέτρας</span> <span class='ocrx_word' id='word_1_130' title='bbox 426 1109 552 1157; x_wconf 79' lang='grc' dir='ltr'>στέροψ</span> <span class='ocrx_word' id='word_1_131' title='bbox 569 1108 690 1144; x_wconf 83' lang='grc' dir='ltr'>ὄπωπε</span> <span class='ocrx_word' id='word_1_132' title='bbox 706 1108 819 1157; x_wconf 87' lang='grc' dir='ltr'>λιγνύς</span> <span class='ocrx_word' id='word_1_133' title='bbox 837 1111 920 1142; x_wconf 86' lang='lat' dir='ltr'>Ant.</span> 
     </span>
     <span class='ocr_line' id='line_1_20' title="bbox 0 1148 920 1200; baseline -0.002 -9"><span class='ocrx_word' id='word_1_134' title='bbox 0 1148 76 1191; x_wconf 52' lang='lat' dir='ltr'>ich.</span> <span class='ocrx_word' id='word_1_135' title='bbox 104 1158 233 1191; x_wconf 72' lang='lat' dir='ltr'>lucidus</span> <span class='ocrx_word' id='word_1_136' title='bbox 248 1168 371 1200; x_wconf 81' lang='lat' dir='ltr'>vapor,</span> <span class='ocrx_word' id='word_1_137' title='bbox 407 1159 467 1200; x_wconf 88' lang='lat' dir='ltr'>qui</span> <span class='ocrx_word' id='word_1_138' title='bbox 484 1168 542 1190; x_wconf 90' lang='lat' dir='ltr'>cur</span> <span class='ocrx_word' id='word_1_139' title='bbox 560 1159 606 1190; x_wconf 82' lang='lat' dir='ltr'>ita</span> <span class='ocrx_word' id='word_1_140' title='bbox 628 1158 759 1190; x_wconf 87' lang='lat' dir='ltr'>dicatur</span> <span class='ocrx_word' id='word_1_141' title='bbox 784 1169 815 1189; x_wconf 75' lang='lat' dir='ltr'>V.</span> <span class='ocrx_word' id='word_1_142' title='bbox 838 1158 920 1189; x_wconf 85' lang='lat' dir='ltr'>Eur.</span> 
     </span>
     <span class='ocr_line' id='line_1_21' title="bbox 0 1202 924 1251; baseline 0 -13"><span class='ocrx_word' id='word_1_143' title='bbox 0 1208 42 1239; x_wconf 73' lang='grc' dir='ltr'>ιὲΙὶ.</span> <span class='ocrx_word' id='word_1_144' title='bbox 59 1203 130 1238; x_wconf 89' lang='grc'>237</span> <span class='ocrx_word' id='word_1_145' title='bbox 155 1216 231 1238; x_wconf 90' lang='lat' dir='ltr'>cum</span> <span class='ocrx_word' id='word_1_146' title='bbox 250 1206 395 1238; x_wconf 76' lang='lat' dir='ltr'><strong>scholiis,</strong></span> <span class='ocrx_word' id='word_1_147' title='bbox 427 1223 467 1229; x_wconf 92' lang='lat'>-—</span> <span class='ocrx_word' id='word_1_148' title='bbox 504 1203 544 1238; x_wconf 81' lang='grc' dir='ltr'>ἐκ</span> <span class='ocrx_word' id='word_1_149' title='bbox 567 1203 756 1251; x_wconf 86' lang='grc' dir='ltr'>προσέδρου</span> <span class='ocrx_word' id='word_1_150' title='bbox 789 1202 924 1251; x_wconf 77' lang='grc' dir='ltr'>λιγνύος</span> 
     </span>
     <span class='ocr_line' id='line_1_22' title="bbox 0 1249 925 1300; baseline -0.002 -14"><span class='ocrx_word' id='word_1_151' title='bbox 0 1261 118 1300; x_wconf 70' lang='grc' dir='ltr'>τροφον</span> <span class='ocrx_word' id='word_1_152' title='bbox 135 1250 316 1299; x_wconf 76' lang='grc' dir='ltr'>ὀφθαλμὸν</span> <span class='ocrx_word' id='word_1_153' title='bbox 335 1250 421 1298; x_wconf 84' lang='grc' dir='ltr'>ἄρας</span> <span class='ocrx_word' id='word_1_154' title='bbox 439 1253 493 1284; x_wconf 86' lang='lat' dir='ltr'>Tr.</span> <span class='ocrx_word' id='word_1_155' title='bbox 509 1249 591 1284; x_wconf 85' lang='grc'><strong>794.</strong></span> <span class='ocrx_word' id='word_1_156' title='bbox 630 1252 739 1284; x_wconf 87' lang='lat' dir='ltr'>Schol.</span> <span class='ocrx_word' id='word_1_157' title='bbox 768 1254 925 1293; x_wconf 80' lang='lat' dir='ltr'>probatus</span> 
     </span>
     <span class='ocr_line' id='line_1_23' title="bbox 0 1297 924 1347; baseline -0.001 -14"><span class='ocrx_word' id='word_1_158' title='bbox 0 1308 123 1333; x_wconf 64' lang='lat' dir='ltr'>nanno:</span> <span class='ocrx_word' id='word_1_159' title='bbox 161 1303 225 1345; x_wconf 77' lang='grc' dir='ltr'>τῆς</span> <span class='ocrx_word' id='word_1_160' title='bbox 263 1297 519 1347; x_wconf 75' lang='grc' dir='ltr'>παρακειμένης</span> <span class='ocrx_word' id='word_1_161' title='bbox 557 1298 617 1333; x_wconf 90' lang='grc' dir='ltr'>καὶ</span> <span class='ocrx_word' id='word_1_162' title='bbox 649 1297 924 1347; x_wconf 67' lang='grc' dir='ltr'>περικεχυμένης</span> 
     </span>
     <span class='ocr_line' id='line_1_24' title="bbox 0 1344 924 1394; baseline -0.003 -13"><span class='ocrx_word' id='word_1_163' title='bbox 0 1344 234 1394; x_wconf 56' lang='grc' dir='ltr'>ὗεφλογώδους</span> <span class='ocrx_word' id='word_1_164' title='bbox 249 1345 365 1381; x_wconf 89' lang='grc' dir='ltr'>νόσου.</span> <span class='ocrx_word' id='word_1_165' title='bbox 418 1347 489 1379; x_wconf 86' lang='lat' dir='ltr'>Hoc</span> <span class='ocrx_word' id='word_1_166' title='bbox 515 1347 599 1379; x_wconf 87' lang='lat' dir='ltr'>mihi</span> <span class='ocrx_word' id='word_1_167' title='bbox 624 1356 691 1379; x_wconf 90' lang='lat' dir='ltr'>non</span> <span class='ocrx_word' id='word_1_168' title='bbox 724 1348 837 1378; x_wconf 90' lang='lat' dir='ltr'>minus</span> <span class='ocrx_word' id='word_1_169' title='bbox 870 1348 924 1378; x_wconf 90' lang='lat' dir='ltr'>in-</span> 
     </span>
     <span class='ocr_line' id='line_1_25' title="bbox 0 1391 923 1440; baseline 0 -14"><span class='ocrx_word' id='word_1_170' title='bbox 0 1398 34 1427; x_wconf 61' lang='lat' dir='ltr'>m*</span> <span class='ocrx_word' id='word_1_171' title='bbox 49 1394 184 1426; x_wconf 81' lang='lat' dir='ltr'>videtur</span> <span class='ocrx_word' id='word_1_172' title='bbox 200 1405 301 1436; x_wconf 84' lang='lat' dir='ltr'>quam</span> <span class='ocrx_word' id='word_1_173' title='bbox 318 1395 346 1426; x_wconf 93' lang='lat' dir='ltr'>si</span> <span class='ocrx_word' id='word_1_174' title='bbox 363 1393 494 1428; x_wconf 88' lang='grc' dir='ltr'>καπνὸν</span> <span class='ocrx_word' id='word_1_175' title='bbox 518 1392 619 1428; x_wconf 87' lang='grc' dir='ltr'>νόσου</span> <span class='ocrx_word' id='word_1_176' title='bbox 644 1395 721 1435; x_wconf 84' lang='lat' dir='ltr'>quis</span> <span class='ocrx_word' id='word_1_177' title='bbox 746 1403 804 1435; x_wconf 90' lang='lat' dir='ltr'>pro</span> <span class='ocrx_word' id='word_1_178' title='bbox 819 1391 923 1440; x_wconf 83' lang='grc' dir='ltr'>νέφος</span> 
     </span>
     <span class='ocr_line' id='line_1_26' title="bbox 0 1441 922 1477; baseline -0.002 -3"><span class='ocrx_word' id='word_1_179' title='bbox 0 1447 25 1477; x_wconf 63' lang='grc' dir='ltr'>Β,</span> <span class='ocrx_word' id='word_1_180' title='bbox 53 1441 192 1474; x_wconf 87' lang='lat' dir='ltr'>diceret.</span> <span class='ocrx_word' id='word_1_181' title='bbox 251 1442 507 1474; x_wconf 84' lang='lat' dir='ltr'>Meminerimus</span> <span class='ocrx_word' id='word_1_182' title='bbox 539 1443 629 1473; x_wconf 88' lang='lat' dir='ltr'>inter</span> <span class='ocrx_word' id='word_1_183' title='bbox 669 1441 922 1473; x_wconf 74' lang='lat' dir='ltr'>sacrificandum</span> 
     </span>
     <span class='ocr_line' id='line_1_27' title="bbox 0 1483 922 1534; baseline -0.002 -12"><span class='ocrx_word' id='word_1_184' title='bbox 0 1483 31 1523; x_wconf 60' lang='grc' dir='ltr'>’ἕο</span> <span class='ocrx_word' id='word_1_185' title='bbox 47 1493 237 1529; x_wconf 83' lang='lat' dir='ltr'>correptum</span> <span class='ocrx_word' id='word_1_186' title='bbox 253 1498 328 1520; x_wconf 85' lang='lat' dir='ltr'>esse</span> <span class='ocrx_word' id='word_1_187' title='bbox 353 1489 546 1521; x_wconf 81' lang='lat' dir='ltr'>Herculem.</span> <span class='ocrx_word' id='word_1_188' title='bbox 606 1487 716 1527; x_wconf 68' lang='lat' dir='ltr'>Quare</span> <span class='ocrx_word' id='word_1_189' title='bbox 734 1486 922 1534; x_wconf 85' lang='grc' dir='ltr'>πρόσεδρον</span> 
     </span>
     <span class='ocr_line' id='line_1_28' title="bbox 0 1529 922 1570; baseline -0.001 -3"><span class='ocrx_word' id='word_1_190' title='bbox 0 1529 179 1570; x_wconf 59' lang='lat' dir='ltr'>brumum</span> <span class='ocrx_word' id='word_1_191' title='bbox 195 1536 449 1568; x_wconf 86' lang='lat' dir='ltr'>circumiectum</span> <span class='ocrx_word' id='word_1_192' title='bbox 474 1540 509 1568; x_wconf 91' lang='lat' dir='ltr'>et</span> <span class='ocrx_word' id='word_1_193' title='bbox 537 1536 728 1567; x_wconf 75' lang='lat' dir='ltr'><strong>circumsita</strong></span> <span class='ocrx_word' id='word_1_194' title='bbox 743 1536 922 1567; x_wconf 86' lang='lat' dir='ltr'>involven—</span> 
     </span>
     <span class='ocr_line' id='line_1_29' title="bbox 0 1580 924 1626; baseline -0.001 -12"><span class='ocrx_word' id='word_1_195' title='bbox 0 1580 52 1626; x_wconf 58' lang='lat' dir='ltr'>sm</span> <span class='ocrx_word' id='word_1_196' title='bbox 67 1586 167 1615; x_wconf 84' lang='lat' dir='ltr'>vento</span> <span class='ocrx_word' id='word_1_197' title='bbox 183 1584 364 1623; x_wconf 83' lang='lat' dir='ltr'>ingruente</span> <span class='ocrx_word' id='word_1_198' title='bbox 382 1592 482 1623; x_wconf 85' lang='lat' dir='ltr'>saepe</span> <span class='ocrx_word' id='word_1_199' title='bbox 500 1584 556 1624; x_wconf 88' lang='lat' dir='ltr'>sst,</span> <span class='ocrx_word' id='word_1_200' title='bbox 585 1583 650 1615; x_wconf 88' lang='lat' dir='ltr'>dici</span> <span class='ocrx_word' id='word_1_201' title='bbox 667 1583 807 1614; x_wconf 81' lang='lat' dir='ltr'>arbitror</span> <span class='ocrx_word' id='word_1_202' title='bbox 819 1607 827 1618; x_wconf 87' lang='lat'>.</span> <span class='ocrx_word' id='word_1_203' title='bbox 865 1582 924 1623; x_wconf 92' lang='lat' dir='ltr'>qui</span> 
     </span>
     <span class='ocr_line' id='line_1_30' title="bbox 0 1630 924 1670; baseline -0.002 -8"><span class='ocrx_word' id='word_1_204' title='bbox 0 1630 161 1670; x_wconf 48' lang='lat' dir='ltr'>sublatus</span> <span class='ocrx_word' id='word_1_205' title='bbox 177 1634 268 1662; x_wconf 82' lang='lat' dir='ltr'>esset</span> <span class='ocrx_word' id='word_1_206' title='bbox 284 1631 319 1662; x_wconf 91' lang='lat' dir='ltr'>in</span> <span class='ocrx_word' id='word_1_207' title='bbox 338 1630 445 1662; x_wconf 90' lang='lat' dir='ltr'>altum</span> <span class='ocrx_word' id='word_1_208' title='bbox 456 1655 464 1670; x_wconf 82' lang='lat'><strong>,</strong></span> <span class='ocrx_word' id='word_1_209' title='bbox 486 1630 649 1662; x_wconf 86' lang='lat' dir='ltr'>Hercules</span> <span class='ocrx_word' id='word_1_210' title='bbox 666 1630 774 1661; x_wconf 83' lang='lat' dir='ltr'>fllium</span> <span class='ocrx_word' id='word_1_211' title='bbox 791 1630 924 1662; x_wconf 84' lang='lat' dir='ltr'>obtueri</span> 
     </span>
     <span class='ocr_line' id='line_1_31' title="bbox 0 1672 918 1718; baseline -0.003 -7"><span class='ocrx_word' id='word_1_212' title='bbox 0 1676 42 1711; x_wconf 64' lang='lat' dir='ltr'>it.</span> <span class='ocrx_word' id='word_1_213' title='bbox 73 1694 115 1700; x_wconf 92' lang='lat'>—</span> <span class='ocrx_word' id='word_1_214' title='bbox 146 1678 335 1709; x_wconf 87' lang='lat' dir='ltr'>Accentum</span> <span class='ocrx_word' id='word_1_215' title='bbox 352 1678 484 1717; x_wconf 85' lang='lat' dir='ltr'>generis</span> <span class='ocrx_word' id='word_1_216' title='bbox 502 1679 630 1709; x_wconf 79' lang='lat' dir='ltr'>notavit</span> <span class='ocrx_word' id='word_1_217' title='bbox 646 1677 724 1708; x_wconf 85' lang='lat' dir='ltr'>Arc.</span> <span class='ocrx_word' id='word_1_218' title='bbox 745 1687 779 1718; x_wconf 92' lang='lat' dir='ltr'>p.</span> <span class='ocrx_word' id='word_1_219' title='bbox 799 1672 858 1717; x_wconf 85' lang='lat'>92,</span> <span class='ocrx_word' id='word_1_220' title='bbox 878 1673 918 1716; x_wconf 75' lang='lat'>85</span> 
     </span>
     <span class='ocr_line' id='line_1_32' title="bbox 0 1721 889 1768; baseline -0.001 -12"><span class='ocrx_word' id='word_1_221' title='bbox 0 1721 117 1768; x_wconf 58' lang='lat' dir='ltr'>{flente</span> <span class='ocrx_word' id='word_1_222' title='bbox 133 1725 197 1756; x_wconf 86' lang='lat' dir='ltr'>alia</span> <span class='ocrx_word' id='word_1_223' title='bbox 210 1725 316 1756; x_wconf 86' lang='lat' dir='ltr'>vocali</span> <span class='ocrx_word' id='word_1_224' title='bbox 333 1725 453 1766; x_wconf 86' lang='lat' dir='ltr'>corripi</span> <span class='ocrx_word' id='word_1_225' title='bbox 471 1726 684 1757; x_wconf 81' lang='lat' dir='ltr'>observatum</span> <span class='ocrx_word' id='word_1_226' title='bbox 708 1735 741 1756; x_wconf 84' lang='lat' dir='ltr'>v.</span> <span class='ocrx_word' id='word_1_227' title='bbox 761 1721 889 1757; x_wconf 72' lang='grc' dir='ltr'>κλιτύς.</span> 
     </span>
    </p>
   </div>
   <div class='ocr_carea' id='block_1_6' title="bbox 2 1777 925 1970">
    <p class='ocr_par' dir='ltr' id='par_1_6' title="bbox 2 1777 925 1970">
     <span class='ocr_line' id='line_1_33' title="bbox 2 1777 924 1828; baseline 0.002 -16"><span class='ocrx_word' id='word_1_228' title='bbox 2 1777 102 1828; x_wconf 67' lang='grc' dir='ltr'>’ἴγό</span> <span class='ocrx_word' id='word_1_229' title='bbox 113 1793 130 1828; x_wconf 88' lang='grc' dir='ltr'>ρ</span> <span class='ocrx_word' id='word_1_230' title='bbox 141 1781 185 1816; x_wconf 78' lang='grc' dir='ltr'>ός</span> <span class='ocrx_word' id='word_1_231' title='bbox 200 1792 332 1815; x_wconf 74' lang='lat' dir='ltr'>sonans.</span> <span class='ocrx_word' id='word_1_232' title='bbox 377 1783 429 1815; x_wconf 88' lang='lat' dir='ltr'>De</span> <span class='ocrx_word' id='word_1_233' title='bbox 446 1783 542 1814; x_wconf 84' lang='lat' dir='ltr'>suavi</span> <span class='ocrx_word' id='word_1_234' title='bbox 559 1785 592 1814; x_wconf 89' lang='lat' dir='ltr'>et</span> <span class='ocrx_word' id='word_1_235' title='bbox 609 1792 727 1815; x_wconf 85' lang='lat' dir='ltr'>canora</span> <span class='ocrx_word' id='word_1_236' title='bbox 752 1792 832 1814; x_wconf 84' lang='lat' dir='ltr'>voce</span> <span class='ocrx_word' id='word_1_237' title='bbox 857 1791 924 1814; x_wconf 92' lang='lat' dir='ltr'>non</span> 
     </span>
     <span class='ocr_line' id='line_1_34' title="bbox 13 1830 925 1871; baseline -0.001 -9"><span class='ocrx_word' id='word_1_238' title='bbox 13 1848 24 1857; x_wconf 77' lang='lat'>·.</span> <span class='ocrx_word' id='word_1_239' title='bbox 49 1830 154 1869; x_wconf 71' lang='lat' dir='ltr'>magis</span> <span class='ocrx_word' id='word_1_240' title='bbox 171 1834 379 1871; x_wconf 85' lang='lat' dir='ltr'>usurparunt</span> <span class='ocrx_word' id='word_1_241' title='bbox 395 1839 496 1871; x_wconf 87' lang='lat' dir='ltr'>quam</span> <span class='ocrx_word' id='word_1_242' title='bbox 513 1830 680 1861; x_wconf 88' lang='lat' dir='ltr'>Homerus</span> <span class='ocrx_word' id='word_1_243' title='bbox 694 1842 701 1870; x_wconf 84' lang='lat'><em>3</em></span> <span class='ocrx_word' id='word_1_244' title='bbox 730 1830 867 1871; x_wconf 85' lang='lat' dir='ltr'>utrique</span> <span class='ocrx_word' id='word_1_245' title='bbox 884 1830 925 1861; x_wconf 87' lang='lat' dir='ltr'>de</span> 
     </span>
     <span class='ocr_line' id='line_1_35' title="bbox 5 1874 925 1918; baseline 0 -10"><span class='ocrx_word' id='word_1_246' title='bbox 5 1875 66 1918; x_wconf 62' lang='lat' dir='ltr'>†et</span> <span class='ocrx_word' id='word_1_247' title='bbox 82 1877 240 1908; x_wconf 85' lang='lat' dir='ltr'>sibilante</span> <span class='ocrx_word' id='word_1_248' title='bbox 257 1886 348 1909; x_wconf 86' lang='lat' dir='ltr'>sono.</span> <span class='ocrx_word' id='word_1_249' title='bbox 387 1894 429 1899; x_wconf 88' lang='lat'>-—</span> <span class='ocrx_word' id='word_1_250' title='bbox 462 1877 623 1917; x_wconf 82' lang='lat' dir='ltr'>Inprimis</span> <span class='ocrx_word' id='word_1_251' title='bbox 640 1877 817 1909; x_wconf 85' lang='lat' dir='ltr'>Homerioe</span> <span class='ocrx_word' id='word_1_252' title='bbox 834 1874 925 1910; x_wconf 81' lang='grc' dir='ltr'>παίει</span> 
     </span>
     <span class='ocr_line' id='line_1_36' title="bbox 4 1920 528 1970; baseline -0.004 -13"><span class='ocrx_word' id='word_1_253' title='bbox 4 1943 25 1948; x_wconf 35' lang='grc' dir='ltr'><em>ἰ</em></span> <span class='ocrx_word' id='word_1_254' title='bbox 47 1921 186 1969; x_wconf 74' lang='grc' dir='ltr'>μάστιγι</span> <span class='ocrx_word' id='word_1_255' title='bbox 204 1921 308 1970; x_wconf 79' lang='grc' dir='ltr'>διπλῇ</span> <span class='ocrx_word' id='word_1_256' title='bbox 321 1925 376 1957; x_wconf 87' lang='lat' dir='ltr'>Ai.</span> <span class='ocrx_word' id='word_1_257' title='bbox 397 1920 468 1956; x_wconf 82' lang='lat'>242</span> <span class='ocrx_word' id='word_1_258' title='bbox 484 1933 528 1955; x_wconf 93' lang='lat' dir='ltr'>m.</span> 
     </span>
    </p>
   </div>
   <div class='ocr_carea' id='block_1_7' title="bbox 6 1973 929 3456">
    <p class='ocr_par' dir='ltr' id='par_1_7' title="bbox 1 1973 929 3456">
     <span class='ocr_line' id='line_1_37' title="bbox 24 1973 927 2029; baseline 0 -15"><span class='ocrx_word' id='word_1_259' title='bbox 24 1973 96 2028; x_wconf 74' lang='grc' dir='ltr'>,ἴγύ</span> <span class='ocrx_word' id='word_1_260' title='bbox 107 1993 123 2020; x_wconf 90' lang='grc' dir='ltr'>ς</span> <span class='ocrx_word' id='word_1_261' title='bbox 139 1983 252 2024; x_wconf 90' lang='lat' dir='ltr'>ipsum</span> <span class='ocrx_word' id='word_1_262' title='bbox 270 1992 336 2014; x_wconf 91' lang='lat' dir='ltr'>non</span> <span class='ocrx_word' id='word_1_263' title='bbox 353 1986 476 2023; x_wconf 80' lang='lat' dir='ltr'>exstat,</span> <span class='ocrx_word' id='word_1_264' title='bbox 496 1982 555 2014; x_wconf 90' lang='lat' dir='ltr'>sed</span> <span class='ocrx_word' id='word_1_265' title='bbox 573 1980 595 2015; x_wconf 88' lang='grc' dir='ltr'><em>ἁ</em></span> <span class='ocrx_word' id='word_1_266' title='bbox 618 1980 728 2029; x_wconf 87' lang='grc' dir='ltr'>λίγεια</span> <span class='ocrx_word' id='word_1_267' title='bbox 752 1979 927 2028; x_wconf 81' lang='grc' dir='ltr'>μινύρεται</span> 
     </span>
     <span class='ocr_line' id='line_1_38' title="bbox 9 2022 926 2070; baseline -0.002 -8"><span class='ocrx_word' id='word_1_268' title='bbox 9 2022 36 2032; x_wconf 69' lang='grc'>”</span> <span class='ocrx_word' id='word_1_269' title='bbox 58 2028 115 2062; x_wconf 84' lang='lat' dir='ltr'>OC</span> <span class='ocrx_word' id='word_1_270' title='bbox 140 2026 205 2061; x_wconf 85' lang='lat'>671</span> <span class='ocrx_word' id='word_1_271' title='bbox 225 2029 275 2061; x_wconf 91' lang='lat' dir='ltr'>ch.</span> <span class='ocrx_word' id='word_1_272' title='bbox 305 2031 400 2062; x_wconf 78' lang='lat' dir='ltr'>suavi</span> <span class='ocrx_word' id='word_1_273' title='bbox 431 2033 462 2061; x_wconf 81' lang='lat' dir='ltr'>et</span> <span class='ocrx_word' id='word_1_274' title='bbox 485 2038 605 2061; x_wconf 77' lang='lat' dir='ltr'>canora</span> <span class='ocrx_word' id='word_1_275' title='bbox 627 2039 704 2061; x_wconf 77' lang='lat' dir='ltr'>voce</span> <span class='ocrx_word' id='word_1_276' title='bbox 739 2029 926 2070; x_wconf 78' lang='lat' dir='ltr'>praeditam</span> 
     </span>
     <span class='ocr_line' id='line_1_39' title="bbox 6 2077 926 2118; baseline -0.001 -10"><span class='ocrx_word' id='word_1_277' title='bbox 6 2081 123 2117; x_wconf 50' lang='lat' dir='ltr'>nuans,</span> <span class='ocrx_word' id='word_1_278' title='bbox 143 2080 183 2109; x_wconf 93' lang='lat' dir='ltr'>ut</span> <span class='ocrx_word' id='word_1_279' title='bbox 206 2077 344 2109; x_wconf 89' lang='lat' dir='ltr'>Homeri</span> <span class='ocrx_word' id='word_1_280' title='bbox 369 2077 526 2118; x_wconf 87' lang='lat' dir='ltr'>inprimis</span> <span class='ocrx_word' id='word_1_281' title='bbox 551 2077 592 2108; x_wconf 91' lang='lat' dir='ltr'>de</span> <span class='ocrx_word' id='word_1_282' title='bbox 617 2077 742 2109; x_wconf 86' lang='lat' dir='ltr'>cithara</span> <span class='ocrx_word' id='word_1_283' title='bbox 766 2078 926 2118; x_wconf 77' lang='lat' dir='ltr'>frequens</span> 
     </span>
     <span class='ocr_line' id='line_1_40' title="bbox 63 2121 926 2165; baseline 0 -10"><span class='ocrx_word' id='word_1_284' title='bbox 63 2122 182 2155; x_wconf 89' lang='lat' dir='ltr'>Lehrs.</span> <span class='ocrx_word' id='word_1_285' title='bbox 203 2127 332 2165; x_wconf 86' lang='lat' dir='ltr'>quaest.</span> <span class='ocrx_word' id='word_1_286' title='bbox 354 2125 440 2165; x_wconf 88' lang='lat' dir='ltr'>epic.</span> <span class='ocrx_word' id='word_1_287' title='bbox 462 2134 496 2165; x_wconf 92' lang='lat' dir='ltr'>p.</span> <span class='ocrx_word' id='word_1_288' title='bbox 517 2121 550 2156; x_wconf 86' lang='lat'>8.</span> <span class='ocrx_word' id='word_1_289' title='bbox 571 2142 617 2147; x_wconf 90' lang='lat'><strong>—</strong></span> <span class='ocrx_word' id='word_1_290' title='bbox 642 2124 831 2156; x_wconf 88' lang='lat' dir='ltr'>Accentum</span> <span class='ocrx_word' id='word_1_291' title='bbox 853 2121 874 2156; x_wconf 98' lang='grc' dir='ltr'>λ</span> <span class='ocrx_word' id='word_1_292' title='bbox 888 2121 926 2155; x_wconf 79' lang='grc' dir='ltr'>ί·-</span> 
     </span>
     <span class='ocr_line' id='line_1_41' title="bbox 15 2169 923 2211; baseline 0.001 -9"><span class='ocrx_word' id='word_1_293' title='bbox 15 2169 253 2206; x_wconf 58' lang='grc' dir='ltr'>ἶιιιᾱοοίεείιιιε</span> <span class='ocrx_word' id='word_1_294' title='bbox 270 2171 458 2203; x_wconf 87' lang='lat' dir='ltr'>reiecturus</span> <span class='ocrx_word' id='word_1_295' title='bbox 475 2174 544 2202; x_wconf 89' lang='lat' dir='ltr'>erat</span> <span class='ocrx_word' id='word_1_296' title='bbox 561 2171 688 2211; x_wconf 85' lang='lat' dir='ltr'>Reisig.</span> <span class='ocrx_word' id='word_1_297' title='bbox 710 2180 827 2203; x_wconf 87' lang='lat' dir='ltr'>comm.</span> <span class='ocrx_word' id='word_1_298' title='bbox 849 2171 923 2203; x_wconf 88' lang='lat' dir='ltr'>crit.</span> 
     </span>
     <span class='ocr_line' id='line_1_42' title="bbox 7 2217 928 2259; baseline -0.001 -10"><span class='ocrx_word' id='word_1_299' title='bbox 7 2217 54 2257; x_wconf 52' lang='grc' dir='ltr'>ἑὲ,</span> <span class='ocrx_word' id='word_1_300' title='bbox 81 2226 181 2259; x_wconf 87' lang='lat' dir='ltr'>quem</span> <span class='ocrx_word' id='word_1_301' title='bbox 198 2218 272 2259; x_wconf 85' lang='lat' dir='ltr'>ipsa</span> <span class='ocrx_word' id='word_1_302' title='bbox 294 2218 428 2258; x_wconf 84' lang='lat' dir='ltr'>ingenti</span> <span class='ocrx_word' id='word_1_303' title='bbox 451 2219 739 2257; x_wconf 84' lang='lat' dir='ltr'>grammaticorum</span> <span class='ocrx_word' id='word_1_304' title='bbox 762 2227 928 2250; x_wconf 84' lang='lat' dir='ltr'>consensu</span> 
     </span>
     <span class='ocr_line' id='line_1_43' title="bbox 13 2261 924 2305; baseline -0.001 -9"><span class='ocrx_word' id='word_1_305' title='bbox 13 2269 29 2282; x_wconf 77' lang='grc'>’·</span> <span class='ocrx_word' id='word_1_306' title='bbox 44 2264 90 2296; x_wconf 77' lang='lat' dir='ltr'>&#39;ta</span> <span class='ocrx_word' id='word_1_307' title='bbox 101 2265 303 2296; x_wconf 87' lang='lat' dir='ltr'>abnormitas</span> <span class='ocrx_word' id='word_1_308' title='bbox 312 2265 414 2297; x_wconf 89' lang='lat' dir='ltr'>huius</span> <span class='ocrx_word' id='word_1_309' title='bbox 432 2269 466 2296; x_wconf 93' lang='lat' dir='ltr'>et</span> <span class='ocrx_word' id='word_1_310' title='bbox 475 2261 599 2298; x_wconf 87' lang='grc' dir='ltr'>θάλεια</span> <span class='ocrx_word' id='word_1_311' title='bbox 616 2265 767 2298; x_wconf 78' lang='lat' dir='ltr'>vocabuli</span> <span class='ocrx_word' id='word_1_312' title='bbox 785 2265 924 2305; x_wconf 87' lang='lat' dir='ltr'>moveri,</span> 
     </span>
     <span class='ocr_line' id='line_1_44' title="bbox 54 2308 924 2353; baseline 0 -11"><span class='ocrx_word' id='word_1_313' title='bbox 54 2315 202 2353; x_wconf 83' lang='lat' dir='ltr'>noverat,</span> <span class='ocrx_word' id='word_1_314' title='bbox 221 2312 349 2344; x_wconf 84' lang='lat' dir='ltr'>debuit.</span> <span class='ocrx_word' id='word_1_315' title='bbox 378 2322 410 2344; x_wconf 87' lang='lat' dir='ltr'>v.</span> <span class='ocrx_word' id='word_1_316' title='bbox 431 2312 508 2343; x_wconf 88' lang='lat' dir='ltr'>EM.</span> <span class='ocrx_word' id='word_1_317' title='bbox 530 2321 563 2353; x_wconf 87' lang='lat' dir='ltr'>p.</span> <span class='ocrx_word' id='word_1_318' title='bbox 584 2308 672 2353; x_wconf 81' lang='lat'><strong>565,</strong></span> <span class='ocrx_word' id='word_1_319' title='bbox 701 2310 734 2344; x_wconf 82' lang='lat'>5.</span> <span class='ocrx_word' id='word_1_320' title='bbox 763 2312 861 2344; x_wconf 90' lang='lat' dir='ltr'>Eust.</span> <span class='ocrx_word' id='word_1_321' title='bbox 889 2320 924 2352; x_wconf 88' lang='lat' dir='ltr'>p.</span> 
     </span>
     <span class='ocr_line' id='line_1_45' title="bbox 15 2345 928 2401; baseline 0 -11"><span class='ocrx_word' id='word_1_322' title='bbox 15 2345 107 2390; x_wconf 66' lang='grc' dir='ltr'>ιῗσο.</span> <span class='ocrx_word' id='word_1_323' title='bbox 131 2355 239 2400; x_wconf 82' lang='lat'><strong>1619,</strong></span> <span class='ocrx_word' id='word_1_324' title='bbox 262 2355 319 2390; x_wconf 82' lang='lat'>32.</span> <span class='ocrx_word' id='word_1_325' title='bbox 351 2360 395 2391; x_wconf 69' lang='lat' dir='ltr'>ef.</span> <span class='ocrx_word' id='word_1_326' title='bbox 427 2355 534 2398; x_wconf 82' lang='lat'><strong>1586,</strong></span> <span class='ocrx_word' id='word_1_327' title='bbox 559 2355 613 2390; x_wconf 88' lang='lat'>12.</span> <span class='ocrx_word' id='word_1_328' title='bbox 642 2360 719 2391; x_wconf 70' lang='lat' dir='ltr'>Are.</span> <span class='ocrx_word' id='word_1_329' title='bbox 741 2369 775 2401; x_wconf 81' lang='lat' dir='ltr'>p.</span> <span class='ocrx_word' id='word_1_330' title='bbox 797 2354 861 2399; x_wconf 77' lang='lat'>95,</span> <span class='ocrx_word' id='word_1_331' title='bbox 881 2355 928 2390; x_wconf 87' lang='lat'>20</span> 
     </span>
     <span class='ocr_line' id='line_1_46' title="bbox 17 2403 928 2448; baseline 0.001 -11"><span class='ocrx_word' id='word_1_332' title='bbox 17 2419 50 2431; x_wconf 66' lang='lat'>=·</span> <span class='ocrx_word' id='word_1_333' title='bbox 76 2414 117 2437; x_wconf 90' lang='lat' dir='ltr'>us</span> <span class='ocrx_word' id='word_1_334' title='bbox 140 2415 160 2437; x_wconf 85' lang='lat' dir='ltr'>a</span> <span class='ocrx_word' id='word_1_335' title='bbox 188 2405 326 2438; x_wconf 89' lang='lat' dir='ltr'>Lehrsio</span> <span class='ocrx_word' id='word_1_336' title='bbox 348 2406 372 2439; x_wconf 92' lang='lat'>1.</span> <span class='ocrx_word' id='word_1_337' title='bbox 399 2415 426 2437; x_wconf 90' lang='lat' dir='ltr'>c.</span> <span class='ocrx_word' id='word_1_338' title='bbox 447 2416 481 2448; x_wconf 89' lang='lat' dir='ltr'>p.</span> <span class='ocrx_word' id='word_1_339' title='bbox 509 2403 532 2437; x_wconf 94' lang='grc'><strong>7</strong></span> <span class='ocrx_word' id='word_1_340' title='bbox 562 2414 607 2437; x_wconf 84' lang='lat' dir='ltr'>ex</span> <span class='ocrx_word' id='word_1_341' title='bbox 634 2415 669 2438; x_wconf 90' lang='lat' dir='ltr'>se</span> <span class='ocrx_word' id='word_1_342' title='bbox 694 2406 831 2447; x_wconf 88' lang='lat' dir='ltr'>quidem</span> <span class='ocrx_word' id='word_1_343' title='bbox 855 2407 928 2447; x_wconf 84' lang='lat' dir='ltr'>ipso</span> 
     </span>
     <span class='ocr_line' id='line_1_47' title="bbox 34 2447 924 2497; baseline 0 -13"><span class='ocrx_word' id='word_1_344' title='bbox 34 2447 115 2497; x_wconf 37' lang='lat'>‘&#39;20.</span> <span class='ocrx_word' id='word_1_345' title='bbox 165 2452 212 2484; x_wconf 87' lang='lat' dir='ltr'>Et</span> <span class='ocrx_word' id='word_1_346' title='bbox 243 2454 461 2485; x_wconf 84' lang='lat' dir='ltr'>consentiunt</span> <span class='ocrx_word' id='word_1_347' title='bbox 493 2453 571 2485; x_wconf 89' lang='lat' dir='ltr'>libri</span> <span class='ocrx_word' id='word_1_348' title='bbox 595 2452 766 2485; x_wconf 83' lang='lat' dir='ltr'>Homerici</span> <span class='ocrx_word' id='word_1_349' title='bbox 798 2462 924 2493; x_wconf 89' lang='lat' dir='ltr'>omnes,</span> 
     </span>
     <span class='ocr_line' id='line_1_48' title="bbox 88 2499 924 2541; baseline -0.001 -9.084"><span class='ocrx_word' id='word_1_350' title='bbox 88 2499 287 2541; x_wconf 80' lang='lat' dir='ltr'>scriptorum</span> <span class='ocrx_word' id='word_1_351' title='bbox 320 2503 453 2532; x_wconf 84' lang='lat' dir='ltr'>tantum</span> <span class='ocrx_word' id='word_1_352' title='bbox 484 2508 551 2532; x_wconf 85' lang='lat' dir='ltr'>non</span> <span class='ocrx_word' id='word_1_353' title='bbox 591 2500 719 2541; x_wconf 87' lang='lat' dir='ltr'>ubique</span> <span class='ocrx_word' id='word_1_354' title='bbox 759 2510 792 2532; x_wconf 75' lang='grc' dir='ltr'>ν.</span> <span class='ocrx_word' id='word_1_355' title='bbox 828 2500 851 2532; x_wconf 93' lang='lat' dir='ltr'>l.</span> <span class='ocrx_word' id='word_1_356' title='bbox 896 2509 924 2532; x_wconf 89' lang='lat' dir='ltr'>c.</span> 
     </span>
     <span class='ocr_line' id='line_1_49' title="bbox 18 2595 928 2651; baseline 0.001 -14"><span class='ocrx_word' id='word_1_357' title='bbox 18 2595 270 2650; x_wconf 51' lang='grc' dir='ltr'>’ἵγυστικός</span> <span class='ocrx_word' id='word_1_358' title='bbox 296 2604 502 2645; x_wconf 72' lang='lat' dir='ltr'>Liyustinus.</span> <span class='ocrx_word' id='word_1_359' title='bbox 546 2601 734 2651; x_wconf 76' lang='grc' dir='ltr'>Λιγυστική</span> <span class='ocrx_word' id='word_1_360' title='bbox 757 2615 795 2639; x_wconf 87' lang='grc' dir='ltr'>τε</span> <span class='ocrx_word' id='word_1_361' title='bbox 843 2608 866 2650; x_wconf 90' lang='grc' dir='ltr'>ῆ</span> <span class='ocrx_word' id='word_1_362' title='bbox 893 2615 928 2638; x_wconf 90' lang='grc' dir='ltr'>σε</span> 
     </span>
     <span class='ocr_line' id='line_1_50' title="bbox 67 2617 929 2696; baseline 0.001 -12.929"><span class='ocrx_word' id='word_1_363' title='bbox 67 2651 174 2693; x_wconf 84' lang='lat' dir='ltr'>Tript.</span> <span class='ocrx_word' id='word_1_364' title='bbox 195 2653 236 2684; x_wconf 84' lang='lat' dir='ltr'>fr.</span> <span class='ocrx_word' id='word_1_365' title='bbox 258 2648 338 2692; x_wconf 83' lang='lat'><strong>527,</strong></span> <span class='ocrx_word' id='word_1_366' title='bbox 357 2648 390 2691; x_wconf 73' lang='lat'>3.</span> <span class='ocrx_word' id='word_1_367' title='bbox 674 2651 723 2696; x_wconf 87' lang='lat'>(11</span> <span class='ocrx_word' id='word_1_368' title='bbox 740 2663 775 2694; x_wconf 90' lang='lat' dir='ltr'>p.</span> <span class='ocrx_word' id='word_1_369' title='bbox 795 2617 852 2693; x_wconf 65' lang='lat'>29,</span> <span class='ocrx_word' id='word_1_370' title='bbox 875 2649 929 2696; x_wconf 83' lang='lat'>3.)</span> 
     </span>
     <span class='ocr_line' id='line_1_51' title="bbox 19 2704 926 2755; baseline 0.002 -13"><span class='ocrx_word' id='word_1_371' title='bbox 19 2704 334 2755; x_wconf 47' lang='lat' dir='ltr'>{Roxdqu‘roc</span> <span class='ocrx_word' id='word_1_372' title='bbox 351 2711 501 2752; x_wconf 80' lang='lat' dir='ltr'>lapidum</span> <span class='ocrx_word' id='word_1_373' title='bbox 518 2720 705 2751; x_wconf 70' lang='lat' dir='ltr'>eompaqem</span> <span class='ocrx_word' id='word_1_374' title='bbox 730 2714 853 2743; x_wconf 73' lang='lat' dir='ltr'>tenens.</span> <span class='ocrx_word' id='word_1_375' title='bbox 898 2710 926 2744; x_wconf 80' lang='grc' dir='ltr'>ὦ</span> 
     </span>
     <span class='ocr_line' id='line_1_52' title="bbox 25 2753 926 2836; baseline 0.003 -48"><span class='ocrx_word' id='word_1_376' title='bbox 25 2753 189 2802; x_wconf 51' lang='grc' dir='ltr'>ιαληρὰ,</span> <span class='ocrx_word' id='word_1_377' title='bbox 213 2755 373 2836; x_wconf 47' lang='grc' dir='ltr'>ἰςάλυβος</span> <span class='ocrx_word' id='word_1_378' title='bbox 398 2755 648 2803; x_wconf 77' lang='grc' dir='ltr'>λιθοκόλλητον</span> <span class='ocrx_word' id='word_1_379' title='bbox 674 2756 812 2803; x_wconf 82' lang='grc' dir='ltr'>στόμιον</span> <span class='ocrx_word' id='word_1_380' title='bbox 837 2768 926 2804; x_wconf 90' lang='grc' dir='ltr'>παρ-</span> 
     </span>
     <span class='ocr_line' id='line_1_53' title="bbox 10 2801 924 2849; baseline 0 -12"><span class='ocrx_word' id='word_1_381' title='bbox 10 2820 38 2837; x_wconf 63' lang='lat'>‚1</span> <span class='ocrx_word' id='word_1_382' title='bbox 65 2803 119 2836; x_wconf 81' lang='lat' dir='ltr'>Tr.</span> <span class='ocrx_word' id='word_1_383' title='bbox 143 2801 208 2836; x_wconf 86' lang='grc'><strong>126</strong></span> <span class='ocrx_word' id='word_1_384' title='bbox 255 2813 311 2836; x_wconf 84' lang='lat' dir='ltr'>an.</span> <span class='ocrx_word' id='word_1_385' title='bbox 346 2801 619 2849; x_wconf 84' lang='grc' dir='ltr'>[λυκοκόλλητον</span> <span class='ocrx_word' id='word_1_386' title='bbox 642 2805 733 2837; x_wconf 74' lang='lat' dir='ltr'>haud</span> <span class='ocrx_word' id='word_1_387' title='bbox 756 2806 924 2846; x_wconf 86' lang='lat' dir='ltr'>improba—</span> 
     </span>
     <span class='ocr_line' id='line_1_54' title="bbox 50 2848 925 2891; baseline 0.003 -8.897"><span class='ocrx_word' id='word_1_388' title='bbox 19 2849 136 2886; x_wconf 90' lang='lat' dir='ltr'>coni.</span> <span class='ocrx_word' id='word_1_389' title='bbox 158 2851 323 2883; x_wconf 87' lang='lat' dir='ltr'>Welcker.</span> <span class='ocrx_word' id='word_1_390' title='bbox 352 2852 394 2883; x_wconf 86' lang='lat' dir='ltr'>cf.</span> <span class='ocrx_word' id='word_1_391' title='bbox 416 2852 561 2891; x_wconf 81' lang='lat' dir='ltr'>Hesych.</span> <span class='ocrx_word' id='word_1_392' title='bbox 580 2848 703 2885; x_wconf 74' lang='grc' dir='ltr'>λύκονε</span> <span class='ocrx_word' id='word_1_393' title='bbox 723 2850 780 2885; x_wconf 74' lang='grc' dir='ltr'>τὸν</span> <span class='ocrx_word' id='word_1_394' title='bbox 798 2850 834 2886; x_wconf 80' lang='grc' dir='ltr'>ἐν</span> <span class='ocrx_word' id='word_1_395' title='bbox 851 2853 925 2889; x_wconf 82' lang='grc' dir='ltr'>τοῖς</span> 
     </span>
     <span class='ocr_line' id='line_1_55' title="bbox 55 2894 925 2944; baseline 0.002 -14.918"><span class='ocrx_word' id='word_1_396' title='bbox 55 2906 74 2934; x_wconf 77' lang='grc' dir='ltr'>ς</span> <span class='ocrx_word' id='word_1_397' title='bbox 91 2894 256 2944; x_wconf 87' lang='grc' dir='ltr'>σίδηρον].</span> <span class='ocrx_word' id='word_1_398' title='bbox 277 2897 472 2937; x_wconf 76' lang='lat' dir='ltr'>Cogitata-nt</span> <span class='ocrx_word' id='word_1_399' title='bbox 488 2899 602 2940; x_wconf 89' lang='lat' dir='ltr'>Intpp.</span> <span class='ocrx_word' id='word_1_400' title='bbox 615 2898 657 2930; x_wconf 88' lang='lat' dir='ltr'>de</span> <span class='ocrx_word' id='word_1_401' title='bbox 673 2899 766 2931; x_wconf 78' lang='lat' dir='ltr'>freno</span> <span class='ocrx_word' id='word_1_402' title='bbox 784 2900 925 2939; x_wconf 88' lang='lat' dir='ltr'>gemmis</span> 
     </span>
     <span class='ocr_line' id='line_1_56' title="bbox 16 2944 923 2987; baseline 0.002 -12"><span class='ocrx_word' id='word_1_403' title='bbox 16 2944 23 2951; x_wconf 69' lang='lat'>‘</span> <span class='ocrx_word' id='word_1_404' title='bbox 36 2959 45 2971; x_wconf 53' lang='lat' dir='ltr'><em>n</em></span> <span class='ocrx_word' id='word_1_405' title='bbox 65 2956 71 2970; x_wconf 76' lang='grc' dir='ltr'>ι</span> <span class='ocrx_word' id='word_1_406' title='bbox 89 2968 97 2984; x_wconf 90' lang='grc'>,</span> <span class='ocrx_word' id='word_1_407' title='bbox 124 2944 159 2976; x_wconf 89' lang='lat' dir='ltr'>id</span> <span class='ocrx_word' id='word_1_408' title='bbox 179 2945 268 2985; x_wconf 89' lang='lat' dir='ltr'>quod</span> <span class='ocrx_word' id='word_1_409' title='bbox 284 2945 371 2976; x_wconf 86' lang='lat' dir='ltr'>ultra</span> <span class='ocrx_word' id='word_1_410' title='bbox 387 2954 487 2985; x_wconf 83' lang='lat' dir='ltr'>quam</span> <span class='ocrx_word' id='word_1_411' title='bbox 510 2945 669 2977; x_wconf 84' lang='lat' dir='ltr'>credibile</span> <span class='ocrx_word' id='word_1_412' title='bbox 692 2949 745 2977; x_wconf 90' lang='lat' dir='ltr'>est</span> <span class='ocrx_word' id='word_1_413' title='bbox 768 2946 923 2987; x_wconf 87' lang='lat' dir='ltr'>ineptum</span> 
     </span>
     <span class='ocr_line' id='line_1_57' title="bbox 26 2989 923 3031; baseline 0.004 -9"><span class='ocrx_word' id='word_1_414' title='bbox 26 2996 37 3009; x_wconf 83' lang='lat'>·&#39;</span> <span class='ocrx_word' id='word_1_415' title='bbox 60 3013 68 3022; x_wconf 95' lang='lat'>.</span> <span class='ocrx_word' id='word_1_416' title='bbox 95 2991 208 3031; x_wconf 85' lang='lat' dir='ltr'>Longe</span> <span class='ocrx_word' id='word_1_417' title='bbox 223 2992 349 3023; x_wconf 79' lang='lat' dir='ltr'>rectius</span> <span class='ocrx_word' id='word_1_418' title='bbox 362 2992 446 3023; x_wconf 83' lang='lat' dir='ltr'>alter</span> <span class='ocrx_word' id='word_1_419' title='bbox 462 2992 586 3024; x_wconf 77' lang='lat' dir='ltr'>schoL:</span> <span class='ocrx_word' id='word_1_420' title='bbox 615 2989 690 3025; x_wconf 83' lang='grc' dir='ltr'>ἀντὶ</span> <span class='ocrx_word' id='word_1_421' title='bbox 713 2994 773 3026; x_wconf 85' lang='grc' dir='ltr'>τοῦ</span> <span class='ocrx_word' id='word_1_422' title='bbox 797 2990 923 3027; x_wconf 80' lang='grc' dir='ltr'>λίθινον</span> 
     </span>
     <span class='ocr_line' id='line_1_58' title="bbox 17 3035 924 3084; baseline 0.001 -14"><span class='ocrx_word' id='word_1_423' title='bbox 17 3048 43 3074; x_wconf 58' lang='lat'>,⁸</span> <span class='ocrx_word' id='word_1_424' title='bbox 56 3035 145 3082; x_wconf 70' lang='grc' dir='ltr'>ηρὸν</span> <span class='ocrx_word' id='word_1_425' title='bbox 161 3035 300 3084; x_wconf 88' lang='grc' dir='ltr'>χαλινὸν</span> <span class='ocrx_word' id='word_1_426' title='bbox 319 3038 429 3084; x_wconf 78' lang='grc' dir='ltr'>σαυτῇ</span> <span class='ocrx_word' id='word_1_427' title='bbox 446 3036 654 3082; x_wconf 83' lang='grc' dir='ltr'>ἐμβαλοῦσα.</span> <span class='ocrx_word' id='word_1_428' title='bbox 687 3039 803 3071; x_wconf 76' lang='lat' dir='ltr'>Herm.</span> <span class='ocrx_word' id='word_1_429' title='bbox 823 3040 924 3071; x_wconf 85' lang='lat' dir='ltr'>vertit</span> 
     </span>
     <span class='ocr_line' id='line_1_59' title="bbox 22 3083 925 3126; baseline 0.002 -10"><span class='ocrx_word' id='word_1_430' title='bbox 22 3099 55 3117; x_wconf 59' lang='grc' dir='ltr'>,μ</span> <span class='ocrx_word' id='word_1_431' title='bbox 79 3084 228 3117; x_wconf 64' lang='lat' dir='ltr'>exhibeas</span> <span class='ocrx_word' id='word_1_432' title='bbox 243 3093 397 3116; x_wconf 70' lang='lat' dir='ltr'>saxorum</span> <span class='ocrx_word' id='word_1_433' title='bbox 413 3085 558 3126; x_wconf 68' lang='lat' dir='ltr'>fremam.</span> <span class='ocrx_word' id='word_1_434' title='bbox 599 3085 735 3117; x_wconf 82' lang='lat' dir='ltr'>Clarum</span> <span class='ocrx_word' id='word_1_435' title='bbox 751 3089 823 3126; x_wconf 85' lang='lat' dir='ltr'>est,</span> <span class='ocrx_word' id='word_1_436' title='bbox 851 3087 925 3118; x_wconf 83' lang='lat' dir='ltr'>ani-</span> 
     </span>
     <span class='ocr_line' id='line_1_60' title="bbox 19 3129 925 3179; baseline 0.001 -16"><span class='ocrx_word' id='word_1_437' title='bbox 19 3134 128 3179; x_wconf 11' lang='lat' dir='ltr'>,aqam</span> <span class='ocrx_word' id='word_1_438' title='bbox 151 3131 234 3164; x_wconf 85' lang='lat' dir='ltr'>dura</span> <span class='ocrx_word' id='word_1_439' title='bbox 257 3140 450 3172; x_wconf 78' lang='lat' dir='ltr'>perpessam</span> <span class='ocrx_word' id='word_1_440' title='bbox 471 3129 624 3177; x_wconf 77' lang='grc' dir='ltr'>(σκληρὰ</span> <span class='ocrx_word' id='word_1_441' title='bbox 644 3129 759 3178; x_wconf 80' lang='grc' dir='ltr'>ψυχή)</span> <span class='ocrx_word' id='word_1_442' title='bbox 781 3135 821 3164; x_wconf 91' lang='lat' dir='ltr'>ut</span> <span class='ocrx_word' id='word_1_443' title='bbox 844 3133 925 3164; x_wconf 88' lang='lat' dir='ltr'>ulti-</span> 
     </span>
     <span class='ocr_line' id='line_1_61' title="bbox 76 3178 923 3220; baseline 0.003 -11.798"><span class='ocrx_word' id='word_1_444' title='bbox 76 3186 133 3208; x_wconf 88' lang='lat' dir='ltr'>m</span> <span class='ocrx_word' id='word_1_445' title='bbox 148 3178 239 3210; x_wconf 81' lang='lat' dir='ltr'>vitae</span> <span class='ocrx_word' id='word_1_446' title='bbox 265 3179 350 3210; x_wconf 80' lang='lat' dir='ltr'>ferat</span> <span class='ocrx_word' id='word_1_447' title='bbox 371 3179 536 3219; x_wconf 82' lang='lat' dir='ltr'>laborem,</span> <span class='ocrx_word' id='word_1_448' title='bbox 574 3188 650 3210; x_wconf 90' lang='lat' dir='ltr'>cum</span> <span class='ocrx_word' id='word_1_449' title='bbox 679 3188 765 3220; x_wconf 86' lang='lat' dir='ltr'>equo</span> <span class='ocrx_word' id='word_1_450' title='bbox 797 3181 923 3220; x_wconf 83' lang='lat' dir='ltr'>asperis</span> 
     </span>
     <span class='ocr_line' id='line_1_62' title="bbox 30 3222 924 3271; baseline 0.002 -14.98"><span class='ocrx_word' id='word_1_451' title='bbox 30 3225 221 3270; x_wconf 52' lang='lat' dir='ltr'>,exercito</span> <span class='ocrx_word' id='word_1_452' title='bbox 253 3226 445 3266; x_wconf 70' lang='lat' dir='ltr'>comparari.</span> <span class='ocrx_word' id='word_1_453' title='bbox 490 3222 691 3271; x_wconf 82' lang='grc' dir='ltr'>παρέχουσα</span> <span class='ocrx_word' id='word_1_454' title='bbox 717 3229 771 3257; x_wconf 84' lang='lat' dir='ltr'>est</span> <span class='ocrx_word' id='word_1_455' title='bbox 797 3224 924 3271; x_wconf 76' lang='grc' dir='ltr'>σεαυτῇ</span> 
     </span>
     <span class='ocr_line' id='line_1_63' title="bbox 16 3269 924 3319; baseline 0.003 -17"><span class='ocrx_word' id='word_1_456' title='bbox 16 3270 51 3310; x_wconf 58' lang='lat'>¹]</span> <span class='ocrx_word' id='word_1_457' title='bbox 103 3288 109 3297; x_wconf 61' lang='grc' dir='ltr'>ι</span> <span class='ocrx_word' id='word_1_458' title='bbox 147 3271 186 3302; x_wconf 81' lang='lat' dir='ltr'>id</span> <span class='ocrx_word' id='word_1_459' title='bbox 202 3275 254 3303; x_wconf 87' lang='lat' dir='ltr'>est</span> <span class='ocrx_word' id='word_1_460' title='bbox 270 3269 422 3305; x_wconf 69' lang='grc' dir='ltr'>δακοῦσα</span> <span class='ocrx_word' id='word_1_461' title='bbox 436 3269 480 3304; x_wconf 87' lang='grc' dir='ltr'>τὰ</span> <span class='ocrx_word' id='word_1_462' title='bbox 497 3269 636 3316; x_wconf 68' lang='grc' dir='ltr'>στόμιαι</span> <span class='ocrx_word' id='word_1_463' title='bbox 665 3269 818 3319; x_wconf 78' lang='grc' dir='ltr'>χάλυβος</span> <span class='ocrx_word' id='word_1_464' title='bbox 844 3271 924 3306; x_wconf 84' lang='grc' dir='ltr'>στό-</span> 
     </span>
     <span class='ocr_line' id='line_1_64' title="bbox 16 3318 921 3359; baseline 0.001 -9"><span class='ocrx_word' id='word_1_465' title='bbox 16 3349 20 3359; x_wconf 67' lang='lat'>‚</span> <span class='ocrx_word' id='word_1_466' title='bbox 93 3332 109 3344; x_wconf 89' lang='lat'>-·</span> <span class='ocrx_word' id='word_1_467' title='bbox 134 3326 188 3350; x_wconf 70' lang='lat' dir='ltr'>m</span> <span class='ocrx_word' id='word_1_468' title='bbox 204 3318 381 3359; x_wconf 75' lang='lat' dir='ltr'>significat,</span> <span class='ocrx_word' id='word_1_469' title='bbox 401 3319 498 3350; x_wconf 88' lang='lat' dir='ltr'>cuius</span> <span class='ocrx_word' id='word_1_470' title='bbox 514 3318 653 3350; x_wconf 80' lang='lat' dir='ltr'>duritiei</span> <span class='ocrx_word' id='word_1_471' title='bbox 676 3319 848 3359; x_wconf 78' lang='lat' dir='ltr'>augendae</span> <span class='ocrx_word' id='word_1_472' title='bbox 865 3320 921 3351; x_wconf 87' lang='lat' dir='ltr'>in-</span> 
     </span>
     <span class='ocr_line' id='line_1_65' title="bbox 18 3362 923 3411; baseline 0.003 -16"><span class='ocrx_word' id='word_1_473' title='bbox 18 3365 116 3407; x_wconf 40' lang='lat'>[5⁹⁴²</span> <span class='ocrx_word' id='word_1_474' title='bbox 141 3373 325 3406; x_wconf 78' lang='lat' dir='ltr'>compages.</span> <span class='ocrx_word' id='word_1_475' title='bbox 353 3365 456 3397; x_wconf 73' lang='lat' dir='ltr'>Poeta</span> <span class='ocrx_word' id='word_1_476' title='bbox 478 3362 616 3411; x_wconf 83' lang='grc' dir='ltr'>χάλυβοι</span> <span class='ocrx_word' id='word_1_477' title='bbox 633 3369 668 3397; x_wconf 74' lang='lat' dir='ltr'>et</span> <span class='ocrx_word' id='word_1_478' title='bbox 682 3363 802 3404; x_wconf 69' lang='grc' dir='ltr'>λίθους</span> <span class='ocrx_word' id='word_1_479' title='bbox 826 3376 923 3408; x_wconf 81' lang='lat' dir='ltr'>aspe-</span> 
     </span>
     <span class='ocr_line' id='line_1_66' title="bbox 17 3411 921 3456; baseline 0 -11"><span class='ocrx_word' id='word_1_480' title='bbox 17 3438 51 3456; x_wconf 51' lang='grc'>,,</span> <span class='ocrx_word' id='word_1_481' title='bbox 86 3427 88 3433; x_wconf 67' lang='lat'>&gt;</span> <span class='ocrx_word' id='word_1_482' title='bbox 124 3425 127 3438; x_wconf 68' lang='grc' dir='ltr'>ι</span> <span class='ocrx_word' id='word_1_483' title='bbox 160 3411 260 3443; x_wconf 83' lang='lat' dir='ltr'>ndae</span> <span class='ocrx_word' id='word_1_484' title='bbox 275 3421 374 3444; x_wconf 78' lang='lat' dir='ltr'>causa</span> <span class='ocrx_word' id='word_1_485' title='bbox 390 3421 592 3454; x_wconf 81' lang='lat' dir='ltr'>componens</span> <span class='ocrx_word' id='word_1_486' title='bbox 616 3421 699 3444; x_wconf 86' lang='lat' dir='ltr'>num</span> <span class='ocrx_word' id='word_1_487' title='bbox 719 3422 759 3444; x_wconf 86' lang='lat' dir='ltr'>-re</span> <span class='ocrx_word' id='word_1_488' title='bbox 783 3423 862 3445; x_wconf 80' lang='lat' dir='ltr'>vera</span> <span class='ocrx_word' id='word_1_489' title='bbox 885 3414 921 3445; x_wconf 83' lang='lat' dir='ltr'>in</span> 
     </span>
    </p>
   </div>
   <div class='ocr_carea' id='block_1_8' title="bbox 0 1769 172 3600">
    <p class='ocr_par' dir='ltr' id='par_1_8' title="bbox 0 1769 172 3600">
     <span class='ocr_line' id='line_1_67' title="bbox 0 1769 39 1995; baseline 0 -54"><span class='ocrx_word' id='word_1_490' title='bbox 0 1769 39 1995; x_wconf 95' lang='lat' dir='ltr'>     </span> 
     </span>
     <span class='ocr_line' id='line_1_68' title="bbox 0 1995 31 2187; baseline 0 -49"><span class='ocrx_word' id='word_1_491' title='bbox 0 1995 31 2187; x_wconf 95' lang='lat' dir='ltr'>   </span> 
     </span>
     <span class='ocr_line' id='line_1_69' title="bbox 0 2187 53 2327; baseline 0 -95"><span class='ocrx_word' id='word_1_492' title='bbox 0 2187 53 2327; x_wconf 95' lang='lat' dir='ltr'>    </span> 
     </span>
     <span class='ocr_line' id='line_1_70' title="bbox 0 2327 31 2594; baseline 0.097 -63"><span class='ocrx_word' id='word_1_493' title='bbox 0 2327 31 2594; x_wconf 95' lang='lat' dir='ltr'>     </span> 
     </span>
     <span class='ocr_line' id='line_1_71' title="bbox 0 2594 19 2691; baseline 0 909"><span class='ocrx_word' id='word_1_494' title='bbox 0 2594 19 2691; x_wconf 95' lang='lat' dir='ltr'> </span> 
     </span>
     <span class='ocr_line' id='line_1_72' title="bbox 0 2691 26 2826; baseline 0 0"><span class='ocrx_word' id='word_1_495' title='bbox 0 2691 26 2826; x_wconf 95' lang='lat' dir='ltr'>  </span> 
     </span>
     <span class='ocr_line' id='line_1_73' title="bbox 0 2826 59 3008; baseline 0 -138"><span class='ocrx_word' id='word_1_496' title='bbox 0 2826 59 3008; x_wconf 95' lang='lat' dir='ltr'>    </span> 
     </span>
     <span class='ocr_line' id='line_1_74' title="bbox 0 3008 60 3052; baseline 0 548"><span class='ocrx_word' id='word_1_497' title='bbox 0 3008 60 3052; x_wconf 95' lang='lat' dir='ltr'> </span> 
     </span>
     <span class='ocr_line' id='line_1_75' title="bbox 0 3052 82 3294; baseline 0.012 -93"><span class='ocrx_word' id='word_1_498' title='bbox 0 3052 82 3294; x_wconf 95' lang='lat' dir='ltr'>      </span> 
     </span>
     <span class='ocr_line' id='line_1_76' title="bbox 0 3294 172 3600; baseline 0 0"><span class='ocrx_word' id='word_1_499' title='bbox 0 3294 172 3600; x_wconf 95' lang='lat' dir='ltr'>    </span> 
     </span>
    </p>
   </div>
   <div class='ocr_carea' id='block_1_9' title="bbox 695 144 1176 217">
    <p class='ocr_par' dir='ltr' id='par_1_9' title="bbox 695 144 1176 217">
     <span class='ocr_line' id='line_1_77' title="bbox 695 144 1176 217; baseline -0.002 -21"><span class='ocrx_word' id='word_1_500' title='bbox 695 144 905 217; x_wconf 86' lang='grc' dir='ltr'>Λίβυσσα</span> <span class='ocrx_word' id='word_1_501' title='bbox 933 175 996 183; x_wconf 89' lang='grc'><strong>-</strong></span> <span class='ocrx_word' id='word_1_502' title='bbox 1024 144 1176 214; x_wconf 85' lang='grc' dir='ltr'>Λίμνη</span> 
     </span>
    </p>
   </div>
   <div class='ocr_carea' id='block_1_10' title="bbox 1872 150 1972 198">
    <p class='ocr_par' dir='ltr' id='par_1_10' title="bbox 1872 150 1972 198">
     <span class='ocr_line' id='line_1_78' title="bbox 1872 150 1972 198; baseline 0.01 -1"><span class='ocrx_word' id='word_1_503' title='bbox 1872 150 1972 198; x_wconf 83' lang='grc'><strong>415</strong></span> 
     </span>
    </p>
   </div>
   <div class='ocr_carea' id='block_1_11' title="bbox 959 264 1973 352">
    <p class='ocr_par' dir='ltr' id='par_1_11' title="bbox 959 264 1973 352">
     <span class='ocr_line' id='line_1_79' title="bbox 959 264 1973 306; baseline 0.001 -10"><span class='ocrx_word' id='word_1_504' title='bbox 959 265 1065 296; x_wconf 81' lang='lat' dir='ltr'>frenis</span> <span class='ocrx_word' id='word_1_505' title='bbox 1083 264 1156 296; x_wconf 82' lang='lat' dir='ltr'>fleri</span> <span class='ocrx_word' id='word_1_506' title='bbox 1173 264 1256 295; x_wconf 88' lang='lat' dir='ltr'>illud</span> <span class='ocrx_word' id='word_1_507' title='bbox 1275 264 1391 304; x_wconf 79' lang='lat' dir='ltr'>soleat,</span> <span class='ocrx_word' id='word_1_508' title='bbox 1413 265 1554 296; x_wconf 89' lang='lat' dir='ltr'>minime</span> <span class='ocrx_word' id='word_1_509' title='bbox 1578 268 1682 297; x_wconf 85' lang='lat' dir='ltr'>curat.</span> <span class='ocrx_word' id='word_1_510' title='bbox 1724 265 1816 297; x_wconf 87' lang='lat' dir='ltr'>Nihil</span> <span class='ocrx_word' id='word_1_511' title='bbox 1833 265 1887 297; x_wconf 90' lang='lat' dir='ltr'>hic</span> <span class='ocrx_word' id='word_1_512' title='bbox 1903 267 1973 306; x_wconf 86' lang='lat' dir='ltr'>egit</span> 
     </span>
     <span class='ocr_line' id='line_1_80' title="bbox 961 308 1540 352; baseline -0.002 -8"><span class='ocrx_word' id='word_1_513' title='bbox 961 311 997 344; x_wconf 88' lang='lat' dir='ltr'>G.</span> <span class='ocrx_word' id='word_1_514' title='bbox 1020 311 1183 343; x_wconf 78' lang='lat' dir='ltr'>Matthiae</span> <span class='ocrx_word' id='word_1_515' title='bbox 1202 321 1259 352; x_wconf 88' lang='lat' dir='ltr'>qu.</span> <span class='ocrx_word' id='word_1_516' title='bbox 1281 310 1383 352; x_wconf 89' lang='lat' dir='ltr'>Soph.</span> <span class='ocrx_word' id='word_1_517' title='bbox 1404 320 1437 352; x_wconf 89' lang='lat' dir='ltr'>p.</span> <span class='ocrx_word' id='word_1_518' title='bbox 1462 308 1540 343; x_wconf 78' lang='lat'>104.</span> 
     </span>
    </p>
   </div>
   <div class='ocr_carea' id='block_1_12' title="bbox 958 365 1974 552">
    <p class='ocr_par' dir='ltr' id='par_1_12' title="bbox 958 365 1974 552">
     <span class='ocr_line' id='line_1_81' title="bbox 1029 365 1970 412; baseline 0.001 -9"><span class='ocrx_word' id='word_1_519' title='bbox 1029 365 1059 403; x_wconf 88' lang='grc' dir='ltr'>Α</span> <span class='ocrx_word' id='word_1_520' title='bbox 1069 368 1084 402; x_wconf 83' lang='grc' dir='ltr'>ἵ</span> <span class='ocrx_word' id='word_1_521' title='bbox 1093 367 1116 404; x_wconf 86' lang='grc' dir='ltr'>θ</span> <span class='ocrx_word' id='word_1_522' title='bbox 1127 367 1145 402; x_wconf 92' lang='grc' dir='ltr'>ό</span> <span class='ocrx_word' id='word_1_523' title='bbox 1155 366 1176 402; x_wconf 95' lang='grc' dir='ltr'>λ</span> <span class='ocrx_word' id='word_1_524' title='bbox 1185 380 1201 402; x_wconf 93' lang='grc' dir='ltr'>ε</span> <span class='ocrx_word' id='word_1_525' title='bbox 1210 379 1230 402; x_wconf 92' lang='grc' dir='ltr'>υ</span> <span class='ocrx_word' id='word_1_526' title='bbox 1241 379 1259 401; x_wconf 90' lang='grc' dir='ltr'>σ</span> <span class='ocrx_word' id='word_1_527' title='bbox 1267 381 1287 402; x_wconf 87' lang='grc' dir='ltr'>τ</span> <span class='ocrx_word' id='word_1_528' title='bbox 1297 380 1316 403; x_wconf 93' lang='grc' dir='ltr'>ο</span> <span class='ocrx_word' id='word_1_529' title='bbox 1328 380 1343 406; x_wconf 87' lang='grc' dir='ltr'>ς</span> <span class='ocrx_word' id='word_1_530' title='bbox 1385 370 1534 407; x_wconf 73' lang='lat' dir='ltr'>lapidum</span> <span class='ocrx_word' id='word_1_531' title='bbox 1583 372 1782 403; x_wconf 63' lang='lat' dir='ltr'>coniectione</span> <span class='ocrx_word' id='word_1_532' title='bbox 1824 371 1970 412; x_wconf 74' lang='lat' dir='ltr'>effectus.</span> 
     </span>
     <span class='ocr_line' id='line_1_82' title="bbox 959 409 1974 463; baseline 0.002 -13"><span class='ocrx_word' id='word_1_533' title='bbox 959 414 1160 462; x_wconf 83' lang='grc' dir='ltr'>πεφόβημαι</span> <span class='ocrx_word' id='word_1_534' title='bbox 1178 413 1399 450; x_wconf 78' lang='grc' dir='ltr'>λιθόλευστον</span> <span class='ocrx_word' id='word_1_535' title='bbox 1411 409 1458 451; x_wconf 73' lang='grc' dir='ltr'>Ἀ</span> <span class='ocrx_word' id='word_1_536' title='bbox 1481 428 1505 463; x_wconf 91' lang='grc' dir='ltr'>η</span> <span class='ocrx_word' id='word_1_537' title='bbox 1525 418 1577 449; x_wconf 83' lang='lat' dir='ltr'>Ai.</span> <span class='ocrx_word' id='word_1_538' title='bbox 1598 414 1669 449; x_wconf 84' lang='lat'>254</span> <span class='ocrx_word' id='word_1_539' title='bbox 1685 418 1738 449; x_wconf 88' lang='lat' dir='ltr'>ch.</span> <span class='ocrx_word' id='word_1_540' title='bbox 1755 443 1763 458; x_wconf 89' lang='lat'>‚</span> <span class='ocrx_word' id='word_1_541' title='bbox 1792 419 1815 449; x_wconf 90' lang='lat' dir='ltr'>i.</span> <span class='ocrx_word' id='word_1_542' title='bbox 1847 428 1876 450; x_wconf 88' lang='lat' dir='ltr'>e.</span> <span class='ocrx_word' id='word_1_543' title='bbox 1907 416 1974 452; x_wconf 83' lang='grc' dir='ltr'>θά-</span> 
     </span>
     <span class='ocr_line' id='line_1_83' title="bbox 958 427 1970 511; baseline -0.001 -14"><span class='ocrx_word' id='word_1_544' title='bbox 958 475 1059 498; x_wconf 85' lang='grc' dir='ltr'>νατον</span> <span class='ocrx_word' id='word_1_545' title='bbox 1076 460 1249 508; x_wconf 83' lang='grc' dir='ltr'>λεύσιμον,</span> <span class='ocrx_word' id='word_1_546' title='bbox 1271 464 1343 496; x_wconf 80' lang='lat' dir='ltr'>sive</span> <span class='ocrx_word' id='word_1_547' title='bbox 1362 427 1569 510; x_wconf 58' lang='grc' dir='ltr'>λιθόβλητον</span> <span class='ocrx_word' id='word_1_548' title='bbox 1588 462 1704 511; x_wconf 80' lang='grc' dir='ltr'>φόνον,</span> <span class='ocrx_word' id='word_1_549' title='bbox 1724 470 1763 496; x_wconf 89' lang='lat' dir='ltr'>ut</span> <span class='ocrx_word' id='word_1_550' title='bbox 1780 465 1882 497; x_wconf 88' lang='lat' dir='ltr'>schol.</span> <span class='ocrx_word' id='word_1_551' title='bbox 1900 466 1970 497; x_wconf 88' lang='lat' dir='ltr'>Pal.</span> 
     </span>
     <span class='ocr_line' id='line_1_84' title="bbox 960 513 1212 552; baseline -0.004 -9"><span class='ocrx_word' id='word_1_552' title='bbox 960 513 1212 552; x_wconf 86' lang='lat' dir='ltr'>interpretatur.</span> 
     </span>
    </p>
   </div>
   <div class='ocr_carea' id='block_1_13' title="bbox 959 562 1974 839">
    <p class='ocr_par' dir='ltr' id='par_1_13' title="bbox 959 562 1974 839">
     <span class='ocr_line' id='line_1_85' title="bbox 1029 562 1974 618; baseline 0.003 -16"><span class='ocrx_word' id='word_1_553' title='bbox 1029 562 1084 602; x_wconf 74' lang='lat' dir='ltr'>Al‘</span> <span class='ocrx_word' id='word_1_554' title='bbox 1098 567 1148 603; x_wconf 85' lang='grc' dir='ltr'>θο</span> <span class='ocrx_word' id='word_1_555' title='bbox 1159 580 1174 606; x_wconf 88' lang='grc' dir='ltr'>ς</span> <span class='ocrx_word' id='word_1_556' title='bbox 1192 571 1289 610; x_wconf 77' lang='lat' dir='ltr'>lapis.</span> <span class='ocrx_word' id='word_1_557' title='bbox 1312 571 1349 601; x_wconf 85' lang='lat' dir='ltr'>In</span> <span class='ocrx_word' id='word_1_558' title='bbox 1360 571 1534 612; x_wconf 87' lang='lat' dir='ltr'>proverbio</span> <span class='ocrx_word' id='word_1_559' title='bbox 1552 569 1588 604; x_wconf 85' lang='grc' dir='ltr'>ἐν</span> <span class='ocrx_word' id='word_1_560' title='bbox 1604 568 1705 603; x_wconf 81' lang='grc' dir='ltr'>παντὶ</span> <span class='ocrx_word' id='word_1_561' title='bbox 1721 569 1790 617; x_wconf 82' lang='grc' dir='ltr'>γάρ</span> <span class='ocrx_word' id='word_1_562' title='bbox 1806 582 1859 604; x_wconf 90' lang='grc' dir='ltr'>τοι</span> <span class='ocrx_word' id='word_1_563' title='bbox 1870 581 1974 618; x_wconf 90' lang='grc' dir='ltr'>σκορ-</span> 
     </span>
     <span class='ocr_line' id='line_1_86' title="bbox 959 614 1970 663; baseline 0 -13"><span class='ocrx_word' id='word_1_564' title='bbox 959 615 1036 654; x_wconf 87' lang='grc' dir='ltr'>πίος</span> <span class='ocrx_word' id='word_1_565' title='bbox 1081 619 1198 663; x_wconf 86' lang='grc' dir='ltr'>ρουρεῖ</span> <span class='ocrx_word' id='word_1_566' title='bbox 1213 614 1301 651; x_wconf 75' lang='grc' dir='ltr'>λίθω</span> <span class='ocrx_word' id='word_1_567' title='bbox 1320 617 1416 658; x_wconf 80' lang='lat' dir='ltr'>Capt.</span> <span class='ocrx_word' id='word_1_568' title='bbox 1439 618 1479 649; x_wconf 84' lang='lat' dir='ltr'>fr.</span> <span class='ocrx_word' id='word_1_569' title='bbox 1503 615 1559 649; x_wconf 78' lang='lat'>35.</span> <span class='ocrx_word' id='word_1_570' title='bbox 1599 615 1715 651; x_wconf 80' lang='grc' dir='ltr'>λευκῶ</span> <span class='ocrx_word' id='word_1_571' title='bbox 1738 615 1829 651; x_wconf 85' lang='grc' dir='ltr'>λίθω</span> <span class='ocrx_word' id='word_1_572' title='bbox 1856 619 1970 650; x_wconf 86' lang='lat' dir='ltr'>Cedal.</span> 
     </span>
     <span class='ocr_line' id='line_1_87' title="bbox 959 627 1972 706; baseline 0.001 -10"><span class='ocrx_word' id='word_1_573' title='bbox 959 662 1038 703; x_wconf 87' lang='grc'>307,</span> <span class='ocrx_word' id='word_1_574' title='bbox 1053 627 1093 696; x_wconf 47' lang='grc' dir='ltr'>ἶ.</span> <span class='ocrx_word' id='word_1_575' title='bbox 1123 660 1251 697; x_wconf 82' lang='grc' dir='ltr'>Λυδίαν</span> <span class='ocrx_word' id='word_1_576' title='bbox 1268 650 1365 698; x_wconf 65' lang='grc' dir='ltr'>λ’ίθον</span> <span class='ocrx_word' id='word_1_577' title='bbox 1383 669 1573 705; x_wconf 80' lang='lat' dir='ltr'>magnetem</span> <span class='ocrx_word' id='word_1_578' title='bbox 1592 651 1736 706; x_wconf 69' lang='lat' dir='ltr'>lapidem</span> <span class='ocrx_word' id='word_1_579' title='bbox 1756 667 1796 697; x_wconf 76' lang='lat' dir='ltr'>fr.</span> <span class='ocrx_word' id='word_1_580' title='bbox 1812 651 1882 697; x_wconf 65' lang='lat' dir='ltr'>inc.</span> <span class='ocrx_word' id='word_1_581' title='bbox 1903 664 1972 697; x_wconf 67' lang='grc'>886</span> 
     </span>
     <span class='ocr_line' id='line_1_88' title="bbox 960 706 1974 758; baseline 0.001 -15"><span class='ocrx_word' id='word_1_582' title='bbox 960 723 991 745; x_wconf 88' lang='lat' dir='ltr'>v.</span> <span class='ocrx_word' id='word_1_583' title='bbox 1012 706 1227 758; x_wconf 79' lang='grc' dir='ltr'>Ἡράκλειος.</span> <span class='ocrx_word' id='word_1_584' title='bbox 1274 712 1324 742; x_wconf 85' lang='lat' dir='ltr'>De</span> <span class='ocrx_word' id='word_1_585' title='bbox 1356 716 1496 743; x_wconf 70' lang='lat' dir='ltr'>accentu</span> <span class='ocrx_word' id='word_1_586' title='bbox 1529 713 1661 751; x_wconf 88' lang='lat' dir='ltr'>generis</span> <span class='ocrx_word' id='word_1_587' title='bbox 1685 714 1763 743; x_wconf 79' lang='lat' dir='ltr'>Arc.</span> <span class='ocrx_word' id='word_1_588' title='bbox 1800 723 1834 754; x_wconf 90' lang='lat' dir='ltr'>p.</span> <span class='ocrx_word' id='word_1_589' title='bbox 1863 710 1921 752; x_wconf 81' lang='lat'>49,</span> <span class='ocrx_word' id='word_1_590' title='bbox 1951 711 1974 743; x_wconf 72' lang='grc'>8</span> 
     </span>
     <span class='ocr_line' id='line_1_89' title="bbox 959 756 1972 805; baseline 0.002 -14"><span class='ocrx_word' id='word_1_591' title='bbox 959 758 1189 791; x_wconf 87' lang='lat' dir='ltr'>emendandus</span> <span class='ocrx_word' id='word_1_592' title='bbox 1202 783 1210 799; x_wconf 90' lang='lat'><strong>,</strong></span> <span class='ocrx_word' id='word_1_593' title='bbox 1238 762 1278 790; x_wconf 92' lang='lat' dir='ltr'>ut</span> <span class='ocrx_word' id='word_1_594' title='bbox 1295 756 1591 805; x_wconf 79' lang='grc' dir='ltr'>παροξύνεται</span> <span class='ocrx_word' id='word_1_595' title='bbox 1616 760 1779 791; x_wconf 81' lang='lat' dir='ltr'>scribatur</span> <span class='ocrx_word' id='word_1_596' title='bbox 1801 769 1859 800; x_wconf 93' lang='lat' dir='ltr'>pro</span> <span class='ocrx_word' id='word_1_597' title='bbox 1894 757 1972 800; x_wconf 76' lang='grc' dir='ltr'>ὀξύ-</span> 
     </span>
     <span class='ocr_line' id='line_1_90' title="bbox 960 817 1064 839; baseline 0 0"><span class='ocrx_word' id='word_1_598' title='bbox 960 817 1064 839; x_wconf 89' lang='grc' dir='ltr'>νεται.</span> 
     </span>
    </p>
   </div>
   <div class='ocr_carea' id='block_1_14' title="bbox 960 859 1972 1094">
    <p class='ocr_par' dir='ltr' id='par_1_14' title="bbox 960 859 1972 1094">
     <span class='ocr_line' id='line_1_91' title="bbox 1029 859 1969 911; baseline 0.001 -13"><span class='ocrx_word' id='word_1_599' title='bbox 1029 859 1296 908; x_wconf 77' lang='grc' dir='ltr'>Λιθοσπᾶδή</span> <span class='ocrx_word' id='word_1_600' title='bbox 1310 875 1325 901; x_wconf 89' lang='grc' dir='ltr'>ς</span> <span class='ocrx_word' id='word_1_601' title='bbox 1351 865 1470 895; x_wconf 73' lang='lat' dir='ltr'>evulsis</span> <span class='ocrx_word' id='word_1_602' title='bbox 1492 866 1578 896; x_wconf 71' lang='lat' dir='ltr'>saxis</span> <span class='ocrx_word' id='word_1_603' title='bbox 1601 863 1722 904; x_wconf 76' lang='lat' dir='ltr'>sactus.</span> <span class='ocrx_word' id='word_1_604' title='bbox 1768 863 1877 911; x_wconf 85' lang='grc' dir='ltr'>ἁρμὸν</span> <span class='ocrx_word' id='word_1_605' title='bbox 1893 866 1969 911; x_wconf 79' lang='grc' dir='ltr'>χώ·</span> 
     </span>
     <span class='ocr_line' id='line_1_92' title="bbox 960 908 1972 957; baseline 0.001 -12"><span class='ocrx_word' id='word_1_606' title='bbox 960 923 1067 957; x_wconf 84' lang='grc' dir='ltr'>ματος</span> <span class='ocrx_word' id='word_1_607' title='bbox 1083 908 1278 957; x_wconf 80' lang='grc' dir='ltr'>λιθοσπαδῆ</span> <span class='ocrx_word' id='word_1_608' title='bbox 1297 908 1412 948; x_wconf 83' lang='grc' dir='ltr'>δύντες</span> <span class='ocrx_word' id='word_1_609' title='bbox 1429 912 1510 943; x_wconf 76' lang='lat' dir='ltr'>Ant.</span> <span class='ocrx_word' id='word_1_610' title='bbox 1535 908 1635 944; x_wconf 85' lang='lat'>1216.</span> <span class='ocrx_word' id='word_1_611' title='bbox 1680 912 1787 944; x_wconf 85' lang='lat' dir='ltr'>Schol.</span> <span class='ocrx_word' id='word_1_612' title='bbox 1809 912 1856 950; x_wconf 78' lang='grc' dir='ltr'>ὡς</span> <span class='ocrx_word' id='word_1_613' title='bbox 1874 910 1972 946; x_wconf 87' lang='grc' dir='ltr'>λίθου</span> 
     </span>
     <span class='ocr_line' id='line_1_93' title="bbox 960 956 1970 1004; baseline 0.002 -12"><span class='ocrx_word' id='word_1_614' title='bbox 960 956 1262 998; x_wconf 78' lang='grc' dir='ltr'>ἀποσπασθέντας,</span> <span class='ocrx_word' id='word_1_615' title='bbox 1299 956 1393 996; x_wconf 70' lang='grc' dir='ltr'>ὅπως</span> <span class='ocrx_word' id='word_1_616' title='bbox 1417 956 1559 1004; x_wconf 80' lang='grc' dir='ltr'>εἰσέλθῃ</span> <span class='ocrx_word' id='word_1_617' title='bbox 1592 957 1734 1002; x_wconf 83' lang='lat' dir='ltr'>(rectius</span> <span class='ocrx_word' id='word_1_618' title='bbox 1760 958 1927 1003; x_wconf 81' lang='grc' dir='ltr'>εἰσέλθοι)</span> <span class='ocrx_word' id='word_1_619' title='bbox 1952 959 1970 994; x_wconf 88' lang='grc' dir='ltr'>ὁ</span> 
     </span>
     <span class='ocr_line' id='line_1_94' title="bbox 961 1002 1972 1052; baseline -0.001 -12"><span class='ocrx_word' id='word_1_620' title='bbox 961 1003 1095 1052; x_wconf 76' lang='grc' dir='ltr'>Αἵμων.</span> <span class='ocrx_word' id='word_1_621' title='bbox 1123 1002 1146 1050; x_wconf 87' lang='grc' dir='ltr'>ἢ</span> <span class='ocrx_word' id='word_1_622' title='bbox 1180 1003 1281 1050; x_wconf 79' lang='grc' dir='ltr'>ὑμεῖς</span> <span class='ocrx_word' id='word_1_623' title='bbox 1314 1003 1574 1043; x_wconf 80' lang='grc' dir='ltr'>ἀποσπάσαντες</span> <span class='ocrx_word' id='word_1_624' title='bbox 1607 1003 1793 1052; x_wconf 88' lang='grc' dir='ltr'>ἀθρήσατε.</span> <span class='ocrx_word' id='word_1_625' title='bbox 1839 1007 1972 1040; x_wconf 83' lang='lat' dir='ltr'>Falsum</span> 
     </span>
     <span class='ocr_line' id='line_1_95' title="bbox 960 1053 1283 1094; baseline -0.006 -9"><span class='ocrx_word' id='word_1_626' title='bbox 960 1054 1032 1094; x_wconf 86' lang='lat' dir='ltr'>hoc,</span> <span class='ocrx_word' id='word_1_627' title='bbox 1053 1053 1136 1085; x_wconf 90' lang='lat' dir='ltr'>illud</span> <span class='ocrx_word' id='word_1_628' title='bbox 1155 1062 1283 1084; x_wconf 88' lang='lat' dir='ltr'>verum.</span> 
     </span>
    </p>
   </div>
   <div class='ocr_carea' id='block_1_15' title="bbox 960 1108 1974 1251">
    <p class='ocr_par' dir='ltr' id='par_1_15' title="bbox 960 1108 1974 1251">
     <span class='ocr_line' id='line_1_96' title="bbox 1031 1108 1974 1158; baseline 0.001 -13"><span class='ocrx_word' id='word_1_629' title='bbox 1031 1108 1344 1157; x_wconf 87' lang='grc' dir='ltr'>Λιθόστρωτος</span> <span class='ocrx_word' id='word_1_630' title='bbox 1370 1111 1534 1152; x_wconf 75' lang='lat' dir='ltr'>lapidibus</span> <span class='ocrx_word' id='word_1_631' title='bbox 1567 1115 1763 1144; x_wconf 61' lang='lat' dir='ltr'>constratus.</span> <span class='ocrx_word' id='word_1_632' title='bbox 1808 1111 1894 1158; x_wconf 84' lang='grc' dir='ltr'>πρὸς</span> <span class='ocrx_word' id='word_1_633' title='bbox 1919 1111 1974 1146; x_wconf 90' lang='grc' dir='ltr'>λι-</span> 
     </span>
     <span class='ocr_line' id='line_1_97' title="bbox 960 1151 1974 1205; baseline 0 -12"><span class='ocrx_word' id='word_1_634' title='bbox 960 1156 1155 1205; x_wconf 85' lang='grc' dir='ltr'>θόστρωτον</span> <span class='ocrx_word' id='word_1_635' title='bbox 1180 1157 1222 1192; x_wconf 83' lang='grc' dir='ltr'>κό</span> <span class='ocrx_word' id='word_1_636' title='bbox 1246 1169 1289 1204; x_wconf 90' lang='grc' dir='ltr'>ης</span> <span class='ocrx_word' id='word_1_637' title='bbox 1312 1161 1478 1205; x_wconf 79' lang='grc' dir='ltr'>νυμφεῖον</span> <span class='ocrx_word' id='word_1_638' title='bbox 1491 1151 1613 1193; x_wconf 59' lang='grc' dir='ltr'>’Ἀιδου</span> <span class='ocrx_word' id='word_1_639' title='bbox 1637 1157 1758 1194; x_wconf 88' lang='grc' dir='ltr'>κοῖλον</span> <span class='ocrx_word' id='word_1_640' title='bbox 1785 1157 1974 1205; x_wconf 86' lang='grc' dir='ltr'>εἰσεβαίνο-</span> 
     </span>
     <span class='ocr_line' id='line_1_98' title="bbox 961 1203 1518 1251; baseline -0.004 -11"><span class='ocrx_word' id='word_1_641' title='bbox 961 1217 1024 1251; x_wconf 88' lang='grc' dir='ltr'>μεν</span> <span class='ocrx_word' id='word_1_642' title='bbox 1041 1208 1122 1238; x_wconf 85' lang='lat' dir='ltr'>Ant.</span> <span class='ocrx_word' id='word_1_643' title='bbox 1147 1203 1213 1238; x_wconf 87' lang='grc'><strong>120</strong></span> <span class='ocrx_word' id='word_1_644' title='bbox 1259 1203 1295 1249; x_wconf 89' lang='grc' dir='ltr'>(ο</span> <span class='ocrx_word' id='word_1_645' title='bbox 1315 1211 1352 1238; x_wconf 91' lang='lat' dir='ltr'>ut</span> <span class='ocrx_word' id='word_1_646' title='bbox 1370 1207 1404 1237; x_wconf 91' lang='lat' dir='ltr'>in</span> <span class='ocrx_word' id='word_1_647' title='bbox 1424 1205 1518 1250; x_wconf 84' lang='lat' dir='ltr'>arsi).</span> 
     </span>
    </p>
   </div>
   <div class='ocr_carea' id='block_1_16' title="bbox 959 1255 1976 3202">
    <p class='ocr_par' dir='ltr' id='par_1_16' title="bbox 959 1255 1976 2111">
     <span class='ocr_line' id='line_1_99' title="bbox 1033 1255 1974 1306; baseline 0.001 -9"><span class='ocrx_word' id='word_1_648' title='bbox 1033 1255 1198 1298; x_wconf 66' lang='grc' dir='ltr'>Λῖκνον</span> <span class='ocrx_word' id='word_1_649' title='bbox 1231 1262 1598 1298; x_wconf 47' lang='lat' dir='ltr'>vannarfissrcffvoov</span> <span class='ocrx_word' id='word_1_650' title='bbox 1624 1265 1768 1306; x_wconf 84' lang='lat' dir='ltr'>Hesych.</span> <span class='ocrx_word' id='word_1_651' title='bbox 1798 1266 1909 1298; x_wconf 90' lang='lat' dir='ltr'>Photii</span> <span class='ocrx_word' id='word_1_652' title='bbox 1939 1270 1974 1298; x_wconf 89' lang='lat' dir='ltr'>et</span> 
     </span>
     <span class='ocr_line' id='line_1_100' title="bbox 964 1310 1969 1358; baseline 0.002 -14"><span class='ocrx_word' id='word_1_653' title='bbox 964 1311 1087 1344; x_wconf 84' lang='lat' dir='ltr'>Suidae</span> <span class='ocrx_word' id='word_1_654' title='bbox 1106 1313 1403 1353; x_wconf 72' lang='lat' dir='ltr'>interpretationes</span> <span class='ocrx_word' id='word_1_655' title='bbox 1419 1311 1578 1346; x_wconf 88' lang='grc' dir='ltr'>κόσκινον</span> <span class='ocrx_word' id='word_1_656' title='bbox 1597 1310 1675 1358; x_wconf 83' lang='grc' dir='ltr'>ἤτοι</span> <span class='ocrx_word' id='word_1_657' title='bbox 1691 1311 1796 1346; x_wconf 83' lang='grc' dir='ltr'>πτύον</span> <span class='ocrx_word' id='word_1_658' title='bbox 1814 1314 1857 1344; x_wconf 81' lang='lat' dir='ltr'>ad</span> <span class='ocrx_word' id='word_1_659' title='bbox 1868 1314 1969 1354; x_wconf 88' lang='lat' dir='ltr'>Soph.</span> 
     </span>
     <span class='ocr_line' id='line_1_101' title="bbox 961 1359 1974 1399; baseline 0.001 -8"><span class='ocrx_word' id='word_1_660' title='bbox 961 1369 1028 1391; x_wconf 93' lang='lat' dir='ltr'>non</span> <span class='ocrx_word' id='word_1_661' title='bbox 1046 1360 1185 1391; x_wconf 88' lang='lat' dir='ltr'>faciunt.</span> <span class='ocrx_word' id='word_1_662' title='bbox 1224 1359 1443 1399; x_wconf 75' lang='lat' dir='ltr'>significatur</span> <span class='ocrx_word' id='word_1_663' title='bbox 1469 1370 1600 1392; x_wconf 91' lang='lat' dir='ltr'>vannus</span> <span class='ocrx_word' id='word_1_664' title='bbox 1632 1361 1782 1392; x_wconf 85' lang='lat' dir='ltr'>serendis</span> <span class='ocrx_word' id='word_1_665' title='bbox 1806 1370 1974 1392; x_wconf 80' lang='lat' dir='ltr'>sacrorum</span> 
     </span>
     <span class='ocr_line' id='line_1_102' title="bbox 962 1401 1975 1454; baseline 0.004 -17"><span class='ocrx_word' id='word_1_666' title='bbox 962 1407 1179 1438; x_wconf 87' lang='lat' dir='ltr'>utensilibus.</span> <span class='ocrx_word' id='word_1_667' title='bbox 1218 1403 1253 1439; x_wconf 82' lang='grc' dir='ltr'>οἳ</span> <span class='ocrx_word' id='word_1_668' title='bbox 1270 1401 1438 1453; x_wconf 79' lang='grc' dir='ltr'>Ἐργάνην</span> <span class='ocrx_word' id='word_1_669' title='bbox 1463 1409 1600 1444; x_wconf 86' lang='grc' dir='ltr'>στατοῖς</span> <span class='ocrx_word' id='word_1_670' title='bbox 1633 1404 1775 1441; x_wconf 84' lang='grc' dir='ltr'>λίκνοισι</span> <span class='ocrx_word' id='word_1_671' title='bbox 1807 1407 1975 1454; x_wconf 67' lang='grc' dir='ltr'>προστρέ·</span> 
     </span>
     <span class='ocr_line' id='line_1_103' title="bbox 960 1450 1970 1496; baseline 0.002 -10"><span class='ocrx_word' id='word_1_672' title='bbox 960 1450 1067 1486; x_wconf 89' lang='grc' dir='ltr'>πεσθε</span> <span class='ocrx_word' id='word_1_673' title='bbox 1084 1455 1126 1486; x_wconf 78' lang='lat' dir='ltr'>fr.</span> <span class='ocrx_word' id='word_1_674' title='bbox 1147 1454 1214 1485; x_wconf 87' lang='lat' dir='ltr'>inc.</span> <span class='ocrx_word' id='word_1_675' title='bbox 1236 1450 1324 1494; x_wconf 82' lang='lat'><strong>724,</strong></span> <span class='ocrx_word' id='word_1_676' title='bbox 1351 1450 1383 1485; x_wconf 88' lang='grc'>3.</span> <span class='ocrx_word' id='word_1_677' title='bbox 1422 1455 1578 1496; x_wconf 80' lang='lat' dir='ltr'>Explicat</span> <span class='ocrx_word' id='word_1_678' title='bbox 1599 1455 1771 1494; x_wconf 86' lang='lat' dir='ltr'>Wyttenb.</span> <span class='ocrx_word' id='word_1_679' title='bbox 1811 1456 1854 1487; x_wconf 84' lang='lat' dir='ltr'>ad</span> <span class='ocrx_word' id='word_1_680' title='bbox 1880 1455 1970 1488; x_wconf 90' lang='lat' dir='ltr'>Plut.</span> 
     </span>
     <span class='ocr_line' id='line_1_104' title="bbox 960 1497 1976 1544; baseline 0.001 -11"><span class='ocrx_word' id='word_1_681' title='bbox 960 1501 1000 1533; x_wconf 89' lang='lat' dir='ltr'>de</span> <span class='ocrx_word' id='word_1_682' title='bbox 1019 1502 1154 1533; x_wconf 85' lang='lat' dir='ltr'>fortuna</span> <span class='ocrx_word' id='word_1_683' title='bbox 1175 1511 1209 1542; x_wconf 88' lang='lat' dir='ltr'>p.</span> <span class='ocrx_word' id='word_1_684' title='bbox 1232 1497 1276 1532; x_wconf 88' lang='lat'>99</span> <span class='ocrx_word' id='word_1_685' title='bbox 1293 1511 1330 1540; x_wconf 84' lang='lat' dir='ltr'>a,</span> <span class='ocrx_word' id='word_1_686' title='bbox 1353 1501 1511 1542; x_wconf 88' lang='lat' dir='ltr'>inprimis</span> <span class='ocrx_word' id='word_1_687' title='bbox 1543 1511 1587 1533; x_wconf 80' lang='lat' dir='ltr'>ex</span> <span class='ocrx_word' id='word_1_688' title='bbox 1610 1502 1797 1543; x_wconf 87' lang='lat' dir='ltr'>llesychio,</span> <span class='ocrx_word' id='word_1_689' title='bbox 1828 1504 1887 1544; x_wconf 89' lang='lat' dir='ltr'>qui</span> <span class='ocrx_word' id='word_1_690' title='bbox 1928 1503 1976 1534; x_wconf 79' lang='lat' dir='ltr'>ait</span> 
     </span>
     <span class='ocr_line' id='line_1_105' title="bbox 959 1545 1976 1594; baseline 0.003 -15"><span class='ocrx_word' id='word_1_691' title='bbox 959 1558 991 1579; x_wconf 82' lang='lat' dir='ltr'>v.</span> <span class='ocrx_word' id='word_1_692' title='bbox 1041 1545 1206 1581; x_wconf 89' lang='grc' dir='ltr'>λείκνοισι</span> <span class='ocrx_word' id='word_1_693' title='bbox 1252 1546 1522 1594; x_wconf 74' lang='grc' dir='ltr'>προτρέπεσθαιε</span> <span class='ocrx_word' id='word_1_694' title='bbox 1575 1546 1697 1582; x_wconf 86' lang='grc' dir='ltr'>λεῖκνα</span> <span class='ocrx_word' id='word_1_695' title='bbox 1735 1547 1815 1592; x_wconf 84' lang='lat' dir='ltr'>(scr.</span> <span class='ocrx_word' id='word_1_696' title='bbox 1858 1547 1976 1593; x_wconf 87' lang='grc' dir='ltr'>λίκνα)</span> 
     </span>
     <span class='ocr_line' id='line_1_106' title="bbox 962 1591 1975 1642; baseline 0.002 -14"><span class='ocrx_word' id='word_1_697' title='bbox 962 1593 1112 1632; x_wconf 75' lang='grc' dir='ltr'>ἱστάντες</span> <span class='ocrx_word' id='word_1_698' title='bbox 1134 1591 1370 1640; x_wconf 85' lang='grc' dir='ltr'>προσάγεσθε·</span> <span class='ocrx_word' id='word_1_699' title='bbox 1398 1592 1421 1628; x_wconf 84' lang='grc' dir='ltr'>ἅ</span> <span class='ocrx_word' id='word_1_700' title='bbox 1447 1594 1516 1629; x_wconf 83' lang='grc' dir='ltr'>ἐστι</span> <span class='ocrx_word' id='word_1_701' title='bbox 1540 1597 1641 1635; x_wconf 84' lang='grc' dir='ltr'>κανᾶ,</span> <span class='ocrx_word' id='word_1_702' title='bbox 1670 1593 1724 1641; x_wconf 79' lang='grc' dir='ltr'>ἐφ’</span> <span class='ocrx_word' id='word_1_703' title='bbox 1749 1594 1800 1634; x_wconf 84' lang='grc' dir='ltr'>οἷς</span> <span class='ocrx_word' id='word_1_704' title='bbox 1825 1594 1869 1629; x_wconf 79' lang='grc' dir='ltr'>τὰ</span> <span class='ocrx_word' id='word_1_705' title='bbox 1892 1594 1975 1642; x_wconf 82' lang='grc' dir='ltr'>λήια</span> 
     </span>
     <span class='ocr_line' id='line_1_107' title="bbox 961 1639 1970 1689; baseline 0.001 -13"><span class='ocrx_word' id='word_1_706' title='bbox 961 1639 1150 1683; x_wconf 86' lang='grc' dir='ltr'>ἐπετίθετο,</span> <span class='ocrx_word' id='word_1_707' title='bbox 1163 1639 1251 1688; x_wconf 82' lang='grc' dir='ltr'>ἅπερ</span> <span class='ocrx_word' id='word_1_708' title='bbox 1260 1639 1325 1674; x_wconf 77' lang='grc' dir='ltr'>εἰσὶ</span> <span class='ocrx_word' id='word_1_709' title='bbox 1343 1641 1469 1688; x_wconf 87' lang='grc' dir='ltr'>καρποὶ</span> <span class='ocrx_word' id='word_1_710' title='bbox 1486 1641 1620 1689; x_wconf 89' lang='grc' dir='ltr'>πύρινοι</span> <span class='ocrx_word' id='word_1_711' title='bbox 1630 1640 1763 1687; x_wconf 80' lang='lat' dir='ltr'>[eadem</span> <span class='ocrx_word' id='word_1_712' title='bbox 1776 1655 1807 1675; x_wconf 83' lang='grc' dir='ltr'>ν.</span> <span class='ocrx_word' id='word_1_713' title='bbox 1822 1641 1970 1688; x_wconf 84' lang='grc' dir='ltr'>λεῖκνα].</span> 
     </span>
     <span class='ocr_line' id='line_1_108' title="bbox 961 1689 1974 1732; baseline 0.004 -11"><span class='ocrx_word' id='word_1_714' title='bbox 961 1691 1104 1722; x_wconf 84' lang='lat' dir='ltr'>Dubitat</span> <span class='ocrx_word' id='word_1_715' title='bbox 1121 1694 1234 1721; x_wconf 88' lang='lat' dir='ltr'>tamen</span> <span class='ocrx_word' id='word_1_716' title='bbox 1266 1689 1438 1729; x_wconf 86' lang='lat' dir='ltr'>Wyttenb.</span> <span class='ocrx_word' id='word_1_717' title='bbox 1476 1691 1518 1722; x_wconf 89' lang='lat' dir='ltr'>de</span> <span class='ocrx_word' id='word_1_718' title='bbox 1551 1690 1751 1732; x_wconf 82' lang='lat' dir='ltr'>explicando</span> <span class='ocrx_word' id='word_1_719' title='bbox 1785 1701 1890 1724; x_wconf 88' lang='grc' dir='ltr'>στατ</span> <span class='ocrx_word' id='word_1_720' title='bbox 1906 1693 1974 1728; x_wconf 84' lang='grc' dir='ltr'>οἷς</span> 
     </span>
     <span class='ocr_line' id='line_1_109' title="bbox 960 1734 1976 1784; baseline 0.001 -14"><span class='ocrx_word' id='word_1_721' title='bbox 960 1734 1103 1777; x_wconf 80' lang='grc' dir='ltr'>λίκνοις,</span> <span class='ocrx_word' id='word_1_722' title='bbox 1132 1738 1316 1768; x_wconf 67' lang='lat' dir='ltr'>consumtis</span> <span class='ocrx_word' id='word_1_723' title='bbox 1342 1738 1473 1769; x_wconf 88' lang='lat' dir='ltr'>vannis.</span> <span class='ocrx_word' id='word_1_724' title='bbox 1518 1737 1603 1769; x_wconf 78' lang='lat' dir='ltr'>Cum</span> <span class='ocrx_word' id='word_1_725' title='bbox 1629 1736 1904 1784; x_wconf 83' lang='grc' dir='ltr'>προστρέπεσθαι</span> <span class='ocrx_word' id='word_1_726' title='bbox 1930 1740 1976 1770; x_wconf 85' lang='lat' dir='ltr'>sit</span> 
     </span>
     <span class='ocr_line' id='line_1_110' title="bbox 960 1783 1976 1825; baseline 0.002 -10"><span class='ocrx_word' id='word_1_727' title='bbox 960 1783 1110 1824; x_wconf 73' lang='lat' dir='ltr'>adorare,</span> <span class='ocrx_word' id='word_1_728' title='bbox 1140 1784 1264 1823; x_wconf 84' lang='lat' dir='ltr'>cogitet</span> <span class='ocrx_word' id='word_1_729' title='bbox 1296 1785 1374 1824; x_wconf 88' lang='lat' dir='ltr'>quis</span> <span class='ocrx_word' id='word_1_730' title='bbox 1399 1785 1440 1816; x_wconf 89' lang='lat' dir='ltr'>de</span> <span class='ocrx_word' id='word_1_731' title='bbox 1462 1786 1581 1825; x_wconf 73' lang='lat' dir='ltr'>positis</span> <span class='ocrx_word' id='word_1_732' title='bbox 1604 1786 1751 1817; x_wconf 62' lang='lat' dir='ltr'>canals:</span> <span class='ocrx_word' id='word_1_733' title='bbox 1786 1786 1908 1817; x_wconf 86' lang='lat' dir='ltr'>melius</span> <span class='ocrx_word' id='word_1_734' title='bbox 1940 1787 1976 1817; x_wconf 83' lang='lat' dir='ltr'>in</span> 
     </span>
     <span class='ocr_line' id='line_1_111' title="bbox 960 1831 1973 1874; baseline 0.002 -12"><span class='ocrx_word' id='word_1_735' title='bbox 960 1834 1060 1871; x_wconf 78' lang='lat' dir='ltr'>caput</span> <span class='ocrx_word' id='word_1_736' title='bbox 1077 1831 1214 1863; x_wconf 74' lang='lat' dir='ltr'>sublatis</span> <span class='ocrx_word' id='word_1_737' title='bbox 1227 1833 1439 1872; x_wconf 66' lang='lat' dir='ltr'>portamque,</span> <span class='ocrx_word' id='word_1_738' title='bbox 1452 1833 1511 1872; x_wconf 91' lang='lat' dir='ltr'>qui</span> <span class='ocrx_word' id='word_1_739' title='bbox 1529 1841 1599 1864; x_wconf 88' lang='lat' dir='ltr'>mos</span> <span class='ocrx_word' id='word_1_740' title='bbox 1617 1836 1687 1863; x_wconf 84' lang='lat' dir='ltr'>erat</span> <span class='ocrx_word' id='word_1_741' title='bbox 1703 1833 1862 1874; x_wconf 88' lang='lat' dir='ltr'>inprimis</span> <span class='ocrx_word' id='word_1_742' title='bbox 1872 1842 1973 1864; x_wconf 81' lang='lat' dir='ltr'>cane-</span> 
     </span>
     <span class='ocr_line' id='line_1_112' title="bbox 962 1877 1971 1920; baseline 0.003 -11"><span class='ocrx_word' id='word_1_743' title='bbox 962 1879 1151 1920; x_wconf 88' lang='lat' dir='ltr'>phororum.</span> <span class='ocrx_word' id='word_1_744' title='bbox 1181 1877 1233 1910; x_wconf 79' lang='lat' dir='ltr'>Cf.</span> <span class='ocrx_word' id='word_1_745' title='bbox 1255 1877 1437 1919; x_wconf 87' lang='lat' dir='ltr'>Spanhem.</span> <span class='ocrx_word' id='word_1_746' title='bbox 1466 1879 1508 1910; x_wconf 78' lang='lat' dir='ltr'>ad</span> <span class='ocrx_word' id='word_1_747' title='bbox 1526 1878 1656 1911; x_wconf 86' lang='lat' dir='ltr'>Gallim.</span> <span class='ocrx_word' id='word_1_748' title='bbox 1686 1879 1800 1919; x_wconf 87' lang='lat' dir='ltr'>hymn.</span> <span class='ocrx_word' id='word_1_749' title='bbox 1822 1881 1892 1911; x_wconf 82' lang='lat' dir='ltr'>Iov.</span> <span class='ocrx_word' id='word_1_750' title='bbox 1913 1877 1971 1912; x_wconf 83' lang='lat'>48.</span> 
     </span>
     <span class='ocr_line' id='line_1_113' title="bbox 964 1923 1972 1968; baseline 0.002 -12"><span class='ocrx_word' id='word_1_751' title='bbox 964 1943 1004 1948; x_wconf 89' lang='lat'>—</span> <span class='ocrx_word' id='word_1_752' title='bbox 1025 1926 1097 1957; x_wconf 88' lang='lat' dir='ltr'>Non</span> <span class='ocrx_word' id='word_1_753' title='bbox 1115 1928 1198 1966; x_wconf 87' lang='lat' dir='ltr'>puto</span> <span class='ocrx_word' id='word_1_754' title='bbox 1215 1929 1305 1957; x_wconf 85' lang='lat' dir='ltr'>recte</span> <span class='ocrx_word' id='word_1_755' title='bbox 1319 1926 1419 1957; x_wconf 84' lang='lat' dir='ltr'>scribi</span> <span class='ocrx_word' id='word_1_756' title='bbox 1437 1923 1592 1967; x_wconf 83' lang='grc' dir='ltr'>λεῖκνον,</span> <span class='ocrx_word' id='word_1_757' title='bbox 1615 1936 1729 1968; x_wconf 91' lang='lat' dir='ltr'>neque</span> <span class='ocrx_word' id='word_1_758' title='bbox 1745 1930 1885 1959; x_wconf 86' lang='lat' dir='ltr'>accentu</span> <span class='ocrx_word' id='word_1_759' title='bbox 1909 1936 1972 1959; x_wconf 90' lang='lat' dir='ltr'>ne-</span> 
     </span>
     <span class='ocr_line' id='line_1_114' title="bbox 962 1972 1974 2015; baseline 0.003 -12"><span class='ocrx_word' id='word_1_760' title='bbox 962 1982 1028 2014; x_wconf 90' lang='lat' dir='ltr'>que</span> <span class='ocrx_word' id='word_1_761' title='bbox 1046 1972 1252 2014; x_wconf 83' lang='lat' dir='ltr'>diphthongo</span> <span class='ocrx_word' id='word_1_762' title='bbox 1269 1976 1390 2014; x_wconf 82' lang='lat' dir='ltr'>tenus,</span> <span class='ocrx_word' id='word_1_763' title='bbox 1417 1982 1479 2005; x_wconf 88' lang='lat' dir='ltr'>nec</span> <span class='ocrx_word' id='word_1_764' title='bbox 1503 1973 1621 2005; x_wconf 86' lang='lat' dir='ltr'>dubito</span> <span class='ocrx_word' id='word_1_765' title='bbox 1644 1974 1774 2006; x_wconf 84' lang='lat' dir='ltr'>Atticos</span> <span class='ocrx_word' id='word_1_766' title='bbox 1798 1978 1912 2015; x_wconf 83' lang='lat' dir='ltr'>poetas</span> <span class='ocrx_word' id='word_1_767' title='bbox 1938 1976 1974 2006; x_wconf 92' lang='lat' dir='ltr'>in</span> 
     </span>
     <span class='ocr_line' id='line_1_115' title="bbox 962 2020 1974 2062; baseline 0.002 -11"><span class='ocrx_word' id='word_1_768' title='bbox 962 2020 1052 2051; x_wconf 87' lang='lat' dir='ltr'>thesi</span> <span class='ocrx_word' id='word_1_769' title='bbox 1067 2021 1224 2060; x_wconf 78' lang='lat' dir='ltr'>brevem,</span> <span class='ocrx_word' id='word_1_770' title='bbox 1255 2020 1290 2051; x_wconf 91' lang='lat' dir='ltr'>in</span> <span class='ocrx_word' id='word_1_771' title='bbox 1307 2020 1373 2052; x_wconf 87' lang='lat' dir='ltr'>arsi</span> <span class='ocrx_word' id='word_1_772' title='bbox 1391 2021 1522 2060; x_wconf 87' lang='lat' dir='ltr'>longam</span> <span class='ocrx_word' id='word_1_773' title='bbox 1547 2029 1621 2052; x_wconf 89' lang='lat' dir='ltr'>esse</span> <span class='ocrx_word' id='word_1_774' title='bbox 1645 2022 1788 2062; x_wconf 85' lang='lat' dir='ltr'>primam</span> <span class='ocrx_word' id='word_1_775' title='bbox 1813 2022 1974 2061; x_wconf 85' lang='lat' dir='ltr'>syllabam</span> 
     </span>
     <span class='ocr_line' id='line_1_116' title="bbox 962 2065 1975 2111; baseline 0.002 -13"><span class='ocrx_word' id='word_1_776' title='bbox 962 2067 1122 2098; x_wconf 86' lang='lat' dir='ltr'>voluisse.</span> <span class='ocrx_word' id='word_1_777' title='bbox 1712 2066 1762 2111; x_wconf 85' lang='grc' dir='ltr'>(ΙΙ</span> <span class='ocrx_word' id='word_1_778' title='bbox 1786 2078 1821 2109; x_wconf 96' lang='lat' dir='ltr'>p.</span> <span class='ocrx_word' id='word_1_779' title='bbox 1841 2065 1899 2109; x_wconf 88' lang='lat'>30,</span> <span class='ocrx_word' id='word_1_780' title='bbox 1920 2066 1975 2111; x_wconf 85' lang='lat'>2.)</span> 
     </span>
    </p>

    <p class='ocr_par' dir='ltr' id='par_1_17' title="bbox 959 2121 1976 3202">
     <span class='ocr_line' id='line_1_117' title="bbox 1032 2121 1974 2170; baseline 0.002 -12"><span class='ocrx_word' id='word_1_781' title='bbox 1032 2121 1325 2169; x_wconf 66' lang='grc' dir='ltr'>Λῖμήνροτίυεε</span> <span class='ocrx_word' id='word_1_782' title='bbox 1359 2125 1495 2166; x_wconf 88' lang='lat' dir='ltr'>Proprie</span> <span class='ocrx_word' id='word_1_783' title='bbox 1513 2126 1661 2158; x_wconf 88' lang='lat' dir='ltr'>dictum:</span> <span class='ocrx_word' id='word_1_784' title='bbox 1697 2126 1726 2160; x_wconf 86' lang='grc' dir='ltr'>ὦ</span> <span class='ocrx_word' id='word_1_785' title='bbox 1759 2124 1913 2170; x_wconf 79' lang='grc' dir='ltr'>λιμένες,</span> <span class='ocrx_word' id='word_1_786' title='bbox 1945 2126 1974 2160; x_wconf 84' lang='grc' dir='ltr'>ὦ</span> 
     </span>
     <span class='ocr_line' id='line_1_118' title="bbox 963 2168 1971 2217; baseline 0.001 -12"><span class='ocrx_word' id='word_1_787' title='bbox 963 2169 1156 2217; x_wconf 83' lang='grc' dir='ltr'>προβλῆτες</span> <span class='ocrx_word' id='word_1_788' title='bbox 1173 2172 1234 2204; x_wconf 89' lang='lat' dir='ltr'>Ph.</span> <span class='ocrx_word' id='word_1_789' title='bbox 1256 2168 1336 2205; x_wconf 86' lang='grc'><strong>936.</strong></span> <span class='ocrx_word' id='word_1_790' title='bbox 1388 2173 1478 2205; x_wconf 91' lang='lat' dir='ltr'>Hinc</span> <span class='ocrx_word' id='word_1_791' title='bbox 1497 2173 1539 2204; x_wconf 86' lang='lat' dir='ltr'>ad</span> <span class='ocrx_word' id='word_1_792' title='bbox 1564 2175 1636 2205; x_wconf 84' lang='lat' dir='ltr'>loca</span> <span class='ocrx_word' id='word_1_793' title='bbox 1659 2175 1775 2214; x_wconf 71' lang='lat' dir='ltr'>varia,</span> <span class='ocrx_word' id='word_1_794' title='bbox 1802 2175 1971 2215; x_wconf 81' lang='lat' dir='ltr'>inprimis,</span> 
     </span>
     <span class='ocr_line' id='line_1_119' title="bbox 964 2219 1972 2261; baseline 0.003 -11"><span class='ocrx_word' id='word_1_795' title='bbox 964 2224 1003 2251; x_wconf 94' lang='lat' dir='ltr'>ut</span> <span class='ocrx_word' id='word_1_796' title='bbox 1026 2219 1178 2260; x_wconf 87' lang='lat' dir='ltr'>videtur,</span> <span class='ocrx_word' id='word_1_797' title='bbox 1214 2221 1328 2251; x_wconf 70' lang='lat' dir='ltr'>clausa</span> <span class='ocrx_word' id='word_1_798' title='bbox 1352 2221 1475 2251; x_wconf 78' lang='lat' dir='ltr'>circum</span> <span class='ocrx_word' id='word_1_799' title='bbox 1499 2225 1534 2252; x_wconf 90' lang='lat' dir='ltr'>et</span> <span class='ocrx_word' id='word_1_800' title='bbox 1550 2231 1572 2252; x_wconf 85' lang='lat' dir='ltr'>a</span> <span class='ocrx_word' id='word_1_801' title='bbox 1597 2222 1812 2253; x_wconf 71' lang='lat' dir='ltr'>circumiectis</span> <span class='ocrx_word' id='word_1_802' title='bbox 1833 2223 1972 2261; x_wconf 67' lang='lat' dir='ltr'>seposita</span> 
     </span>
     <span class='ocr_line' id='line_1_120' title="bbox 963 2263 1970 2313; baseline 0.004 -16"><span class='ocrx_word' id='word_1_803' title='bbox 963 2267 1174 2298; x_wconf 80' lang='lat' dir='ltr'>transfertur.</span> <span class='ocrx_word' id='word_1_804' title='bbox 1213 2263 1297 2310; x_wconf 87' lang='grc' dir='ltr'>βοῆς</span> <span class='ocrx_word' id='word_1_805' title='bbox 1316 2264 1352 2299; x_wconf 86' lang='grc' dir='ltr'>δὲ</span> <span class='ocrx_word' id='word_1_806' title='bbox 1367 2269 1431 2311; x_wconf 82' lang='grc' dir='ltr'>τῆς</span> <span class='ocrx_word' id='word_1_807' title='bbox 1448 2269 1511 2312; x_wconf 85' lang='grc' dir='ltr'>σῆς</span> <span class='ocrx_word' id='word_1_808' title='bbox 1527 2269 1628 2305; x_wconf 88' lang='grc' dir='ltr'>ποῖος</span> <span class='ocrx_word' id='word_1_809' title='bbox 1646 2265 1711 2301; x_wconf 71' lang='grc' dir='ltr'>οὐκ</span> <span class='ocrx_word' id='word_1_810' title='bbox 1735 2266 1830 2301; x_wconf 79' lang='grc' dir='ltr'>ἔσται</span> <span class='ocrx_word' id='word_1_811' title='bbox 1852 2265 1970 2313; x_wconf 86' lang='grc' dir='ltr'>λιμήν,</span> 
     </span>
     <span class='ocr_line' id='line_1_121' title="bbox 963 2309 1976 2360; baseline 0 -14"><span class='ocrx_word' id='word_1_812' title='bbox 963 2315 1063 2350; x_wconf 89' lang='grc' dir='ltr'>ποῖος</span> <span class='ocrx_word' id='word_1_813' title='bbox 1090 2309 1266 2358; x_wconf 86' lang='grc' dir='ltr'>Κιθαιρὼν</span> <span class='ocrx_word' id='word_1_814' title='bbox 1299 2310 1377 2359; x_wconf 79' lang='grc' dir='ltr'>οὐχὶ</span> <span class='ocrx_word' id='word_1_815' title='bbox 1403 2311 1588 2360; x_wconf 85' lang='grc' dir='ltr'>σύμφωνος</span> <span class='ocrx_word' id='word_1_816' title='bbox 1613 2315 1670 2347; x_wconf 88' lang='lat' dir='ltr'>OR</span> <span class='ocrx_word' id='word_1_817' title='bbox 1702 2311 1771 2347; x_wconf 88' lang='grc'>420</span> <span class='ocrx_word' id='word_1_818' title='bbox 1811 2316 1976 2348; x_wconf 75' lang='grc' dir='ltr'>οοπυαὶιεε</span> 
     </span>
     <span class='ocr_line' id='line_1_122' title="bbox 963 2360 1974 2402; baseline 0.003 -11"><span class='ocrx_word' id='word_1_819' title='bbox 963 2362 1050 2392; x_wconf 75' lang='lat' dir='ltr'>Locos</span> <span class='ocrx_word' id='word_1_820' title='bbox 1067 2360 1110 2392; x_wconf 83' lang='lat' dir='ltr'>ad</span> <span class='ocrx_word' id='word_1_821' title='bbox 1122 2369 1232 2391; x_wconf 87' lang='lat' dir='ltr'>vocem</span> <span class='ocrx_word' id='word_1_822' title='bbox 1253 2364 1442 2392; x_wconf 73' lang='lat' dir='ltr'>resonantes</span> <span class='ocrx_word' id='word_1_823' title='bbox 1464 2361 1627 2402; x_wconf 84' lang='lat' dir='ltr'>intelligo.</span> <span class='ocrx_word' id='word_1_824' title='bbox 1670 2362 1772 2394; x_wconf 87' lang='lat' dir='ltr'>schol.</span> <span class='ocrx_word' id='word_1_825' title='bbox 1790 2373 1797 2392; x_wconf 90' lang='lat'>:</span> <span class='ocrx_word' id='word_1_826' title='bbox 1832 2361 1889 2396; x_wconf 88' lang='grc' dir='ltr'>τὸν</span> <span class='ocrx_word' id='word_1_827' title='bbox 1922 2360 1974 2395; x_wconf 86' lang='grc' dir='ltr'>λι-</span> 
     </span>
     <span class='ocr_line' id='line_1_123' title="bbox 965 2404 1973 2455; baseline 0.001 -15"><span class='ocrx_word' id='word_1_828' title='bbox 965 2405 1052 2452; x_wconf 88' lang='grc' dir='ltr'>μένα</span> <span class='ocrx_word' id='word_1_829' title='bbox 1067 2404 1202 2452; x_wconf 81' lang='grc' dir='ltr'>τίθησιν</span> <span class='ocrx_word' id='word_1_830' title='bbox 1229 2404 1283 2440; x_wconf 84' lang='grc' dir='ltr'>ἀεὶ</span> <span class='ocrx_word' id='word_1_831' title='bbox 1300 2405 1376 2440; x_wconf 86' lang='grc' dir='ltr'>ἀντὶ</span> <span class='ocrx_word' id='word_1_832' title='bbox 1391 2409 1452 2441; x_wconf 92' lang='grc' dir='ltr'>τοῦ</span> <span class='ocrx_word' id='word_1_833' title='bbox 1473 2406 1594 2442; x_wconf 88' lang='grc' dir='ltr'>τόπου.</span> <span class='ocrx_word' id='word_1_834' title='bbox 1621 2412 1794 2455; x_wconf 79' lang='grc' dir='ltr'>τροπικῶς</span> <span class='ocrx_word' id='word_1_835' title='bbox 1812 2407 1869 2449; x_wconf 84' lang='grc' dir='ltr'>δὲ,</span> <span class='ocrx_word' id='word_1_836' title='bbox 1899 2407 1973 2442; x_wconf 83' lang='grc' dir='ltr'>ἀντὶ</span> 
     </span>
     <span class='ocr_line' id='line_1_124' title="bbox 963 2449 1972 2500; baseline 0.001 -13"><span class='ocrx_word' id='word_1_837' title='bbox 963 2456 1036 2494; x_wconf 86' lang='grc' dir='ltr'>τοῦ,</span> <span class='ocrx_word' id='word_1_838' title='bbox 1056 2456 1124 2488; x_wconf 88' lang='grc' dir='ltr'>ποῦ</span> <span class='ocrx_word' id='word_1_839' title='bbox 1141 2451 1205 2487; x_wconf 81' lang='grc' dir='ltr'>οὐκ</span> <span class='ocrx_word' id='word_1_840' title='bbox 1221 2452 1344 2500; x_wconf 78' lang='grc' dir='ltr'>ἐλεύσῃ</span> <span class='ocrx_word' id='word_1_841' title='bbox 1364 2452 1467 2499; x_wconf 77' lang='grc' dir='ltr'>βοιῑιν.</span> <span class='ocrx_word' id='word_1_842' title='bbox 1500 2449 1539 2488; x_wconf 78' lang='grc' dir='ltr'>ἵν’</span> <span class='ocrx_word' id='word_1_843' title='bbox 1557 2453 1601 2499; x_wconf 84' lang='grc' dir='ltr'>ἦν</span> <span class='ocrx_word' id='word_1_844' title='bbox 1621 2467 1679 2500; x_wconf 87' lang='grc' dir='ltr'>μοι</span> <span class='ocrx_word' id='word_1_845' title='bbox 1702 2455 1828 2493; x_wconf 86' lang='grc' dir='ltr'>παντὸς</span> <span class='ocrx_word' id='word_1_846' title='bbox 1847 2453 1972 2490; x_wconf 79' lang='grc' dir='ltr'>οἰωνοῦ</span> 
     </span>
     <span class='ocr_line' id='line_1_125' title="bbox 964 2498 1970 2546; baseline 0.001 -12"><span class='ocrx_word' id='word_1_847' title='bbox 964 2499 1070 2546; x_wconf 86' lang='grc' dir='ltr'>λιμήν</span> <span class='ocrx_word' id='word_1_848' title='bbox 1089 2502 1171 2533; x_wconf 89' lang='lat' dir='ltr'>Ant.</span> <span class='ocrx_word' id='word_1_849' title='bbox 1206 2498 1296 2534; x_wconf 90' lang='lat'>1000</span> <span class='ocrx_word' id='word_1_850' title='bbox 1319 2503 1562 2542; x_wconf 78' lang='lat' dir='ltr'>receptaculum</span> <span class='ocrx_word' id='word_1_851' title='bbox 1574 2504 1670 2544; x_wconf 85' lang='lat' dir='ltr'>quasi</span> <span class='ocrx_word' id='word_1_852' title='bbox 1687 2504 1812 2544; x_wconf 85' lang='lat' dir='ltr'>avium,</span> <span class='ocrx_word' id='word_1_853' title='bbox 1826 2513 1970 2535; x_wconf 88' lang='lat' dir='ltr'>commo-</span> 
     </span>
     <span class='ocr_line' id='line_1_126' title="bbox 963 2543 1971 2595; baseline 0.004 -16"><span class='ocrx_word' id='word_1_854' title='bbox 963 2549 1026 2580; x_wconf 89' lang='lat' dir='ltr'>dus</span> <span class='ocrx_word' id='word_1_855' title='bbox 1051 2548 1093 2580; x_wconf 87' lang='lat' dir='ltr'>ad</span> <span class='ocrx_word' id='word_1_856' title='bbox 1113 2549 1355 2590; x_wconf 82' lang='lat' dir='ltr'>auspicandum</span> <span class='ocrx_word' id='word_1_857' title='bbox 1378 2549 1482 2582; x_wconf 89' lang='lat' dir='ltr'>locus.</span> <span class='ocrx_word' id='word_1_858' title='bbox 1528 2547 1569 2582; x_wconf 81' lang='grc' dir='ltr'>ἰὼ</span> <span class='ocrx_word' id='word_1_859' title='bbox 1593 2546 1830 2595; x_wconf 80' lang='grc' dir='ltr'>δυσκάθαρτος</span> <span class='ocrx_word' id='word_1_860' title='bbox 1849 2543 1971 2585; x_wconf 40' lang='grc' dir='ltr'>(Ἀιδου</span> 
     </span>
     <span class='ocr_line' id='line_1_127' title="bbox 963 2592 1972 2640; baseline 0.001 -12"><span class='ocrx_word' id='word_1_861' title='bbox 963 2593 1069 2640; x_wconf 83' lang='grc' dir='ltr'>λιμήν</span> <span class='ocrx_word' id='word_1_862' title='bbox 1090 2592 1180 2628; x_wconf 79' lang='grc'><strong>1284</strong></span> <span class='ocrx_word' id='word_1_863' title='bbox 1196 2605 1240 2627; x_wconf 88' lang='lat' dir='ltr'>m.</span> <span class='ocrx_word' id='word_1_864' title='bbox 1267 2595 1395 2635; x_wconf 87' lang='lat' dir='ltr'>Musgr.</span> <span class='ocrx_word' id='word_1_865' title='bbox 1417 2596 1460 2628; x_wconf 88' lang='lat' dir='ltr'>de</span> <span class='ocrx_word' id='word_1_866' title='bbox 1477 2597 1666 2637; x_wconf 86' lang='lat' dir='ltr'>Antigonae</span> <span class='ocrx_word' id='word_1_867' title='bbox 1689 2598 1843 2638; x_wconf 86' lang='lat' dir='ltr'>sepulcro</span> <span class='ocrx_word' id='word_1_868' title='bbox 1862 2598 1972 2640; x_wconf 85' lang='lat' dir='ltr'>lapide</span> 
     </span>
     <span class='ocr_line' id='line_1_128' title="bbox 964 2643 1972 2686; baseline 0.002 -12"><span class='ocrx_word' id='word_1_869' title='bbox 964 2646 1065 2674; x_wconf 87' lang='lat' dir='ltr'>strato</span> <span class='ocrx_word' id='word_1_870' title='bbox 1082 2643 1275 2684; x_wconf 86' lang='lat' dir='ltr'>scelereque</span> <span class='ocrx_word' id='word_1_871' title='bbox 1291 2643 1370 2674; x_wconf 86' lang='lat' dir='ltr'>inde</span> <span class='ocrx_word' id='word_1_872' title='bbox 1388 2647 1554 2676; x_wconf 81' lang='lat' dir='ltr'>contracto</span> <span class='ocrx_word' id='word_1_873' title='bbox 1571 2645 1636 2676; x_wconf 90' lang='lat' dir='ltr'>dici</span> <span class='ocrx_word' id='word_1_874' title='bbox 1654 2648 1764 2686; x_wconf 85' lang='lat' dir='ltr'>putat.</span> <span class='ocrx_word' id='word_1_875' title='bbox 1804 2644 1972 2686; x_wconf 77' lang='lat' dir='ltr'>„Portum</span> 
     </span>
     <span class='ocr_line' id='line_1_129' title="bbox 962 2689 1971 2732; baseline 0.004 -12"><span class='ocrx_word' id='word_1_876' title='bbox 962 2691 1050 2721; x_wconf 76' lang='lat' dir='ltr'>necis</span> <span class='ocrx_word' id='word_1_877' title='bbox 1075 2689 1247 2731; x_wconf 79' lang='lat' dir='ltr'>difficilem</span> <span class='ocrx_word' id='word_1_878' title='bbox 1274 2689 1319 2722; x_wconf 85' lang='lat' dir='ltr'>ad</span> <span class='ocrx_word' id='word_1_879' title='bbox 1338 2690 1553 2730; x_wconf 72' lang='lat' dir='ltr'>pmyandum</span> <span class='ocrx_word' id='word_1_880' title='bbox 1575 2692 1658 2723; x_wconf 89' lang='lat' dir='ltr'>dicit</span> <span class='ocrx_word' id='word_1_881' title='bbox 1681 2695 1819 2732; x_wconf 85' lang='lat' dir='ltr'>propter</span> <span class='ocrx_word' id='word_1_882' title='bbox 1836 2693 1971 2724; x_wconf 80' lang='lat' dir='ltr'>caedem</span> 
     </span>
     <span class='ocr_line' id='line_1_130' title="bbox 963 2737 1969 2777; baseline 0.002 -9"><span class='ocrx_word' id='word_1_883' title='bbox 963 2737 1056 2768; x_wconf 87' lang='lat' dir='ltr'>caedi</span> <span class='ocrx_word' id='word_1_884' title='bbox 1069 2737 1317 2777; x_wconf 79' lang='lat' dir='ltr'>succedentem,</span> <span class='ocrx_word' id='word_1_885' title='bbox 1338 2740 1378 2768; x_wconf 88' lang='lat' dir='ltr'>ut</span> <span class='ocrx_word' id='word_1_886' title='bbox 1393 2738 1472 2770; x_wconf 83' lang='lat' dir='ltr'>finis</span> <span class='ocrx_word' id='word_1_887' title='bbox 1491 2738 1606 2770; x_wconf 84' lang='lat' dir='ltr'>nullus</span> <span class='ocrx_word' id='word_1_888' title='bbox 1624 2739 1798 2770; x_wconf 81' lang='lat' dir='ltr'>occidendi</span> <span class='ocrx_word' id='word_1_889' title='bbox 1813 2740 1969 2771; x_wconf 81' lang='lat' dir='ltr'>invenia-</span> 
     </span>
     <span class='ocr_line' id='line_1_131' title="bbox 962 2778 1968 2831; baseline 0.005 -16"><span class='ocrx_word' id='word_1_890' title='bbox 962 2784 1061 2815; x_wconf 88' lang='lat' dir='ltr'>tur.“</span> <span class='ocrx_word' id='word_1_891' title='bbox 1088 2783 1203 2815; x_wconf 84' lang='lat' dir='ltr'>Herm.</span> <span class='ocrx_word' id='word_1_892' title='bbox 1226 2801 1268 2807; x_wconf 92' lang='lat'>—</span> <span class='ocrx_word' id='word_1_893' title='bbox 1288 2784 1522 2816; x_wconf 88' lang='lat' dir='ltr'>Audacissime</span> <span class='ocrx_word' id='word_1_894' title='bbox 1539 2785 1668 2817; x_wconf 87' lang='lat' dir='ltr'>dictum</span> <span class='ocrx_word' id='word_1_895' title='bbox 1684 2778 1712 2819; x_wconf 82' lang='grc' dir='ltr'><em>ὦ</em></span> <span class='ocrx_word' id='word_1_896' title='bbox 1727 2783 1771 2831; x_wconf 89' lang='grc' dir='ltr'>μέ</span> <span class='ocrx_word' id='word_1_897' title='bbox 1794 2797 1833 2824; x_wconf 88' lang='grc' dir='ltr'>ας</span> <span class='ocrx_word' id='word_1_898' title='bbox 1850 2783 1968 2830; x_wconf 79' lang='grc' dir='ltr'>λιμὴν,</span> 
     </span>
     <span class='ocr_line' id='line_1_132' title="bbox 960 2818 1971 2878; baseline 0.003 -15"><span class='ocrx_word' id='word_1_899' title='bbox 960 2826 1064 2867; x_wconf 75' lang='grc' dir='ltr'>αὑτὸς</span> <span class='ocrx_word' id='word_1_900' title='bbox 1088 2827 1111 2874; x_wconf 86' lang='grc' dir='ltr'>ἦ</span> <span class='ocrx_word' id='word_1_901' title='bbox 1133 2841 1232 2864; x_wconf 83' lang='grc' dir='ltr'>κεσεν</span> <span class='ocrx_word' id='word_1_902' title='bbox 1259 2829 1355 2863; x_wconf 86' lang='grc' dir='ltr'>παιδὶ</span> <span class='ocrx_word' id='word_1_903' title='bbox 1376 2829 1435 2864; x_wconf 88' lang='grc' dir='ltr'>καὶ</span> <span class='ocrx_word' id='word_1_904' title='bbox 1458 2829 1560 2878; x_wconf 85' lang='grc' dir='ltr'>πατρὶ</span> <span class='ocrx_word' id='word_1_905' title='bbox 1585 2818 1777 2878; x_wconf 68' lang='grc' dir='ltr'>θαλαμηπό</span> <span class='ocrx_word' id='word_1_906' title='bbox 1801 2845 1829 2878; x_wconf 89' lang='grc' dir='ltr'>ῳ</span> <span class='ocrx_word' id='word_1_907' title='bbox 1855 2835 1971 2866; x_wconf 88' lang='grc' dir='ltr'>πεσεῖν</span> 
     </span>
     <span class='ocr_line' id='line_1_133' title="bbox 961 2841 1969 2920; baseline 0.003 -11"><span class='ocrx_word' id='word_1_908' title='bbox 961 2877 1018 2909; x_wconf 86' lang='lat' dir='ltr'>OR</span> <span class='ocrx_word' id='word_1_909' title='bbox 1038 2841 1192 2910; x_wconf 50' lang='lat'>1205011.</span> <span class='ocrx_word' id='word_1_910' title='bbox 1220 2877 1261 2909; x_wconf 87' lang='lat' dir='ltr'>de</span> <span class='ocrx_word' id='word_1_911' title='bbox 1278 2879 1406 2910; x_wconf 87' lang='lat' dir='ltr'>Iocasta</span> <span class='ocrx_word' id='word_1_912' title='bbox 1423 2887 1483 2910; x_wconf 92' lang='lat' dir='ltr'>suo</span> <span class='ocrx_word' id='word_1_913' title='bbox 1501 2879 1569 2910; x_wconf 80' lang='lat' dir='ltr'>filio</span> <span class='ocrx_word' id='word_1_914' title='bbox 1586 2884 1694 2920; x_wconf 85' lang='lat' dir='ltr'>nupta</span> <span class='ocrx_word' id='word_1_915' title='bbox 1709 2880 1969 2920; x_wconf 84' lang='lat' dir='ltr'>intelligendum</span> 
     </span>
     <span class='ocr_line' id='line_1_134' title="bbox 960 2925 1969 2967; baseline 0.003 -12"><span class='ocrx_word' id='word_1_916' title='bbox 960 2933 1034 2956; x_wconf 85' lang='lat' dir='ltr'>esse</span> <span class='ocrx_word' id='word_1_917' title='bbox 1051 2925 1281 2956; x_wconf 83' lang='lat' dir='ltr'>manifestum.</span> <span class='ocrx_word' id='word_1_918' title='bbox 1302 2941 1350 2954; x_wconf 63' lang='lat'>-‚—-</span> <span class='ocrx_word' id='word_1_919' title='bbox 1365 2925 1395 2956; x_wconf 87' lang='lat' dir='ltr'>A</span> <span class='ocrx_word' id='word_1_920' title='bbox 1413 2926 1475 2956; x_wconf 82' lang='lat' dir='ltr'>loci</span> <span class='ocrx_word' id='word_1_921' title='bbox 1499 2927 1631 2966; x_wconf 77' lang='lat' dir='ltr'>sepositi</span> <span class='ocrx_word' id='word_1_922' title='bbox 1654 2929 1685 2958; x_wconf 81' lang='lat' dir='ltr'>et</span> <span class='ocrx_word' id='word_1_923' title='bbox 1709 2929 1773 2958; x_wconf 80' lang='lat' dir='ltr'>tuti</span> <span class='ocrx_word' id='word_1_924' title='bbox 1799 2928 1969 2967; x_wconf 84' lang='lat' dir='ltr'>significa-</span> 
     </span>
     <span class='ocr_line' id='line_1_135' title="bbox 961 2971 1970 3014; baseline 0.004 -12"><span class='ocrx_word' id='word_1_925' title='bbox 961 2972 1054 3002; x_wconf 87' lang='lat' dir='ltr'>tione</span> <span class='ocrx_word' id='word_1_926' title='bbox 1086 2971 1258 3003; x_wconf 78' lang='lat' dir='ltr'>deflexum</span> <span class='ocrx_word' id='word_1_927' title='bbox 1290 2972 1487 3004; x_wconf 86' lang='lat' dir='ltr'>vocabulum</span> <span class='ocrx_word' id='word_1_928' title='bbox 1517 2972 1668 3014; x_wconf 76' lang='lat' dir='ltr'>perfuyii</span> <span class='ocrx_word' id='word_1_929' title='bbox 1705 2975 1878 3006; x_wconf 89' lang='lat' dir='ltr'>notionem</span> <span class='ocrx_word' id='word_1_930' title='bbox 1911 2975 1970 3006; x_wconf 88' lang='lat' dir='ltr'>ad—</span> 
     </span>
     <span class='ocr_line' id='line_1_136' title="bbox 960 3014 1970 3064; baseline 0.006 -15"><span class='ocrx_word' id='word_1_931' title='bbox 960 3018 1082 3050; x_wconf 90' lang='lat' dir='ltr'>sciscit.</span> <span class='ocrx_word' id='word_1_932' title='bbox 1109 3020 1183 3055; x_wconf 84' lang='grc' dir='ltr'>τοῖς</span> <span class='ocrx_word' id='word_1_933' title='bbox 1200 3015 1358 3051; x_wconf 89' lang='grc' dir='ltr'>πολλοῖσι</span> <span class='ocrx_word' id='word_1_934' title='bbox 1375 3015 1439 3063; x_wconf 82' lang='grc' dir='ltr'>γὰρ</span> <span class='ocrx_word' id='word_1_935' title='bbox 1458 3016 1587 3064; x_wconf 82' lang='grc' dir='ltr'>βροτῶν</span> <span class='ocrx_word' id='word_1_936' title='bbox 1613 3017 1754 3058; x_wconf 84' lang='grc' dir='ltr'>ἄπιστός</span> <span class='ocrx_word' id='word_1_937' title='bbox 1780 3014 1851 3054; x_wconf 79' lang='grc' dir='ltr'>ἐσθ’</span> <span class='ocrx_word' id='word_1_938' title='bbox 1877 3018 1970 3054; x_wconf 81' lang='grc' dir='ltr'>ἑται-</span> 
     </span>
     <span class='ocr_line' id='line_1_137' title="bbox 960 3061 1967 3110; baseline 0.004 -14"><span class='ocrx_word' id='word_1_939' title='bbox 960 3061 1050 3110; x_wconf 90' lang='grc' dir='ltr'>ρείας</span> <span class='ocrx_word' id='word_1_940' title='bbox 1068 3062 1172 3109; x_wconf 86' lang='grc' dir='ltr'>λιμήν</span> <span class='ocrx_word' id='word_1_941' title='bbox 1189 3065 1244 3096; x_wconf 88' lang='lat' dir='ltr'>Ai.</span> <span class='ocrx_word' id='word_1_942' title='bbox 1266 3061 1345 3097; x_wconf 84' lang='grc'><strong>683.</strong></span> <span class='ocrx_word' id='word_1_943' title='bbox 1382 3066 1467 3097; x_wconf 89' lang='lat' dir='ltr'>Vide</span> <span class='ocrx_word' id='word_1_944' title='bbox 1491 3067 1651 3099; x_wconf 90' lang='lat' dir='ltr'>Abresch.</span> <span class='ocrx_word' id='word_1_945' title='bbox 1672 3067 1714 3099; x_wconf 86' lang='lat' dir='ltr'>ad</span> <span class='ocrx_word' id='word_1_946' title='bbox 1729 3068 1853 3099; x_wconf 90' lang='lat' dir='ltr'>Aesch.</span> <span class='ocrx_word' id='word_1_947' title='bbox 1874 3069 1967 3100; x_wconf 86' lang='lat' dir='ltr'>Pers.</span> 
     </span>
     <span class='ocr_line' id='line_1_138' title="bbox 959 3109 1970 3153; baseline 0.004 -11"><span class='ocrx_word' id='word_1_948' title='bbox 959 3115 993 3143; x_wconf 91' lang='lat' dir='ltr'>et</span> <span class='ocrx_word' id='word_1_949' title='bbox 1010 3111 1146 3143; x_wconf 87' lang='lat' dir='ltr'>Ruhnk.</span> <span class='ocrx_word' id='word_1_950' title='bbox 1166 3111 1207 3143; x_wconf 83' lang='lat' dir='ltr'>ad</span> <span class='ocrx_word' id='word_1_951' title='bbox 1224 3112 1365 3151; x_wconf 84' lang='lat' dir='ltr'>Longin.</span> <span class='ocrx_word' id='word_1_952' title='bbox 1385 3121 1420 3153; x_wconf 90' lang='lat' dir='ltr'>p.</span> <span class='ocrx_word' id='word_1_953' title='bbox 1441 3109 1522 3144; x_wconf 82' lang='lat'>274.</span> <span class='ocrx_word' id='word_1_954' title='bbox 1551 3113 1679 3146; x_wconf 87' lang='lat' dir='ltr'>Weisk.</span> <span class='ocrx_word' id='word_1_955' title='bbox 1701 3131 1742 3138; x_wconf 94' lang='lat'>—</span> <span class='ocrx_word' id='word_1_956' title='bbox 1761 3115 1812 3146; x_wconf 90' lang='lat' dir='ltr'>De</span> <span class='ocrx_word' id='word_1_957' title='bbox 1829 3119 1970 3147; x_wconf 88' lang='lat' dir='ltr'>accentu</span> 
     </span>
     <span class='ocr_line' id='line_1_139' title="bbox 959 3155 1786 3202; baseline 0.005 -13"><span class='ocrx_word' id='word_1_958' title='bbox 959 3169 991 3189; x_wconf 87' lang='lat' dir='ltr'>v.</span> <span class='ocrx_word' id='word_1_959' title='bbox 1012 3158 1134 3190; x_wconf 85' lang='lat' dir='ltr'>Herod.</span> <span class='ocrx_word' id='word_1_960' title='bbox 1156 3168 1192 3192; x_wconf 89' lang='grc' dir='ltr'>π.</span> <span class='ocrx_word' id='word_1_961' title='bbox 1215 3169 1250 3202; x_wconf 89' lang='grc' dir='ltr'>μ.</span> <span class='ocrx_word' id='word_1_962' title='bbox 1271 3155 1303 3191; x_wconf 90' lang='grc' dir='ltr'>λ.</span> <span class='ocrx_word' id='word_1_963' title='bbox 1325 3168 1359 3200; x_wconf 90' lang='lat' dir='ltr'>p.</span> <span class='ocrx_word' id='word_1_964' title='bbox 1389 3156 1444 3200; x_wconf 90' lang='grc'>17,</span> <span class='ocrx_word' id='word_1_965' title='bbox 1466 3157 1499 3192; x_wconf 88' lang='grc'>7.</span> <span class='ocrx_word' id='word_1_966' title='bbox 1521 3160 1598 3192; x_wconf 89' lang='lat' dir='ltr'>Arc.</span> <span class='ocrx_word' id='word_1_967' title='bbox 1618 3171 1653 3202; x_wconf 92' lang='lat' dir='ltr'>p.</span> <span class='ocrx_word' id='word_1_968' title='bbox 1675 3158 1707 3202; x_wconf 75' lang='lat'>9,</span> <span class='ocrx_word' id='word_1_969' title='bbox 1728 3157 1786 3193; x_wconf 85' lang='lat'>21.</span> 
     </span>
    </p>
   </div>
   <div class='ocr_carea' id='block_1_17' title="bbox 958 3222 1968 3464">
    <p class='ocr_par' dir='ltr' id='par_1_18' title="bbox 958 3222 1968 3464">
     <span class='ocr_line' id='line_1_140' title="bbox 1028 3222 1966 3276; baseline 0.007 -17"><span class='ocrx_word' id='word_1_970' title='bbox 1028 3223 1078 3260; x_wconf 91' lang='grc' dir='ltr'>Λί</span> <span class='ocrx_word' id='word_1_971' title='bbox 1088 3238 1172 3272; x_wconf 86' lang='grc' dir='ltr'>μνη</span> <span class='ocrx_word' id='word_1_972' title='bbox 1190 3229 1326 3270; x_wconf 85' lang='lat' dir='ltr'>Proprie</span> <span class='ocrx_word' id='word_1_973' title='bbox 1344 3229 1448 3260; x_wconf 81' lang='lat' dir='ltr'>lacus.</span> <span class='ocrx_word' id='word_1_974' title='bbox 1493 3222 1593 3263; x_wconf 84' lang='grc' dir='ltr'>Ἀίδα</span> <span class='ocrx_word' id='word_1_975' title='bbox 1625 3228 1813 3276; x_wconf 83' lang='grc' dir='ltr'>παγκοίνου</span> <span class='ocrx_word' id='word_1_976' title='bbox 1842 3228 1966 3275; x_wconf 80' lang='grc' dir='ltr'>λίμνας</span> 
     </span>
     <span class='ocr_line' id='line_1_141' title="bbox 960 3271 1968 3317; baseline 0.007 -12"><span class='ocrx_word' id='word_1_977' title='bbox 960 3273 1012 3305; x_wconf 87' lang='lat' dir='ltr'>El.</span> <span class='ocrx_word' id='word_1_978' title='bbox 1050 3271 1117 3306; x_wconf 85' lang='lat'>138</span> <span class='ocrx_word' id='word_1_979' title='bbox 1149 3275 1201 3306; x_wconf 93' lang='lat' dir='ltr'>ch.</span> <span class='ocrx_word' id='word_1_980' title='bbox 1253 3276 1304 3307; x_wconf 91' lang='lat' dir='ltr'>De</span> <span class='ocrx_word' id='word_1_981' title='bbox 1337 3276 1455 3308; x_wconf 84' lang='lat' dir='ltr'>eadem</span> <span class='ocrx_word' id='word_1_982' title='bbox 1490 3277 1611 3317; x_wconf 80' lang='lat' dir='ltr'>palude</span> <span class='ocrx_word' id='word_1_983' title='bbox 1644 3278 1830 3310; x_wconf 87' lang='lat' dir='ltr'>Acherusia</span> <span class='ocrx_word' id='word_1_984' title='bbox 1861 3276 1968 3316; x_wconf 78' lang='grc' dir='ltr'>ἀκτὰς</span> 
     </span>
     <span class='ocr_line' id='line_1_142' title="bbox 958 3317 1964 3370; baseline 0.004 -17"><span class='ocrx_word' id='word_1_985' title='bbox 958 3317 1135 3358; x_wconf 83' lang='grc' dir='ltr'>ἀπαίωνάς</span> <span class='ocrx_word' id='word_1_986' title='bbox 1151 3331 1189 3354; x_wconf 90' lang='grc' dir='ltr'>τε</span> <span class='ocrx_word' id='word_1_987' title='bbox 1204 3319 1264 3355; x_wconf 87' lang='grc' dir='ltr'>καὶ</span> <span class='ocrx_word' id='word_1_988' title='bbox 1282 3319 1520 3367; x_wconf 84' lang='grc' dir='ltr'>μελαμβαθεῖς</span> <span class='ocrx_word' id='word_1_989' title='bbox 1536 3320 1683 3357; x_wconf 78' lang='grc' dir='ltr'>λιποῦσα</span> <span class='ocrx_word' id='word_1_990' title='bbox 1698 3322 1823 3370; x_wconf 86' lang='grc' dir='ltr'>λίμνης</span> <span class='ocrx_word' id='word_1_991' title='bbox 1848 3326 1964 3365; x_wconf 79' lang='lat' dir='ltr'>Polyx.</span> 
     </span>
     <span class='ocr_line' id='line_1_143' title="bbox 959 3363 1965 3410; baseline 0.004 -12"><span class='ocrx_word' id='word_1_992' title='bbox 959 3367 1000 3399; x_wconf 82' lang='lat' dir='ltr'>fr.</span> <span class='ocrx_word' id='word_1_993' title='bbox 1021 3363 1101 3408; x_wconf 83' lang='lat'>469,</span> <span class='ocrx_word' id='word_1_994' title='bbox 1123 3365 1156 3400; x_wconf 89' lang='lat'>2.</span> <span class='ocrx_word' id='word_1_995' title='bbox 1193 3386 1236 3393; x_wconf 84' lang='lat'>-·</span> <span class='ocrx_word' id='word_1_996' title='bbox 1271 3369 1487 3402; x_wconf 81' lang='lat' dir='ltr'>Transfertur</span> <span class='ocrx_word' id='word_1_997' title='bbox 1510 3370 1552 3402; x_wconf 90' lang='lat' dir='ltr'>ad</span> <span class='ocrx_word' id='word_1_998' title='bbox 1576 3372 1836 3410; x_wconf 77' lang='lat' dir='ltr'>significandum</span> <span class='ocrx_word' id='word_1_999' title='bbox 1852 3381 1965 3404; x_wconf 80' lang='lat' dir='ltr'>mare:</span> 
     </span>
     <span class='ocr_line' id='line_1_144' title="bbox 959 3413 1967 3464; baseline 0.008 -19"><span class='ocrx_word' id='word_1_1000' title='bbox 959 3423 990 3446; x_wconf 85' lang='grc' dir='ltr'>ν.</span> <span class='ocrx_word' id='word_1_1001' title='bbox 1011 3414 1173 3447; x_wconf 80' lang='lat' dir='ltr'>Abresch.</span> <span class='ocrx_word' id='word_1_1002' title='bbox 1193 3416 1234 3448; x_wconf 84' lang='lat' dir='ltr'>ad</span> <span class='ocrx_word' id='word_1_1003' title='bbox 1257 3416 1380 3448; x_wconf 79' lang='lat' dir='ltr'>Aesch.</span> <span class='ocrx_word' id='word_1_1004' title='bbox 1408 3417 1509 3448; x_wconf 86' lang='lat' dir='ltr'>Eum.</span> <span class='ocrx_word' id='word_1_1005' title='bbox 1539 3414 1571 3449; x_wconf 88' lang='lat'>9.</span> <span class='ocrx_word' id='word_1_1006' title='bbox 1624 3413 1768 3462; x_wconf 87' lang='grc' dir='ltr'>Μηλίδα</span> <span class='ocrx_word' id='word_1_1007' title='bbox 1789 3416 1859 3464; x_wconf 78' lang='grc' dir='ltr'>πὰρ</span> <span class='ocrx_word' id='word_1_1008' title='bbox 1884 3416 1967 3463; x_wconf 80' lang='grc' dir='ltr'>λίμ-</span> 
     </span>
    </p>
   </div>
  </div>
 </body>
</html>
