2288 3600
21 96 94 175 sip.
115 121 332 168 932-935.]

767 110 969 164 Φύλοπις
990 139 1052 147 -—
1081 109 1297 173 Φότευμα

1955 113 2052 158 775

30 236 39 247 ’
54 222 263 266 *valorem
278 231 364 262 rixa.
397 227 440 262 τὰ
458 227 495 262 δὲ
513 228 596 274 πρὸς
619 226 749 262 τέκνων
775 226 881 274 διπλῆ
899 225 1010 274 φύλο-
1048 224 1126 266 108,
1146 224 1180 260 2.
1207 225 1338 271 ἔβλεψα
1360 226 1424 272 τὴν
1442 225 1634 272 γυναικείαν
1653 224 1750 272 φύσιν
1770 228 1846 259 Ter.
1862 229 1903 259 fr.
1923 225 2050 266 517,2.

31 299 45 325 ..‘
70 273 184 310 οὐκέτ’
201 273 366 315 ἐξισοῦται
383 273 571 322 φιλοτασίῳ
591 276 645 307 El.
668 272 757 307 1072
774 275 826 307 ch.

68 343 267 391 ΦύΕιμος
286 348 342 388 qai
358 346 483 388 effuyit.
512 343 572 379 καί
596 342 624 377 σ’
649 341 718 378 οὔτ’
742 342 924 379 ἀθανάτων
942 342 1009 391 φύ-

38 391 40 397 “
55 405 94 437 ος
119 390 232 431 οὐδείς
243 393 325 426 Ant.
343 390 411 425 786
426 392 479 425 ch.
508 393 548 424 ad
566 393 659 425 verbi
670 392 806 434 quidem
824 392 1007 432 analogiam

19 443 23 445 ’
38 455 65 470 ις·
91 450 170 474 casu
186 443 303 482 quarto
320 441 498 482 prolatum.

22 487 49 522 s*
66 495 107 543 [¹⁸²
115 496 134 517 ⁸
142 495 174 533 Φ
183 509 203 532 υ
213 508 230 544 ρ
240 497 263 533 οί
271 511 300 532 ω
315 500 446 538 misceo,
465 498 592 539 subiyo.
612 498 776 530 Producta
793 499 898 530 forma
914 499 1008 531 verbi

131 547 269 592 φυρᾶτε,
343 544 450 579 σσέτω
474 556 535 586 τις,
564 543 708 591 ἐγχείτω
725 542 834 588 βαθὺν
851 547 1009 591 κρατῆρα

59 593 161 633 synd.
183 590 259 634 149,
308 617 315 624 .
335 596 375 624 ut
391 593 496 624 Dind.
518 602 546 624 c.
567 593 738 625 Meinekio
755 593 912 634 scripsit:
930 593 1008 624 libri

22 644 30 664 ³
55 640 165 677 enaei
183 638 351 686 φορεῖτε.]
785 637 834 683 (Π
851 649 884 681 p.
906 636 1009 681 933.)

11 690 27 738 ῃ)
66 695 187 732 Φῦσα
210 699 323 741 flatus.
352 697 445 744 φυσᾷ
469 695 533 743 γὰρ
557 695 597 731 οὐ
615 699 806 743 σμικροῖσιν
828 695 1007 735 ἀὐλίσκοις

49 770 58 787 ,
77 741 150 779 ἀλλ’
168 743 299 792 ἀγρίαις
315 743 452 791 φύσαισι
467 743 628 791 φορβειᾶς
639 741 697 778 ἅτε
733 746 799 776 inc.
818 746 859 777 fr.
871 742 952 785 753,
971 742 1002 776 1.

65 793 303 848 eupenacuitur
321 793 409 834 apud
428 792 489 824 EM
512 802 546 833 p.
567 788 649 832 802,
670 790 690 824 5
720 818 727 824 .
749 795 784 824 et
801 791 1006 831 Hesychium

22 846 43 864 ³
76 849 152 873 υσα.

7 886 30 938 κς)
49 850 124 932 φΦῡ
137 895 224 932 σάω
242 897 335 941 effic.
365 894 512 942 φυσῶντ’
532 894 603 930 ἄνω
622 895 706 942 πρὸς
726 895 820 944 ῥῖνας
845 898 900 930 Ai.
922 893 1002 930 918.

22 943 140 1025 Ϊιὲἶξῖ
173 941 879 1035 Ϋῖρὲῖῆοσὲἕιξέἰῗῑῇνωυἵέσῗὶσ)«33ῗαῖ
903 942 1006 1024 “42⁰3

65 1018 170 1076 ίσκοίς
194 1041 261 1071 inc.
283 1041 324 1072 fr.
346 1036 426 1077 753,
450 1035 495 1079 1.‚
524 1003 610 1080 ‘qque
636 1001 759 1070 focYut‘io
785 1002 952 1070 missiles&
964 1003 1006 1070 atd

48 1100 64 1115 ιι
89 1090 154 1127 est,
182 1087 240 1128 qui
257 1086 509 1118 vehementiore
535 1085 648 1127 aliquo
665 1087 769 1117 animi
787 1086 915 1127 impetu
934 1088 1004 1118 uti-

15 1151 61 1173 2.
89 1133 132 1165 V.
155 1134 271 1175 Intpp.
293 1134 439 1173 Longini
465 1130 542 1179 περὶ
567 1129 675 1179 ὕψους
702 1142 731 1164 c.
756 1129 789 1172 3,
810 1130 844 1166 2.
866 1150 907 1156 —
935 1133 1006 1165 Aut

20 1218 21 1221 Ἴ
38 1176 235 1222 ἶᾳπήεὶαηάο
246 1184 306 1213 aut
317 1180 489 1222 sufflando
502 1180 738 1220 explicandum
755 1178 794 1213 τὸ
812 1177 1006 1225 δυσέριστον

26 1234 71 1274 1²²!
106 1230 224 1274 φυσῶν
242 1219 354 1275 Ἀρης
372 1227 425 1263 El.
449 1224 537 1259 1385
556 1228 608 1259 ch.
637 1227 793 1258 Reiskius
805 1218 899 1272 ’Ἃρη
926 1237 1005 1259 con-

36 1295 39 1300 -
67 1288 70 1301 =
89 1284 121 1306 s
139 1275 286 1316 explicat
302 1276 442 1315 sanquis
462 1274 599 1306 Martem
616 1275 760 1314 spirans.
774 1292 817 1297 —
829 1274 1005 1306 Passivum

28 1336 45 1348 Α
62 1321 125 1353 »ria
141 1321 293 1364 adflandi
317 1322 563 1362 significatione
581 1321 716 1352 dicitur.
756 1318 874 1367 γραίας
899 1318 1004 1354 ἀκάν-

18 1374 39 1405 {j
75 1366 217 1407 πάππος
240 1368 287 1408 ὡς
305 1369 506 1414 φυσώμενος
523 1369 589 1400 ine.
610 1369 650 1400 fr.
673 1364 752 1400 746.

20 1454 23 1457 κ
42 1459 47 1476 c
62 1435 245 1473 Φῦσῖάω
262 1438 355 1481 effla.
385 1441 516 1484 φυσιῶν
535 1436 646 1477 ὀξεῖαν
660 1436 824 1483 ἐκβάλλει
841 1437 950 1472 πνσὶν

32 1483 395 1572 ίοὲξὲξζῐλὲίέματος
428 1486 510 1518 Ant.
542 1482 643 1519 1238.
688 1486 797 1519 Schol.
832 1496 915 1519 τουτ
936 1496 1004 1519 στιν

33 1627 39 1637 ,Δ
62 1587 155 1626 Φύσ
166 1602 203 1630 ις
221 1591 237 1634 R
251 1595 377 1624 aalma
391 1592 416 1624 i.
429 1601 460 1624 e.
478 1591 604 1623 indoles
621 1593 778 1632 inqenita,
808 1601 884 1624 cum
901 1593 1007 1623 animi

28 1653 59 1679 ,τι
95 1640 241 1681 corporis
270 1643 305 1672 et
337 1648 405 1671 non
434 1648 547 1670 rerum
575 1639 860 1680 qualiumcunque
892 1639 1007 1671 minus

111 1686 269 1720 hominis.
307 1683 421 1725 ἔξοιδα
451 1683 511 1719 καὶ
542 1684 640 1732 φύσει
672 1696 710 1718 σε
744 1685 793 1731 μὴ
827 1684 1008 1732 πεφυκότα

80 1745 144 1815 παῖ,
166 1744 300 1814 ἷέἷῖἔιῗι
316 1730 562 1822 &figis-{³13
586 1733 701 1820 ξζῑέεέ
703 1734 954 1812 {wlff
956 1742 1008 1821 ⁰1¹5

27 1826 38 1848 κ’
63 1851 88 1868 .,
117 1828 279 1860 Batonem
298 1829 371 1870 ipse
388 1828 515 1860 addens
533 1837 585 1868 ap.
600 1827 815 1859 Athenaeum
831 1837 866 1869 p.
890 1824 955 1859 163
973 1837 1002 1860 c.

14 1876 32 1918 ’ζ
114 1885 131 1912 ς
146 1872 211 1921 γὰρ
234 1873 259 1920 ἠ
304 1873 377 1912 ὐσις
393 1871 457 1913 κάξ
473 1872 621 1920 εὐγενῶν
646 1871 670 1918 ἡ
689 1873 732 1919 σή
750 1871 831 1907 874.
859 1873 923 1920 τὴν
941 1871 1006 1907 αὺ-

17 1921 38 1967 ’-
68 1919 167 1968 φύσιν
186 1920 266 1956 ὅταν
277 1886 393 1955 (λιπών
409 1932 460 1959 τις
478 1919 542 1966 δρᾷ
565 1918 609 1954 τὰ
627 1921 676 1967 μὴ
695 1919 903 1966 προσεικότα
919 1917 999 1954 902.

73 1984 80 1997 ς·
105 1972 232 2002 natum
248 1969 440 2001 desciscens.
468 1966 528 2002 καὶ
551 1966 616 2014 γὰρ
634 1965 674 2001 ἂν
701 1967 828 2013 πέτρου
846 1966 944 2014 φύσιν
963 1966 1003 2001 σύ

23 2009 221 2064 γάνειας
244 2016 303 2049 OR
319 2012 400 2048 335.
433 2014 491 2049 τὸν
516 2013 554 2049 δὲ
579 2012 687 2050 Λάϊον
712 2013 812 2062 φύσιν
844 2010 902 2048 τίν’
931 2012 1004 2062 εἶχε

73 2073 98 2097 ἐ
114 2059 195 2096 740.
228 2073 295 2105 qua
323 2063 433 2104 forma
460 2061 573 2103 fuerit,
602 2063 643 2094 de
668 2073 735 2104 qua
759 2063 1005 2102 significatione

12 2112 49 2149 ..j-3*
65 2114 223 2143 querunt
238 2111 355 2143 Valck.
371 2110 412 2142 ad
425 2109 549 2142 Herod.
566 2107 601 2150 8,
621 2106 678 2142 38.
699 2114 734 2142 et
750 2110 889 2141 Dissen.
909 2110 1002 2151 expl.

38 2195 44 2197 ς
62 2157 148 2190 ''nd.
169 2168 204 2200 p.
224 2155 307 2190 404.
344 2157 543 2198 Quanquam
570 2157 686 2189 Valck.
715 2157 846 2189 diversa
870 2158 1002 2190 miscet.

54 2201 72 2238 έ
98 2214 149 2238 νιν
179 2202 290 2239 θνατά
318 2201 419 2251 φύσις
447 2201 578 2249 ἀνέρων
608 2201 735 2237 ἔτικτεν
761 2200 830 2236 869
847 2204 901 2236 ch.
929 2214 1005 2236 cum

20 2250 74 2279 ι’-ι
106 2251 196 2292 ymia
213 2253 353 2285 dictum.
390 2250 419 2285 ὧ
437 2244 534 2285 πάντ’
560 2248 682 2285 ἐκείνω
697 2252 771 2288 τοῖς
789 2249 824 2284 ἐν
842 2247 1005 2297 Αἰγύπτῳ

30 2303 110 2346 >vsoz
136 2296 234 2344 φύσιν
258 2295 520 2333 κατεικασθέντε
545 2297 601 2330 OC
618 2295 700 2331 338.
728 2295 807 2332 ὅσον
827 2295 925 2344 φύσις
951 2295 1006 2332 δί-

117 2345 236 2381 αὐταῖν
254 2343 334 2378 446.
363 2338 584 2391 έξεπᾴδονται
600 2341 822 2403 φύσιν11194.
852 2355 883 2377 v.
905 2342 1006 2384 ἐξεπ-

21 2424 31 2449 ²³
48 2391 344 2486 ’όνπίἳὲξὲδέῗγῧ
365 2390 654 2487 Ἐλέῗέτῖῗὶχῗὲᾌ
665 2389 1004 2485 φᾷἵέἵ.Ἐῗ”ἕὸεῖ.27ἦ

31 2506 49 2524 ,-
69 2498 152 2534 νγε,
179 2486 238 2521 τὸν
265 2486 302 2521 δὲ
323 2489 403 2520 νοῦν
427 2484 546 2532 ἥσσων
573 2486 651 2521 τότε
672 2483 774 2519 1023.
808 2497 841 2518 v,
861 2487 951 2523 νοῦς.
979 2483 1003 2531 ἢ

112 2546 162 2573 τις
178 2532 202 2581 ἢ
221 2533 306 2581 πρὸς
323 2532 469 2579 αἵματος
483 2531 584 2579 φύσιν
602 2531 702 2566 1125.
724 2535 1001 2573 consanyuineas.

38 2581 58 2587 ”
105 2580 168 2627 μὲν
197 2580 262 2628 γὰρ
291 2579 388 2628 φύσιν
419 2581 476 2612 Tr.
497 2578 578 2614 308.
605 2584 768 2623 quantum
791 2590 830 2612 ετ
846 2579 958 2620 forma
974 2583 1006 2612 et

48 2630 77 2671 ,ss’
111 2630 256 2670 corporis
273 2631 454 2660 coniectare
471 2628 557 2660 licet.
585 2627 671 2674 γυνὴ
698 2625 755 2668 δέ,
783 2624 894 2672 θῆλυς
919 2624 1006 2661 οὖσα

56 2671 58 2674 ¹
102 2673 226 2721 ἀνδρὸς
245 2673 343 2720 φύσιν
363 2672 465 2708 1062.
494 2675 701 2707 memorabili
717 2676 894 2707 verborum
912 2684 1011 2706 com--

35 2723 222 2764 sudorum
251 2723 391 2755 ratione.
429 2722 540 2755 Schol.
560 2723 735 2755 subaudiri
759 2719 889 2767 ἔχουσα
914 2722 999 2754 vult.

26 2769 105 2807 ‘2:k.
131 2771 274 2802 coniecit
296 2766 407 2815 θῆλυν
431 2771 580 2816 σχοῦσα,
609 2770 698 2810 quod
726 2772 818 2801 esset
845 2771 1004 2800 naturam

32 2811 108 2858 ss‘.,
138 2817 255 2857 Mudg.
283 2817 381 2856 longe
408 2818 530 2849 melius
555 2813 668 2862 θῆλυς
691 2813 779 2849 κούκ
805 2812 920 2862 ἔχουσ’
942 2813 1003 2849 ἀν-

93 2861 211 2910 φὺσιν;
239 2864 400 2895 Valcken.
420 2864 463 2895 ad
479 2861 605 2896 Hero'd.
622 2860 655 2902 8,
676 2860 756 2895 38.;
787 2862 897 2908 φύσις.
932 2862 1004 2903 Ego

26 2906 47 2936 ἶ
90 2911 334 2951 attractionem,
370 2914 410 2942 ut
441 2911 575 2949 Herm.,
611 2911 670 2942 sed
701 2910 785 2942 duas
817 2910 1003 2943 locutiones

33 2955 54 2997 '3
68 2965 147 2999 usas
165 2957 282 2989 videor
299 2966 488 2998 agnoscere,
516 2954 605 2991 κούκ
629 2955 717 3002 ἀνὴρ
743 2955 841 3003 φύσιν
860 2954 945 2990 οὖσα
969 2960 1004 2989 et

99 3001 223 3049 ἀνδρὸς
248 3001 346 3050 φύσιν
372 3002 513 3051 ἔγουσα.
568 3004 744 3045 Gomparat
767 3005 884 3036 Herm.
912 3001 1003 3041 ὅστις

57 3050 175 3085 ώπου
209 3049 308 3097 φύσιν
343 3045 498 3097 βλαστών
532 3052 586 3083 Αἰ.
614 3048 709 3091 760.,
751 3052 840 3092 quod
857 3051 1002 3083 afferens

114 3108 149 3139 p.
177 3095 258 3131 415.
294 3097 402 3144 γεγώς
437 3108 497 3140 pro
522 3096 677 3143 βλαστών
711 3098 811 3130 habet
844 3096 912 3144 [uti
942 3098 998 3130 Ai.

61 3141 102 3189 ..]
137 3145 176 3177 Id
191 3145 276 3177 mihi
291 3146 556 3177 dissimillimum
580 3145 730 3185 videtur,
760 3155 836 3177 cum
853 3145 940 3177 nihil
958 3146 1003 3177 sit

83 3207 88 3218 ι
113 3195 262 3224 ocreatus
277 3192 456 3224 secandum
470 3193 612 3224 hontim's
627 3194 795 3233 naturam,
823 3194 848 3226 i.
862 3202 892 3224 e.
909 3192 1002 3224 homo

82 3262 102 3278 ,
129 3242 169 3271 ut
186 3236 285 3285 φύσιν
302 3240 540 3271 adverbiascat.
572 3238 738 3280 [Fortasse
754 3249 872 3272 verum
890 3240 1004 3279 attigit

64 3284 178 3317 barti
191 3286 278 3317 coni.
299 3282 390 3331 θῆλυ
410 3286 527 3331 φῦσα]
551 3284 599 3330 μή
613 3296 666 3319 τοι
684 3283 782 3331 φύσιν
799 3280 828 3331 γ’
844 3283 1000 3332 ἄσπλαγ-

47 3371 59 3377 „
99 3329 140 3366 ἐκ
164 3330 280 3366 κείνου
303 3332 412 3378 γεγώς
428 3334 485 3365 Ai.
505 3330 586 3366 472.
615 3329 884 3376 κάξομοιοῦσθαι
901 3331 1001 3378 φύσιν

49 3405 62 3429 ¹3
97 3375 187 3413 ἅπαν
204 3377 243 3413 τὸ
264 3378 414 3427 χρηστὸν
437 3378 578 3426 γνησίαν
606 3377 679 3427 ἔχει
697 3378 795 3426 φύσιν
819 3381 936 3413 Alead.
956 3381 997 3414 fr.

1046 271 1153 354 οὲὸμὸς
1171 272 1237 330 αίεὶ
1253 272 1384 332 πότμος
1397 299 1435 354 .έ.
1451 271 1695 354 μὲταλλὲίσσειν
1704 271 1811 329 φύσιῖ
1828 271 1995 355 ἰηὲ.έ713,
2016 271 2049 306 2.

1043 319 1215 402 inoffi&
1241 331 1406 400 {zi-:m
1427 331 1535 408 ἓὶτὲἒῖ
1550 329 1852 408 «ἱφῖιιὲἓῗῖἱηῖἔη
1875 318 1984 409 ἶεξίΐ
2001 322 2054 400 ἷὲζ

1044 413 1184 460 erm-et]
1205 416 1254 447 Ea
1271 415 1511 454 significatione
1529 416 1668 447 unicum
1682 416 1826 455 pluralis
1843 415 1976 447 numeri
1993 425 2055 447 ex-

1044 463 1194 504 emplum
1210 462 1401 503 praeditum
1417 466 1481 495 est.
1510 459 1546 495 αί
1562 459 1599 495 δὲ
1617 463 1773 495 τοιαῦται
1790 460 1909 508 φύσεις
1933 459 2055 499 αὑταῖς

1043 507 1126 542 εἰσιν
1149 507 1303 556 ἄλγισται
1327 506 1441 555 φέρειν
1464 509 1523 541 OR
1539 505 1620 541 674.
1649 509 1721 541 Hoc
1736 510 1919 541 illustravit
1935 510 2052 541 Valck.

1044 557 1140 589 diatr.
1168 566 1202 598 p.
1224 554 1269 589 76
1286 558 1319 588 b.
1355 557 1443 588 Item
1467 556 1533 588 huc
1549 556 1732 588 adnumero
1749 557 1973 596 metonymiae
1991 565 2053 587 ex-

1044 604 1192 644 emplum
1217 604 1260 635 ad
1284 603 1465 635 secundam
1482 603 1762 643 significationem
1786 604 1875 635 viam
1899 613 2056 644 praemu-

1044 651 1154 691 niens,
1181 649 1245 696 τὴν
1263 648 1363 696 φύσιν
1381 647 1408 682 δ’
1427 647 1555 689 ἔδειξας
1573 646 1608 688 ἐξ
1624 647 1668 694 ἧς
1687 647 1849 695 ἕβλαστες
1866 650 1926 682 Ph.
1951 647 2051 682 1310.

1044 699 1135 739 quali
1157 701 1283 730 natura
1303 697 1472 738 praeditus
1486 700 1581 737 pater
1605 696 1719 736 fuerit.
1743 715 1784 722 -
1803 696 1818 738 ΙΙ
1834 700 1959 729 natura
1975 697 1999 728 i.
2021 706 2050 728 e.

1043 754 1151 784 genus
1168 745 1390 776 animantium
1408 744 1584 785 quoddam.
1613 741 1738 778 πόντου
1762 738 1787 777 τ’
1814 741 1965 777 εἰναλίαν
1990 741 2055 788 φύ-

1044 802 1094 824 σιν
1111 793 1193 825 Aut.
1210 789 1291 824 345.
1319 792 1522 823 Lucretiana
1537 788 1568 831 1,
1591 787 1634 822 16
1645 794 1682 822 et
1697 788 1754 823 57.
1775 794 1942 832 comparat
1958 791 2054 825 Mus-

1042 839 1189 880 gravius.
1218 839 1308 871 Huic
1324 839 1448 878 simile,
1469 839 1526 870 sed
1541 838 1583 870 de
1597 838 1724 869 homine
1737 838 1864 870 dictum
1875 842 1929 870 est
1945 834 2057 883 θνητὰ.

1044 888 1181 932 φρονεῖν
1197 884 1268 933 χρὴ
1286 883 1417 930 θνητὴν
1435 882 1534 931 φύσιν
1553 886 1630 917 Ter.
1650 885 1691 919 fr.
1713 882 1794 926 515,
1817 882 1848 917 1.
1865 902 1907 909 -
1926 884 1941 926 ΙΙ
1957 894 2057 925 yene-
2077 928 2082 930 ‚

1042 935 1138 974 ratio,
1162 935 1264 974 criyo.
1294 933 1394 964 Aetas
1412 936 1602 973 spectatur:
1639 930 1686 965 ὢν
1704 930 1803 978 φύσει
1817 931 1982 978 νεώτερος
1999 928 2056 964 00

1045 977 1145 1012 1295.
1180 980 1281 1020 Oriqo
1298 980 1390 1021 ipsa:
1417 978 1480 1025 τὴν
1499 977 1562 1023 σὴν
1588 976 1751 1023 ὅμαιμον,
1773 977 1812 1012 ἐκ
1829 979 1956 1023 πατρὸς
1972 976 2055 1012 ταύ-

1041 1029 1102 1061 τοῦ
1153 1025 1226 1060 ὑσιν
1244 1027 1298 1058 El.
1321 1024 1402 1059 325.
1429 1024 1541 1060 καίτοι
1565 1030 1639 1063 πῶς
1657 1023 1725 1070 ἐγὼ
1741 1025 1848 1063 κακὸς
1867 1024 1968 1072 φύσιν
1990 1037 2049 1066 --;

1042 1075 1096 1107 OC
1114 1072 1136 1106 2
1162 1072 1196 1107 0.
1223 1073 1391 1107 natalibus
1416 1074 1566 1114 nefariis,
1602 1071 1633 1106 εί
1677 1071 1720 1118 ἀρ
1747 1071 1789 1118 δὴ
1815 1071 1858 1106 τά
1882 1071 1910 1119 γ’
1936 1072 2054 1119 ἐγγενῆ

1042 1118 1140 1167 φύσει
1157 1119 1296 1166 ἄκοσμα
1313 1118 1433 1167 θρέψω
1450 1122 1532 1153 Ant.
1547 1117 1628 1154 659.
1656 1085 1776 1166 ἔγγενῆ
1796 1118 1895 1166 φύσει
1911 1122 2054 1154 coniun-

1042 1169 1159 1209 genda,
1181 1178 1247 1200 non
1265 1166 1363 1214 φύσει
1379 1166 1528 1212 ἄκοσμα.
1558 1168 1613 1201 Sic
1629 1168 1833 1200 nobilitatem
1849 1172 1909 1199 aut
1926 1167 2055 1208 iynobi—

1041 1217 1166 1248 litatem
1183 1217 1309 1256 yeneris
1323 1219 1464 1256 spectat.
1492 1213 1603 1259 κάρτα
1626 1212 1670 1248 λα
1700 1212 1770 1260 πρὰ
1792 1213 1851 1248 καὶ
1867 1215 1940 1248 κατ’
1959 1211 2057 1259 ὄμμα

1040 1261 1099 1296 καὶ
1125 1260 1223 1309 φύσιν
1248 1259 1340 1308 Ἰόλη
1363 1260 1513 1296 ’καλεῖτο
1548 1263 1604 1294 Tr.
1625 1259 1670 1293 37
1698 1287 1705 1294 .
1751 1259 1790 1295 οὐ
1817 1259 1938 1306 μαθὼν
1964 1259 2000 1298 ὃς
2025 1258 2056 1294 εἶ

1042 1307 1142 1355 φύσιν
1158 1310 1214 1342 Ai.
1237 1306 1339 1342 1259.
1369 1319 1487 1342 servus
1512 1310 1639 1351 quippe
1657 1313 1692 1341 et
1707 1310 1878 1341 barbaruS.
1906 1306 1930 1354 ἣ
1958 1306 2058 1354 φύσει

1043 1355 1106 1401 μὲν
1122 1354 1165 1401 ἦν
1185 1354 1340 1402 βασίλεια
1359 1354 1459 1389 1301.
1489 1357 1566 1388 Iure
1584 1357 1688 1396 igitur
1704 1356 1790 1397 quod
1805 1356 1957 1397 Oedipus
1972 1356 2055 1387 dicit

1041 1403 1096 1436 OG
1113 1401 1182 1436 212
1200 1415 1244 1436 m.
1274 1402 1368 1437 δεινὰ
1384 1401 1490 1448 [αίνά]
1511 1401 1609 1447 φύσις
1625 1401 1664 1448 (ἡ
1683 1401 1781 1448 ἐμή),
1811 1403 1913 1435 schol.
1942 1403 2054 1444 expli-

1041 1455 1094 1483 cat
1117 1448 1230 1496 γέννα.
1252 1469 1294 1475 -
1313 1451 1328 1493 ΙΙ
1344 1454 1438 1492 ratio,
1460 1460 1565 1491 yenus
1582 1450 1732 1490 faciendi
1749 1450 1937 1490 deyendive.
1973 1447 2056 1483 ταύ-

1040 1508 1103 1576 ξῖΓ
1125 1496 1300 1577 9ρυῖῗὲ
1313 1494 1682 1589 ῗέιῖῒῖἶῖήῗιῗῖὸέρέόξῗ
1698 1494 1887 1581 iiiam?
1906 1497 1965 1550 ‘'J‘'
1985 1493 2058 1577 32⁵.

1041 1590 1084 1626 τὰ
1099 1590 1253 1639 τέρματα
1270 1592 1324 1624 El.
1338 1589 1435 1633 686„
1457 1593 1544 1634 quod
1562 1557 1720 1624 depcursu
1737 1602 1757 1623 a
1773 1555 2056 1631 victoretjyvlevss'eeto

1043 1639 1111 1671 dici
1139 1649 1256 1672 omnes
1288 1641 1516 1680 conveniunt,
1559 1639 1601 1671 de
1632 1638 1830 1680 explicando
1863 1638 2051 1679 ambigunt.

1043 1686 1152 1720 Schol.
1185 1696 1276 1719 unus
1305 1688 1409 1719 vicies
1437 1687 1597 1727 Oresten,
1638 1687 1762 1726 viginti
1790 1694 1895 1718 annos
1923 1690 2053 1726 natum,

1044 1734 1189 1766 stadium
1207 1734 1457 1776 percucurrisse
1470 1734 1530 1774 ait,
1550 1734 1692 1765 ridicule
1705 1732 1859 1773 quidem;
1882 1733 1966 1764 alter
1983 1729 2056 1766 οἷον

1043 1777 1108 1814 οὐκ
1134 1778 1316 1820 ἐλλείπων,
1344 1782 1457 1822 inquit
1473 1807 1480 1821 ‚
1507 1778 1597 1814 κατὰ
1619 1778 1662 1813 τὰ
1687 1778 1851 1824 τέρματα,
1879 1776 1957 1813 ἄλλ’
1982 1776 2057 1816 ἴσος

1043 1827 1159 1873 φανεὶς
1182 1830 1256 1866 τοῖς
1272 1826 1417 1874 τέρμασι
1439 1825 1530 1861 κατὰ
1545 1826 1609 1871 τὴν
1635 1824 1741 1860 αὑτοῦ
1759 1824 1858 1873 φύσιν
1881 1828 1944 1871 τῆς
1960 1823 2059 1871 νίκης

1041 1874 1183 1922 ἔτυχεν;
1210 1876 1334 1907 tertius
1360 1873 1490 1920 ὁμοίως
1513 1874 1572 1908 καὶ
1598 1872 1683 1912 ’ίσως
1705 1871 1992 1918 τεθαυμασμένος
2018 1872 2055 1907 ἐν

1039 1921 1090 1968 τῷ
1118 1921 1338 1969 ἀγωνίσματι,
1368 1921 1416 1960 ὡς
1445 1920 1502 1955 ἐπὶ
1529 1921 1572 1968 τῇ
1599 1920 1725 1967 μορφῇ.
1754 1922 1945 1953 Brunckius
1979 1921 2051 1952 Erf.

1040 1971 1156 2002 Herm.
1177 1967 1316 2014 [Dind.]
1335 1970 1515 2010 Musgravii
1538 1969 1764 2000 coniecturam
1787 1972 1988 2009 receperunt
2011 1966 2057 2014 τῇ

1041 2015 1178 2064 ἀφέσει,
1207 2017 1295 2058 quod
1323 2017 1381 2048 ille
1411 2017 1549 2057 quidem
1579 2026 1655 2048 cum
1679 2016 1801 2056 frigido
1825 2016 1979 2047 acumine
2004 2024 2057 2047 se-
2124 2019 2129 2023 ’

1042 2065 1190 2096 cundum
1215 2065 1361 2096 similem
1386 2065 1589 2096 sententiam
1606 2063 1777 2104 Antipatri
1794 2062 1925 2095 Sidonii
1946 2063 2052 2103 epigr.

1041 2108 1098 2144 39.
1119 2113 1167 2143 ita
1192 2112 1352 2152 explicat,
1373 2115 1413 2143 ut
1425 2111 1471 2142 sit
1487 2114 1557 2142 tam
1570 2111 1714 2142 celeriter
1730 2119 1863 2141 cursum
1877 2111 2051 2149 pereqisse,

1040 2162 1079 2191 at
1093 2160 1150 2190 viae
1167 2157 1346 2199 quidquam
1362 2159 1514 2198 temporis
1538 2159 1624 2189 inter
1639 2158 1774 2189 initium
1790 2159 1821 2188 et
1837 2156 1935 2198 finem
1953 2158 2054 2188 inter-

1041 2206 1189 2244 cesserit;
1216 2205 1431 2237 Hermannus
1454 2208 1567 2237 autem
1591 2214 1724 2236 cursum
1749 2213 1890 2244 aequare
1915 2204 2055 2236 carceri-

1043 2252 1102 2284 bus
1125 2253 1209 2284 dicit
1232 2262 1307 2285 esse
1329 2261 1482 2293 percurso
1506 2251 1613 2283 stadio
1637 2253 1812 2283 terminare
1836 2260 1969 2283 cursum
1994 2250 2051 2290 ibi,

1041 2299 1098 2332 abe·
1113 2303 1247 2340 coeptus
1258 2303 1338 2340 erat,
1368 2309 1467 2340 quae,
1495 2300 1524 2331 si
1539 2309 1606 2340 qua
1622 2299 1697 2338 alia,
1717 2301 1866 2330 contorta
1881 2298 1985 2330 oratio
2003 2300 2055 2328 est

1042 2350 1077 2379 et
1093 2346 1341 2379 obscurissima.
1362 2344 1431 2390 [cf.
1451 2350 1566 2378 tamen
1583 2345 1686 2378 Dind.
1716 2348 1831 2377 annot.
1858 2345 1893 2376 in
1911 2345 1964 2377 ed.
1985 2344 2051 2376 Ox.

1041 2391 1095 2439 3.]
1128 2394 1286 2426 Proxime
1302 2393 1345 2426 ad
1360 2402 1478 2425 verum
1503 2393 1685 2425 accessisse
1701 2392 1836 2424 videtur
1857 2392 2054 2424 scholiasta-

1041 2450 1116 2473 rum
1140 2442 1170 2472 is
1195 2441 1254 2481 qui
1270 2441 1405 2482 scripsit
1441 2437 1616 2486 ἁρμοδίως
1639 2438 1682 2486 τῇ
1708 2437 1831 2472 ἑαυτοῦ
1848 2435 1947 2485 φύσει
1971 2435 2054 2484 δρα-

1043 2487 1128 2533 μών.
1174 2483 1281 2522 Φύσει
1309 2497 1375 2520 non
1405 2488 1571 2519 ablativus
1601 2497 1630 2519 s.
1657 2486 1930 2519 instrumentalis
1958 2495 2053 2517 casus

1041 2535 1193 2575 videtur,
1221 2535 1282 2567 sed
1298 2535 1452 2574 dativus;
1482 2535 1649 2574 significat
1664 2537 1779 2565 autem
1809 2530 1936 2578 δρόμου
1956 2530 2054 2578 φύσει

1042 2579 1134 2615 ἰσοῦν
1150 2579 1194 2615 τὰ
1207 2579 1362 2628 τέρματα
1375 2581 1498 2622 pedum
1511 2583 1703 2622 pernicitate·
1719 2583 1749 2612 et
1766 2590 1878 2611 cursus
1895 2581 2055 2611 celeritati

1040 2638 1178 2671 aequare
1196 2639 1223 2661 s.
1243 2630 1489 2661 convenientem
1504 2628 1637 2661 reddere
1653 2630 1676 2660 i.
1699 2637 1729 2659 e.
1749 2628 1877 2668 assequi
1892 2629 2026 2658 metam.

1110 2693 1175 2733 Φιῖ
1181 2710 1201 2732 τ
1211 2697 1366 2744 άλμιος
1383 2701 1520 2740 yenitor.
1550 2696 1656 2744 μητρὶ
1674 2697 1732 2731 καὶ
1750 2695 1861 2744 φυταλ
1891 2694 1933 2743 ίῳ
1951 2694 2053 2742 πατρί

1039 2746 1105 2779 inc.
1126 2747 1168 2778 fr.
1189 2742 1269 2780 957.
1309 2757 1341 2780 v,
1361 2747 1483 2779 Blomf.
1512 2747 1556 2787 gl.
1576 2746 1699 2778 Aesch.
1728 2745 1790 2785 Ag.
1811 2708 1892 2777 315.
1929 2744 2048 2776 Tittm.

1039 2793 1080 2825 ad
1110 2793 1228 2826 Zonar.
1260 2795 1326 2825 vol.
1346 2790 1380 2825 2.
1409 2804 1443 2835 p.
1467 2790 1568 2826 1827.
1620 2793 1752 2825 Tralate
1781 2792 1905 2824 dicitur
1933 2788 2051 2824 ἀλαῶν

1039 2837 1208 2886 ὀμμάτων
1226 2837 1295 2886 ἄρα
1317 2839 1377 2874 καὶ
1393 2838 1486 2885 ἦσθα
1504 2837 1695 2886 φυτάλμιος
1712 2838 1767 2871 OG
1790 2835 1854 2870 150
1872 2838 1922 2870 ch.
1952 2838 2051 2870 cuius

1039 2888 1230 2920 sententiae
1243 2888 1500 2929 explicationem
1515 2898 1534 2918 a
1551 2887 1653 2920 schol.
1670 2886 1793 2926 datam,
1822 2882 1889 2919 ἀπὸ
1904 2882 2047 2931 φύτλης,

1039 2932 1108 2968 ἀπὸ
1125 2932 1302 2980 γενέσεως,
1333 2932 1367 2973 ἐξ
1394 2932 1518 2981 ἀρχῆς,
1551 2933 1710 2975 [loquitur
1733 2936 1846 2965 autem
1864 2934 1912 2964 sic
1928 2933 2047 2973 Eurip.

1038 2982 1083 3013 IT
1092 2978 1205 3026 203.],
1217 2983 1304 3014 bene
1314 2986 1428 3014 contra
1440 2982 1640 3014 Elmsleium
1658 2980 1812 3012 defendit
1820 2979 2047 3011 Hermannus.

1039 3028 1086 3060 Ut
1111 3032 1230 3075 σῶμα,
1259 3026 1404 3075 φρένας,
1434 3026 1573 3065 ὀδόντας
1591 3025 1686 3073 φύειν
1705 3037 1731 3058 s.
1752 3028 1870 3072 γεννᾶν
1890 3026 2051 3058 dicuntur

1039 3076 1098 3116 qui
1130 3086 1191 3108 sua
1222 3080 1341 3108 natura
1372 3078 1559 3116 augescunt
1591 3075 1736 3115 corporis
1769 3073 1966 3106 habitudine
1995 3074 2050 3104 vel

1038 3124 1163 3155 mentis
1180 3123 1324 3164 virtute,
1353 3124 1401 3155 ita
1418 3123 1514 3164 quasi
1539 3123 1667 3161 yenitor
1686 3130 1856 3152 caecorum
1881 3121 2050 3151 oculorum

1038 3170 1243 3211 appellatur,
1272 3171 1332 3212 qui
1349 3179 1468 3202 caecus
1494 3172 1594 3200 natus
1613 3171 1684 3208 εει,
1713 3171 1747 3200 et
1772 3169 1820 3199 sic
1846 3176 1926 3199 sane
1945 3177 2049 3208 quae-

1040 3226 1113 3250 rere
1131 3218 1275 3249 solemus
1294 3226 1427 3249 caecum
1445 3216 1613 3255 videntes,
1642 3225 1722 3246 num
1738 3215 1924 3254 ingenitam
1942 3214 2049 3246 caeci-

1037 3267 1141 3296 tatem
1158 3265 1381 3304 circumferat,
1402 3273 1445 3295 an
1463 3273 1541 3295 casu
1557 3262 1668 3303 aliquo
1682 3262 1789 3294 oculis
1807 3265 1924 3302 captus
1942 3261 1998 3293 sit.

1109 3326 1251 3367 Φῧτευ
1263 3345 1318 3378 μα
1355 3333 1444 3373 fetus
1475 3330 1633 3377 (planta).
1675 3325 1817 3379 φύτευμ’
1845 3329 1866 3364 ἀ
1894 3329 1922 3364 εί
1946 3342 2046 3371 ωτον,

1038 3379 1221 3416 αὐτόποιον
1239 3380 1294 3414 OC
1311 3376 1380 3413 697
1396 3381 1447 3413 ch.
1468 3381 1553 3413 olea.
1766 3377 1816 3422 (ΙΙ
1831 3389 1866 3421 p.
1902 3375 1922 3411 3
1949 3405 1957 3420 ,
1974 3375 2048 3424 12.)
