2288 3600
221 131 319 180 536

220 244 320 279 1069.
348 247 527 279 Praevidet
545 247 635 278 enim
654 248 724 278 fore
742 246 874 279 Ulixes.
913 247 951 279 C.
973 247 1109 279 indicat.
1130 247 1228 287 impf.

215 297 274 326 aut
291 303 360 325 aor.
391 294 558 334 significat
583 294 763 328 consilium
787 294 1096 326 intervenientibus
1131 295 1232 326 rebus

216 341 291 373 aliis
314 341 447 373 irritum
473 342 613 373 factum.
650 340 698 378 ὡς
722 339 858 386 ὤφελον
888 338 1055 387 πάροιθεν
1080 338 1232 374 ἐκλιπεῖν

241 386 311 428 ίον,
353 386 431 433 πρὶν
458 386 493 426 ές
525 385 625 433 ξένην
654 398 690 421 σε
718 390 819 434 γαῖαν
852 386 1077 434 ἐκπέμψαι...
1094 414 1101 428 ,
1138 385 1233 426 ὅπως

241 435 331 468 ανὼν
355 432 466 469 ἔκειτο
490 433 535 482 τῇ
556 432 632 470 τόθ’
655 433 772 481 ἡμέρᾳ
797 436 849 467 ΕΙ.
874 432 975 468 1134.
1003 439 1041 467 ut
1065 437 1230 476 z’acuz’ssea,

217 482 302 524 quod
318 491 408 514 nunc
424 492 515 514 secus
531 485 588 514 est.
618 483 659 514 V.
673 483 787 514 Herm.
805 483 845 515 ad
862 483 938 523 Vig.
959 493 993 524 p.
1007 480 1088 515 850.
1111 483 1229 515 Elmsl.

217 530 258 562 ad
275 529 334 562 ΟΒ
353 525 454 561 1389.
484 530 596 562 Monk.
619 530 659 562 ad
676 530 815 571 Hippol.
836 527 916 563 643.

287 573 392 619 6110
415 578 581 608 coniunct.
599 587 706 617 prae&
729 581 766 609 et
781 587 868 617 aar„
889 587 955 609 non
970 577 1111 609 secundi
1125 578 1231 609 solum

218 624 321 655 activi
338 624 391 655 vel
410 624 514 655 medii
532 624 705 656 duobusve
722 625 861 666 passivi,
882 634 967 666 quae
988 625 1135 656 Dawesii
1153 634 1232 656 sen-

218 671 326 703 tentia
343 671 411 702 fuit
427 672 521 703 misc.
544 681 588 703 cr.
609 682 644 713 p.
664 668 741 704 185.
764 673 873 713 Lips,
902 676 943 703 ut
966 672 1083 713 primis
1101 673 1233 703 aoristis
1250 667 1252 684 ²

218 718 320 750 activi
345 722 381 749 et
405 718 509 750 medii
534 719 688 750 futurum
713 719 963 759 subrogandum
981 722 1144 759 censeret,
1175 719 1252 750 sed¹

218 775 294 798 cum
311 766 466 797 omnibus
485 766 791 807 qualibuscunque.
812 766 896 798 Nam
911 767 975 798 etsi
994 775 1092 807 saepe
1110 767 1235 798 iniuria

217 822 277 853 pro
293 812 420 844 futuris
437 813 634 844 aoristorum
651 814 834 854 primorum
852 814 1083 846 coniunctivos
1108 814 1235 845 librarii

216 861 425 892 invexerunt
439 857 489 903 (v.
511 861 593 892 Lob.
615 860 656 892 ad
673 860 798 900 Phryn.
818 861 952 901 Parerg.
970 871 1004 902 p.
1026 857 1131 904 720),
1153 864 1235 892 sunt

218 910 331 940 tamen
356 907 422 938 alia
446 908 604 948 exempla
627 908 753 948 multa,
789 909 913 949 quibus
939 909 1012 949 ipsa
1037 908 1095 939 illa
1121 909 1234 939 futura

219 963 380 986 versuum
397 955 464 995 legi
482 963 547 987 non
565 958 791 987 consentanea
807 956 1003 987 reiiciantur
1020 959 1168 996 oportet:
1199 966 1229 986 ν.

219 1001 389 1034 Schaefer.
411 1011 488 1042 app.
509 1011 555 1033 cr.
576 1002 751 1034 Demosth.
775 1001 805 1034 1.
826 1012 860 1044 p.
882 999 962 1034 277.
991 1004 1035 1035 cf.
1056 1002 1171 1034 Herm.
1194 1002 1234 1035 ad

219 1049 275 1081 Ai.
297 1046 353 1081 57.
389 1049 459 1080 Nec
482 1049 659 1081 incidisset
679 1050 715 1081 in
747 1059 821 1081 eam
847 1050 1054 1081 sententiam
1082 1050 1231 1089 Dawes.‚

218 1105 296 1128 cum
313 1096 429 1128 aoristi
445 1097 546 1137 primi
564 1100 598 1128 et
615 1096 756 1128 secundi
782 1097 875 1129 aliud
900 1097 1079 1129 discrimen
1099 1097 1233 1128 nullum

219 1144 277 1184 sit,
298 1143 366 1175 nisi
384 1144 472 1184 quod
489 1143 593 1175 altero
610 1147 766 1185 utuntur,
788 1145 847 1176 ubi
864 1145 996 1186 primus
1014 1154 1033 1175 a
1049 1146 1149 1176 verbo
1167 1144 1234 1175 dis·
1252 1150 1253 1157 ¹

219 1190 303 1231 fingi
321 1199 388 1222 non
406 1191 535 1231 potuit,
565 1191 614 1222 ita
630 1195 669 1223 ut
685 1195 905 1233 praeceptum
924 1192 1014 1224 omni
1031 1192 1160 1223 ratione
1178 1201 1233 1223 ca-

217 1241 301 1278 reat,
322 1237 389 1269 nisi
407 1238 662 1270 innumerorum
676 1239 988 1280 authypotactorum
1002 1239 1229 1279 potissimum,

218 1285 338 1317 aoristo
354 1285 461 1326 primo
478 1285 730 1326 destitutorum,
752 1287 915 1318 rationem
933 1287 1121 1326 habuisset,
1153 1295 1233 1318 con-

218 1332 432 1373 fudissetque
455 1336 630 1374 praeterea
649 1333 736 1364 hanc
760 1333 895 1374 finalem
918 1334 1101 1374 particulae
1129 1334 1236 1373 signi-

219 1379 412 1412 ficationem
434 1389 511 1411 cum
535 1379 694 1412 obiectiva
721 1380 795 1421 illa,
832 1381 874 1412 de
906 1391 972 1422 qua
994 1381 1061 1412 iam
1087 1381 1230 1421 egimus.

217 1426 351 1459 Indicat
366 1429 482 1459 autem
498 1427 735 1460 coniunctivus
754 1428 923 1460 incertum
942 1437 1030 1467 esse,
1057 1438 1140 1460 num
1156 1437 1234 1459 con-

218 1474 330 1505 silium
346 1475 418 1515 quis
433 1477 643 1506 assecuturus
658 1475 712 1515 sit,
740 1483 800 1506 nec
815 1484 857 1507 ne
873 1476 927 1506 sit.
956 1476 998 1506 V.
1020 1475 1136 1506 Herm.
1158 1475 1180 1506 l.
1202 1484 1230 1506 c.

218 1531 252 1562 p.
277 1517 355 1555 131.
382 1521 424 1553 cf.
446 1521 619 1553 Benseler.
646 1521 687 1554 ad
711 1523 812 1554 Isocr.
833 1523 956 1563 Areop.
977 1532 1011 1563 p.
1032 1519 1113 1554 213.
1146 1522 1233 1553 Con-

218 1569 384 1600 iunctivus
408 1568 514 1609 igitur
540 1571 725 1609 praesentis
752 1573 827 1609 post
855 1579 1014 1610 praesens
1047 1579 1100 1610 ap.
1130 1569 1230 1610 Soph.

218 1614 335 1647 illatus
359 1625 451 1648 nunc
475 1625 542 1648 non
567 1619 698 1657 exstat3
727 1625 845 1648 verum
862 1618 992 1648 aoristt‘:
1035 1614 1156 1662 ὁρῶ...
1171 1627 1235 1661 με-

216 1659 403 1708 τρούμενον
428 1660 512 1710 ἴχνη
592 1661 686 1701 ὅπως
711 1660 803 1708 ἴδῃς,
831 1657 892 1697 εἴτ’
926 1661 1023 1697 ἔνδον
1056 1664 1112 1695 Ai.
1135 1660 1167 1696 6.
1192 1681 1232 1687 --

218 1709 427 1742 Subauditur
451 1719 632 1751 praesensz
670 1720 748 1742 cum
771 1711 905 1743 Electra
940 1711 1085 1743 dixisset
1117 1707 1233 1744 ἐλθεῖν

217 1753 352 1790 ἐκεῖνον
370 1767 415 1790 sc.
438 1754 644 1803 ἐπαρῶμαι,
672 1757 926 1797 Chrysothemis
944 1759 1026 1791 dicit
1052 1755 1147 1795 ὅπως
1165 1755 1235 1790 πά-

216 1801 285 1850 θῃς
300 1814 335 1837 τι
351 1806 491 1852 χρῆμα,
521 1809 557 1837 et
573 1805 756 1847 respondet
772 1805 908 1838 Electra
933 1803 1028 1843 ὅπως
1053 1799 1112 1851 ἀφ’
1137 1802 1233 1849 ὑμῶν

217 1850 265 1889 ὡς
298 1849 488 1897 προσώτατ’
520 1849 663 1899 ἐκφύγω
696 1852 749 1884 ΕΙ.
772 1849 851 1894 390,
873 1850 931 1886 91.
975 1853 1055 1885 Post
1079 1852 1236 1893 futurum

216 1898 457 1932 coniunctivus
479 1900 646 1932 infertur:
682 1896 806 1945 κρύψω
832 1898 967 1946 φορβῆς
998 1901 1161 1934 τοσοῦτον
1188 1898 1234 1936 ὡς

216 1942 241 1980 ἄ
263 1956 301 1984 ος
330 1943 433 1991 μόνον
462 1957 488 1980 π
511 1943 615 1988 οθείς,
653 1944 748 1984 ὅπως
779 1944 912 1992 μίασμα
940 1942 1015 1980 πᾶσ’
1053 1943 1234 1993 ὑπεκφύγῃ

215 2004 242 2027 π
262 1990 315 2031 λις
337 1994 419 2026 Ant.
440 1957 521 2027 776.
550 1994 654 2027 Recte
677 1995 725 2027 sic
742 1995 820 2027 LA:
849 1995 907 2027 alii
925 1992 1127 2041 ὑπεκφύγοι,
1149 1995 1236 2035 quod

216 2040 259 2073 ad
282 2037 422 2086 προθείς
446 2042 684 2082 referendum,
712 2041 772 2074 sed
797 2043 913 2074 minus
940 2042 1151 2074 commodum
1169 2044 1231 2073 est.

215 2088 268 2121 Ita
285 2088 342 2120 Tr.
363 2085 444 2121 335.
465 2083 645 2134 ἀμμείνασ’
666 2086 761 2127 ὅπως
780 2086 896 2134 μάθῃς
923 2090 1061 2129 legitur,
1091 2089 1235 2120 relatum

217 2135 349 2168 scilicet
364 2135 406 2168 ad
422 2136 458 2168 id
470 2136 559 2177 quod
576 2137 758 2177 praecessit
770 2140 955 2183 χωρῶμεν,
978 2136 1070 2168 unde
1089 2136 1235 2176 intelligi

217 2181 321 2215 debet
363 2182 455 2229 ώρει.
479 2201 520 2207 -
546 2180 678 2228 ἥξαμεν
703 2175 965 2220 πάλῖν...ὅπως
991 2182 1150 2229 φέρωμεν
1177 2183 1230 2213 ΕΙ.

218 2226 275 2262 56.
310 2227 334 2276 ἥ
355 2228 597 2268 οντα...ὅπως
625 2241 658 2264 τι
691 2228 819 2277 δράσῃ;
863 2230 919 2263 OC
937 2227 1016 2263 398.
1048 2231 1135 2272 quod
1159 2240 1234 2261 cum

217 2276 368 2319 Oedipus
393 2278 641 2318 quaesivisset,
669 2279 804 2310 Ismene
822 2278 1004 2319 respondet
1029 2276 1076 2315 ὥς
1103 2270 1131 2309 o'
1154 2274 1234 2323 ἄγχι

243 2325 282 2361 ’ς
373 2334 456 2358 σωσι
482 2319 672 2369 Καδμείας,
701 2322 797 2362 ὅπως
814 2329 965 2371 κρατῶσι
989 2323 1051 2370 μέν
1069 2334 1142 2364 σου,
1169 2327 1234 2369 γῆς

239 2368 257 2404 ὲ
282 2369 332 2417 μὴ
371 2369 519 2419 μβαίνῃς
545 2369 647 2417 ὅρων.
677 2383 710 2404 v.
732 2368 811 2405 399.
858 2373 1078 2413 Imperativus
1103 2372 1234 2411 signifi-

217 2418 350 2451 catione
375 2419 492 2451 futuro
517 2419 693 2460 proximus
716 2419 907 2451 censendus
931 2423 993 2451 est.
1022 2416 1152 2465 γέγωνέ
1178 2429 1236 2463 μοι

218 2467 286 2500 πᾶν
302 2459 412 2508 τοῦθ’,
431 2463 527 2504 ὅπως
544 2463 628 2500 εἰδῶ
644 2464 694 2504 τίς
712 2463 744 2500 εἶ
758 2466 819 2498 Ph.
831 2463 912 2499 283.
934 2465 1032 2500 αἰτοῦ
1099 2463 1231 2510 μολεῖν,

272 2508 369 2552 ὅπως
391 2511 430 2547 τὸ
456 2510 576 2547 λοιπὸν
602 2510 704 2548 αὐτὸν
726 2511 960 2559 ἀφνεωτέραις
976 2512 1073 2560 χερσὶ
1099 2510 1235 2570 στέφω-

217 2570 280 2605 μεν
298 2560 351 2592 ΕΙ.
371 2556 453 2593 457.
483 2558 602 2641 ἔπαιξε
621 2558 667 2642 δτέ
690 2558 729 2594 σὺ
746 2558 791 2596 θύ
823 2557 927 2594 αθ’.,.
941 2558 1035 2598 ὅπως
1051 2558 1234 2606 λυτηριους

215 2603 322 2653 εύχάς
346 2605 488 2653 ἀνάσχω
513 2604 558 2640 63
586 2632 593 2639 .
623 2619 650 2653 μ
669 2604 728 2646 θες
750 2572 821 2642 τόδἐ
848 2605 872 2642 ἄ
894 2619 952 2654 γος
975 2609 1054 2648 νῦν,
1083 2605 1178 2644 ὅπως
1194 2605 1234 2639 τὸ

217 2655 286 2688 πᾶν
309 2651 428 2700 μάθῃς
454 2651 557 2712 1205.
585 2652 717 2702 χαλᾶτε
741 2657 809 2689 πᾶν
834 2653 881 2710 κά
904 2648 990 2700 υμμ’
1014 2648 1072 2712 ἀπ’
1098 2651 1235 2711 ὀφθαλ-

218 2711 322 2782 'siga
334 2698 753 2791 ὅὲῗιῗιτέωὲἓῖἵὲἶέζῗὲ
767 2699 1126 2790 ἱῖῗεειῗμὲἷῶῗηζῒέ
1141 2711 1234 2780 {331³}

217 2795 318 2828 lenda
334 2796 401 2828 nisi
420 2796 570 2828 violenta
586 2797 802 2829 correctione.
839 2794 946 2834 δὸς
959 2794 1054 2833 ὅπως
1081 2793 1234 2873 ἐμαυτῃν

287 2839 344 2881 Εὺν
363 2840 448 2889 τῇδε
465 2840 607 2877 κλαύσω
623 2841 876 2890 κάποδύρωμαι
910 2841 1027 2889 σποδῷ
1051 2843 1106 2875 ΕΙ.
1130 2839 1195 2874 112
1224 2867 1230 2873 .

218 2889 305 2929 Quis
334 2890 425 2922 enim
443 2890 584 2922 auderet
608 2887 720 2924 κλαίω
745 2901 772 2924 s.
801 2888 901 2924 κλάω
919 2891 1064 2923 scribere
1080 2890 1235 2921 Dawesio

219 2937 478 2969 satisfacturus?
510 2935 642 2984 φάνηθι
722 2935 817 2976 ὅπως
851 2948 911 2982 μοι
942 2933 1055 2971 Νύσια
1087 2929 1233 2970 Κνώσσι’

219 2977 392 3031 όρχήματ’
410 2981 514 3031 ἱάψῃς
531 2985 587 3016 Ai.
607 2981 676 3018 697
694 2985 746 3017 ch.
768 2985 885 3017 Glossa
901 2982 1055 3030 πέμψῃς,
1077 2980 1235 3028 ἐμβάλῃς

217 3040 288 3063 una
304 3041 381 3063 cum
395 3031 492 3064 libris
520 3032 603 3064 satis
627 3032 781 3064 defendit
806 3031 986 3072 aoristum,
1018 3040 1119 3072 quem
1137 3039 1236 3062 nemo

218 3078 344 3118 attigit.
374 3095 415 3102 -
448 3078 629 3111 Praeterito
653 3079 892 3111 coniunctivus
915 3079 1082 3110 infertur:
1132 3075 1235 3114 ἱκέτις

219 3122 419 3171 ἀφῖγμαι...
435 3123 530 3163 ὅπως
543 3123 639 3159 λύσιν
656 3120 714 3159 τίν’
734 3124 819 3171 ἧμιν
837 3122 943 3171 εὐαγῆ
959 3123 1070 3170 πόρῃς
1083 3124 1142 3156 OR
1150 3121 1213 3156 921
1224 3148 1231 3155 .

218 3175 256 3203 ut
272 3172 436 3212 laryiaris.
470 3173 571 3205 Eust.
593 3183 627 3214 p.
651 3169 752 3214 1112,
773 3170 831 3206 37.
853 3171 986 3218 πόροις,
1015 3172 1104 3213 quod
1121 3172 1235 3212 ipsum

219 3228 357 3261 quoque
374 3219 511 3252 defendi
528 3223 651 3261 potest.
937 3217 986 3263 (ΙΙ
1003 3230 1037 3261 p.
1059 3215 1139 3259 337,
1159 3215 1236 3261 13.)

291 3275 318 3298 c.
334 3263 346 3309 Η
358 3265 534 3306 optativus
550 3269 737 3308 perpetuus
754 3267 1014 3308 praeteritorum
1033 3275 1142 3298 comes
1160 3275 1235 3297 cum

221 3313 287 3345 alio
311 3316 502 3354 temporum
520 3323 643 3354 genere
659 3314 836 3355 copulatus
860 3323 927 3345 non
946 3313 1125 3355 reperitur.
1154 3310 1238 3358 ἀφι-

1016 126 1178 185 (Ὀπως
1202 159 1271 165 ———
1290 122 1451 196 ‘Opo'tm

2229 49 2255 84 32

1966 136 2017 184 [ιι
2027 116 2263 183 pesa-3352

1268 244 1409 291 θάνοιμι
1426 244 1601 284 πανδίκως
1617 243 1640 290 ἢ
1659 244 1739 284 τοὺς
1755 240 1828 279 τάδ’
1849 244 2082 293 ἐκπράξαντας
2099 243 2266 294 έκβάλοῲ

1268 295 1332 340 γῆς
1350 293 1406 326 OC
1427 291 1528 326 1305.
1555 291 1615 327 καί
1638 304 1688 327 νιν
1707 293 1797 339 πυρᾷ
1820 291 1960 327 κέαντες
1983 291 2086 332 εὐθὺς
2103 291 2139 328 ἐν
2158 291 2178 339 β
2201 296 2266 343 axe

1267 338 1392 388 χαλκῷ
1454 339 1497 386 φέ
1521 351 1613 375 ουσιν
1678 367 1685 381 ,
1701 338 1796 378 ὅπως
1814 334 1974 386 πατρῴας
1989 339 2120 387 τύμβον
2139 305 2279 391 ἐτιῗάχρἸ

1267 384 1395 434 χθονός
1409 388 1462 420 ΕΙ.
1475 386 1496 420 7
1522 386 1554 420 0.
1577 389 1622 420 Et
1639 388 1810 420 commode
1826 388 1867 420 ad
1882 387 2022 427 κέαντες
2039 389 2157 421 referri
2176 386 2270 424 ἐκλά-

1267 445 1327 481 χοι
1352 439 1482 476 potest‚
1512 440 1546 467 et
1569 445 1611 467 ex
1638 438 1751 467 mente
1776 436 1960 468 ferentium
1977 436 2114 477 oblique
2130 435 2215 478 dici,
2243 444 2283 469 u<

1268 483 1474 523 sepeliretur,
1519 481 1796 523 quemadmodum
1835 483 1966 523 quidem
2005 482 2186 516 sentiebant
2219 482 2288 516 iuti

1269 523 1383 575 &⁷:552
1412 527 1507 567 ὅπως
1530 540 1583 563 τοι
1606 532 1740 575 πρῶτος
1765 526 1923 576 ἀγγείλας
1953 527 2033 564 τάδε
2057 528 2142 575 πρὸς
2168 531 2229 564 σοῦ
2249 536 2288 569 t}

1269 541 1469 622 zesssdvazat
1487 577 1542 608 Tr.
1567 574 1645 609 190.
1679 577 1806 608 Eadem
1823 578 1906 609 ratio
1920 578 2088 618 participii
2102 577 2288 618 praesentit}

1270 625 1456 664 praegressi
1474 629 1536 663 est,
1555 625 1583 655 si
1602 624 1735 665 qnando
1752 625 1948 664 imperfecto
1965 624 2202 656 resolvendum
2215 627 2288 657 est.⁴

1269 674 1337 703 τῶν
1356 669 1468 716 λόγων
1495 669 1700 718 ἐπῃσθόμην
1718 669 1803 716 πρὸς
1821 668 1937 710 ἔξοδον
1956 669 2138 719 στείχουσα
2150 698 2157 712 ,
2187 668 2278 706 Παλ-

1270 716 1374 756 λάδος
1391 718 1475 755 θεᾶς
1492 715 1587 755 ὅπως
1606 716 1746 764 ἱκοίμην
1764 716 1943 764 εὐγμάτων
1961 713 2115 765 προσήγο
2139 729 2176 757 ος
2198 719 2280 751 Ant.

1273 763 1363 798 1185
1381 767 1403 797 i.
1425 775 1456 806 q.
1481 763 1536 799 ὅτε
1561 763 1726 812 ἔστειγον.
1755 762 1985 799 ἐπεὶ...παῖδ’
2010 763 2046 799 ἐν
2072 763 2115 799 αὐ
2141 767 2196 803 αῖς
2213 762 2282 799 εἶδε

1269 810 1374 846 κοῖλα
1391 811 1511 857 δέμνια
1535 806 1721 859 στορνύνθ’,
1751 809 1845 850 ὅπως
1873 810 2024 859 ἄψορρον
2049 805 2161 859 ἀντῴη
2183 809 2283 892 πατρί

1271 860 1326 891 Tr.
1341 856 1420 892 902.
1450 860 1536 891 Item
1554 861 1774 900 praeteritum
1793 860 2037 892 adsumendum
2054 864 2107 892 est
2124 861 2187 892 Th.
2201 857 2246 892 35
2273 883 2281 892 .

1271 905 1418 952 μάλιστα
1447 906 1509 950 μὲν
1542 904 1584 951 δὴ
1613 909 1673 941 τοῦ
1703 904 1868 944 θανόντος
1899 905 2018 954 ἱμέρῳ,
2049 904 2144 945 ὅπως
2178 900 2282 952 ἴδοιμ’

1269 951 1443 987 άθαπτον;
1474 955 1496 986 i.
1519 964 1548 986 e.
1572 952 1712 1000 ἱμείρων
1738 965 1764 986 s.
1787 952 1862 988 ἐπεὶ
1877 950 2022 1000 ἵμειρον.
2060 954 2170 987 Semel
2188 957 2286 995 opta-

1270 1003 1357 1033 tivus
1380 1003 1526 1041 optativo
1551 1003 1649 1034 alteri
1669 1002 1804 1042 oblique
1830 1002 1991 1034 infertur:
2033 999 2215 1047 γενοίμαν,
2243 998 2287 1035 ἵν’

1270 1045 1374 1081 ύλᾶεν
1389 1047 1503 1082 ἔπεστι
1517 1047 1641 1082 πόντου
1655 1044 1828 1094 πρόβλημ’
1845 1046 2051 1082 ἁλίκλυστον
2113 1046 2174 1086 τὰς
2193 1045 2286 1093 ἱερὰς

1271 1093 1365 1132 ὅπως
1399 1091 1651 1142 προσείποιμεν’
1684 1091 1834 1133 Ἀθάνας
1867 1096 1922 1128 Ai.
1946 1093 2032 1128 1221
2052 1096 2104 1128 ch.
2131 1099 2169 1128 ut
2191 1098 2283 1136 esset,

1270 1143 1430 1184 quomodo
1442 1152 1622 1183 pos-semu&
1644 1144 1810 1185 explicuit
1826 1143 1942 1175 Herm.

1341 1188 1399 1234 (1.1]
1418 1190 1631 1222 Coniunctivo
1649 1188 1673 1224 ἄ
1680 1202 1697 1223 ν
1716 1191 1851 1222 additur
1863 1190 2056 1231 aliquoties.
2074 1187 2146 1224 ἴσθι
2163 1190 2231 1223 πᾶν
2246 1189 2287 1224 τὸ

1270 1234 1457 1284 δρώμενον,
1479 1234 1573 1275 ὅπως
1592 1235 1632 1271 ἂν
1650 1236 1749 1275 εἰδὼς
1766 1235 1850 1283 ἧμιν
1867 1235 2030 1283 ἀγγείλῃς
2047 1239 2140 1283 σαφῆ
2167 1237 2208 1269 ΕΙ
2225 1233 2283 1268 41.

1270 1282 1423 1329 φύλασσε
1502 1278 1610 1318 ἔπειθ’
1629 1278 1723 1322 ὅπως
1749 1281 1790 1318 ἂν
1808 1283 1832 1329 ἡ
1857 1284 1957 1331 χάρις
2038 1281 2072 1323 ἐξ
2097 1281 2213 1330 ἁπλῆς
2235 1282 2288 1317 δι-

1269 1329 1340 1376 πλῆ
1360 1331 1453 1380 φανῇ
1478 1333 1533 1364 Tr.
1556 1329 1636 1364 618.
1656 1329 1746 1365 τοῦτ’
1776 1329 1859 1365 αὐτὸ
1876 1334 1935 1366 νῦν
1962 1329 2104 1378 δίδασχ’,
2133 1324 2228 1369 ὅπως
2245 1327 2286 1365 ἂν

1270 1377 1418 1423 ἐκμάθω
1436 1379 1492 1412 OC
1511 1377 1590 1411 575.
1628 1379 1757 1412 Sensus
1781 1379 1962 1412 discrimen
1980 1388 2046 1411 non
2064 1382 2128 1412 est.

1341 1436 1370 1458 e.
1392 1429 1407 1464 ss
1425 1419 1542 1463 ὅπως
1561 1438 1586 1469 μ
1603 1424 1610 1436 ’
1637 1427 1737 1458 finale
1751 1427 1890 1467 eisdem,
1905 1427 2030 1468 quibus
2048 1419 2143 1463 ὅπως
2160 1425 2287 1462 regulis

1270 1473 1450 1506 iudicatur.
1479 1473 1534 1506 OC
1552 1471 1596 1505 39
1625 1498 1631 1505 .
1660 1475 1695 1505 in
1722 1483 1788 1515 qua
1813 1475 1984 1506 sententia
2011 1465 2105 1511 ὅπως
2130 1476 2165 1506 et
2191 1467 2288 1510 ὅπως

1271 1518 1320 1566 μή
1350 1521 1447 1552 iuxta
1470 1522 1582 1561 posita
1607 1524 1699 1561 sunt,
1738 1522 1804 1552 iam
1829 1522 2021 1553 attulimus.
2057 1514 2284 1566 φρουρήσουσ“

1272 1560 1368 1605 ὅπως
1397 1564 1565 1614 Αἴγισθος
1589 1565 1754 1621 ἡμᾶςυμὴ
1771 1563 1864 1616 λάθῃ
1883 1566 2000 1613 μολὼν
2019 1565 2088 1601 ἔσω
2105 1568 2158 1599 ΕΙ.
2183 1564 2284 1599 1402.

1271 1616 1380 1648 Possit
1406 1615 1466 1647 hoc
1491 1615 1594 1647 etiam
1619 1615 1659 1647 ad
1684 1626 1778 1652 οπως
1805 1615 2063 1647 adverbiascens
2088 1615 2218 1655 referri,
2246 1623 2288 1646 ne

1272 1672 1333 1703 quo
1350 1663 1446 1694 modo
1463 1663 1574 1694 lateat.
1597 1659 1672 1703 ἴτω,
1695 1655 1789 1699 ὅπως
1806 1674 1831 1707 μ
1883 1657 1923 1696 έτ’
1951 1660 2056 1708 ἆμαρ.
2076 1657 2150 1696 ἄλλ’
2170 1658 2288 1695 εἰσίδω

1269 1711 1352 1742 Ant.
1375 1706 1466 1742 1332
1485 1720 1529 1742 m.
1545 1708 1597 1742 σοὶ
1614 1713 1789 1755 προφωνῶ
1814 1720 1834 1741 τ
1856 1708 1912 1743 νδε
1936 1708 1985 1755 μὴ
2011 1706 2166 1750 θάπτειν,
2188 1701 2284 1746 ὅπως

1306 1755 1315 1767 ³
1349 1754 1445 1790 τόνδε
1469 1752 1611 1790 θάπτων
1638 1755 1739 1794 αὐτὸς
1766 1755 1801 1794 ἐς
1825 1754 1936 1803 ταφὰς
1961 1755 2069 1804 πέσῃς
2103 1757 2158 1788 Ai.
2182 1752 2284 1789 1089.

1271 1768 1394 1851 δέδοιχ’
1416 1797 1511 1841 ὅπως
1529 1802 1578 1848 μὴ
1603 1799 1637 1836 ’κ
1653 1806 1716 1849 τῆς
1736 1806 1868 1850 σιωπῆς
1885 1797 1982 1848 τῆσδ’
1997 1800 2179 1860 ἀναρρήξει
2196 1800 2288 1836 κακοί

1271 1848 1448 1884 0R1074.
1485 1852 1539 1884 Sic
1560 1851 1724 1883 Brunckii
1747 1851 1822 1883 DE.
1852 1851 1940 1883 Rell.
1967 1847 2162 1897 ἀναρρηξῃ,
2199 1850 2288 1892 quod

1271 1899 1474 1942 servandum
1500 1899 1585 1938 fuit,
1615 1899 1783 1939 siquidem
1805 1899 1891 1930 falsa
1907 1899 2054 1930 Dawesii
2079 1898 2195 1938 regula
2220 1900 2284 1938 est,

1271 1946 1423 1987 quamvis
1448 1945 1503 1978 hic
1533 1946 1635 1978 etiam
1659 1956 1678 1977 a
1701 1945 1847 1978 Porsono
1872 1945 2012 1978 defensa
2042 1945 2083 1977 ad
2108 1944 2283 1986 Aristoph.

1271 1994 1335 2025 Av.
1361 1990 1451 2026 1238
1467 2003 1501 2034 p.
1526 1989 1603 2024 183.
1625 2011 1669 2015 -
1689 1992 1801 2025 Semel
1819 1993 1924 2025 etiam
1949 1994 2115 2033 optativus
2132 1992 2288 2033 obliquae

1271 2042 1433 2073 orationis
1457 2041 1637 2082 reperitur.
1671 2037 1738 2072 εἴτε
1809 2034 1925 2086 γένοιτ’
1959 2037 2106 2085 ἔπουρος
2134 2037 2288 2076 ἑστιῶτις

1271 2084 1369 2132 αὔρα,
1407 2085 1483 2132 ἥτις
1517 2082 1548 2131 μ’
1585 2084 1790 2120 ἀποικίσειεν
1827 2084 1868 2121 ἐκ
1898 2088 2026 2128 τόπων,
2064 2079 2159 2125 ὅπως
2235 2083 2286 2131 μὴ

1270 2132 1444 2180 ταρβαλέα
1468 2131 1608 2178 θάνοιμι
1626 2134 1682 2166 Tr.
1704 2131 1772 2166 955
1787 2134 1839 2166 ch.

1341 2183 1513 2214 Postremo
1531 2190 1659 2222 moneo,
1692 2182 1732 2213 de
1750 2181 1917 2213 industria
1934 2191 1988 2213 me
2006 2181 2161 2214 omisisse
2177 2181 2288 2213 locum

1271 2230 1355 2262 Ach.
1379 2231 1457 2262 Am.
1486 2230 1526 2261 fr.
1552 2224 1634 2268 162,
1663 2225 1702 2267 6;
1733 2229 1793 2260 ubi
1818 2238 1894 2261 cum
1910 2229 2042 2269 legatur
2073 2225 2173 2265 τέλος
2206 2222 2231 2260 δ’
2268 2225 2288 2260 ὁ

1271 2275 1385 2323 χυμὸς
1400 2270 1474 2310 οὔθ’
1492 2273 1586 2313 ὅπως
1601 2273 1676 2322 ἀφῆ
1687 2273 1793 2316 θέλει,
1815 2276 1961 2307 Brunck.
1976 2276 2024 2307 sic
2037 2273 2091 2319 ἀφ
2103 2275 2119 2282 ”
2142 2275 2288 2314 intelligi

1272 2333 1339 2356 non
1365 2333 1462 2365 posse
1487 2324 1627 2363 videns,
1657 2309 1723 2355 ὃύδ
1752 2320 1928 2368 ἀφεθῆναί
1959 2333 2035 2360 πως
2060 2286 2154 2356 θέλει
2178 2322 2284 2354 dedit.

1328 2386 1566 2438 ‘'Omnem-:ep
1589 2393 1864 2434 quemadmodum
1882 2392 2022 2434 quidem.
2048 2393 2181 2425 Dicitur
2193 2392 2287 2424 enim

1272 2442 1339 2481 ita,
1376 2445 1415 2473 ut
1439 2441 1479 2472 ad
1505 2441 1734 2472 correlativam
1766 2440 1938 2472 notionem
1961 2440 2130 2482 respiciat.
2174 2435 2287 2476 αὕτως

1272 2486 1434 2533 ὅπωσπερ
1451 2481 1539 2521 τόνδ’
1565 2486 1632 2534 ἐγὼ
1649 2485 1763 2532 τέμνω
1781 2484 1911 2520 πλόκον
1929 2487 1984 2519 Ai.
2007 2484 2109 2519 1179.
2129 2484 2173 2532 ἦν
2189 2482 2288 2520 ταῦθ’

1273 2533 1433 2581 ὅπωσπερ
1451 2533 1510 2568 καὶ
1527 2533 1566 2568 σὺ
1585 2528 1653 2582 φῃς
1670 2535 1728 2567 OR
1747 2531 1836 2567 1336
1854 2534 1906 2566 ch.

1343 2588 1576 2640 *Ὀράνιος
1603 2605 1634 2626 v,
1664 2590 1832 2639 οὐράνιος.
1984 2589 2034 2636 (11
2052 2601 2086 2633 p.
2107 2588 2188 2632 338,
2213 2588 2288 2635 17.)

1338 2648 1496 2699 Ὀράω.
1535 2654 1562 2684 I.
1592 2653 1758 2684 Formae..
1780 2649 1810 2684 1.
1832 2651 1941 2683 Acttvz·
1960 2659 2071 2692 praes.
2092 2649 2163 2682 ind.
2200 2647 2218 2683 ὁ
2258 2652 2287 2682 ὦ

1271 2701 1330 2732 Ph.
1353 2697 1410 2732 31.
1439 2696 1496 2731 98.
1525 2696 1593 2731 839
1612 2710 1656 2731 m.
1687 2695 1788 2731 1381.
1825 2698 1883 2730 ΟΒ.
1899 2695 1956 2730 45.
1985 2694 2065 2730 324.
2094 2694 2174 2730 530.
2202 2693 2224 2728 6
2253 2693 2283 2728 1.

1271 2747 1326 2780 OC
1344 2743 1401 2779 29.
1425 2743 1491 2778 139
1508 2756 1563 2778 an.
1593 2743 1673 2778 311.
1702 2742 1783 2777 729.
1807 2741 1908 2777 1516.
1935 2746 2018 2777 Ant.
2040 2741 2120 2776 743.
2141 2740 2210 2776 804
2228 2753 2283 2775 an.

1274 2791 1375 2826 1180.
1397 2794 1452 2825 Tr.
1478 2790 1555 2826 179.
1575 2790 1657 2826 225.
1678 2789 1759 2824 547.
1779 2789 1859 2824 706.
1877 2788 1958 2824 912.
1974 2789 2055 2823 915.
2074 2791 2131 2823 Ai.
2148 2787 2181 2822 3.
2205 2787 2282 2822 125.

1272 2837 1351 2873 894.
1384 2837 1485 2873 1046.
1516 2837 1616 2871 1157.
1649 2836 1752 2872 1256.
1788 2839 1843 2870 ΕΙ.
1872 2835 1954 2871 260.
1979 2835 2060 2870 324.
2091 2834 2171 2869 610.
2201 2833 2281 2870 894.

1271 2885 1351 2920 900.
1381 2884 1461 2919 946.
1493 2884 1593 2919 1170.
1623 2888 1663 2919 fr.
1684 2887 1768 2927 Aeg.
1797 2882 1854 2918 22.
1884 2886 2003 2927 Eriph.
2030 2881 2111 2916 208.
2143 2883 2282 2916 Oenom.

1272 2932 1353 2975 422,
1376 2932 1406 2966 1.
1428 2934 1556 2972 Polyid.
1577 2931 1648 2966 462
1663 2945 1693 2973 a,
1716 2931 1748 2964 1.
1768 2951 1825 2965 —.
1846 2931 1952 2978 ὁρᾷς
1970 2932 2030 2964 Ph.
2051 2928 2117 2964 159
2127 2940 2180 2962 an.
2202 2927 2284 2963 471.

1274 2978 1364 3014 1130
1381 2991 1426 3013 m.
1458 2978 1561 3013 1254.
1593 2977 1693 3013 1296.
1723 2980 1781 3012 OR
1800 2976 1854 3011 15.
1882 2977 1962 3012 687.
1989 2978 2045 3011 OG
2069 2974 2150 3011 937.
2182 2974 2282 3009 1424.

1274 3025 1364 3061 1730
1382 3038 1427 3060 m.
1464 3029 1547 3060 Ant.
1577 3025 1657 3060 508.
1686 3024 1767 3059 712.
1798 3023 1877 3058 735.
1914 3026 1970 3058 Tr.
1991 3022 2072 3057 241.
2100 3021 2180 3057 365.
2201 3020 2282 3057 419.

1273 3075 1327 3107 Ai.
1352 3072 1430 3107 118.
1460 3071 1528 3106 364
1545 3085 1589 3107 m.
1618 3071 1698 3106 386.
1742 3074 1797 3106 El.
1826 3070 1906 3105 628.
1937 3069 2017 3105 973.
2048 3068 2151 3103 1114.
2181 3067 2282 3103 1188.

1273 3122 1357 3154 Ach.
1383 3123 1460 3154 Am.
1485 3118 1561 3154 165.
1590 3131 1667 3153 cum
1691 3121 1819 3161 insigni
1844 3121 2028 3161 scripturae
2045 3118 2282 3160 discrepantia.

1272 3170 1372 3201 Haud
1397 3169 1499 3200 dubie
1525 3169 1616 3200 enim
1642 3172 1730 3199 recte
1755 3168 1879 3207 legitur
1903 3165 1946 3200 τὰ
1963 3163 2103 3211 παιδίχ’,
2127 3165 2175 3203 ὡς
2192 3162 2284 3209 ὁρᾷς,

1273 3214 1455 3253 ἀπώλεσας
1480 3225 1534 3256 ap.
1556 3216 1658 3247 schol.
1696 3216 1754 3246 Ar.
1775 3216 1879 3256 Vesp.
1911 3211 2011 3246 1021.
2028 3214 2124 3245 Phot.
2146 3222 2180 3253 p.
2201 3207 2281 3252 369,

1276 3261 1331 3296 10.
1375 3263 1469 3296 Suid.
1499 3273 1529 3293 v.
1559 3260 1710 3295 παιδικά.
1759 3261 1825 3293 Sed
1851 3271 1926 3293 cum
1952 3270 1995 3292 ex
2021 3270 2070 3300 gr.
2101 3259 2201 3292 Coisl.
2228 3267 2281 3299 ap.

1274 3310 1409 3342 Bachm.
1433 3307 1463 3342 1.
1491 3319 1524 3350 p.
1547 3306 1627 3341 324.
1656 3308 1937 3340 Montefalconius
1955 3318 1988 3348 p.
2016 3303 2096 3339 474.
2124 3306 2286 3338 edidisset

221 3357 349 3404 κόμην,
378 3357 473 3398 ὅπως
498 3362 559 3394 σοῦ
585 3359 670 3406 πρὸς
687 3358 814 3406 δόμους
831 3357 993 3398 ἐλθόντος
1017 3357 1055 3393 εὖ
1074 3355 1239 3404 πράξαιμί
1274 3356 1321 3395 ὡς
1347 3350 1449 3402 opat&
1474 3354 1674 3395 ἀπώλεσας,
1703 3356 1936 3387 Bachmannus
1958 3355 1999 3386 de
2016 3354 2220 3392 coniectura,
2247 3353 2288 3384 ut

221 3416 254 3439 τι
269 3405 328 3439 OR
347 3403 449 3440 1005.
471 3404 669 3453 ξυνωμότας
687 3405 801 3454 ἔστησ’
825 3405 1029 3454 ἐμαυτῷ...,
1049 3404 1193 3445 ὅπως...
1213 3402 1237 3452 ἢ
1274 3404 1420 3445 videtur,
1448 3403 1495 3441 ὡς
1522 3401 1593 3449 ὁρῶ
1620 3398 1644 3435 σ’
1672 3399 1866 3436 ἀπώλεσαν.
1895 3402 1962 3434 inc.
1983 3397 2062 3433 749.
2085 3411 2116 3433 v.
2146 3397 2287 3447 ἐξέρχο-
