2288 3600
293 127 389 177 438

291 255 368 288 pars
386 245 560 286 compositi
577 245 744 276 adiectiva
759 245 800 277 ad
825 253 948 276 nomen
962 268 970 284 ,
1006 245 1098 276 unde
1123 244 1305 286 pendebat,

292 303 367 325 sese
384 292 550 334 applicet,
570 301 647 333 pars
664 292 877 324 substantiva
894 293 948 324 sui
965 292 1050 323 iuris
1068 292 1127 323 flat
1144 292 1309 331 genitivo-

293 350 359 382 que
385 349 463 372 casu
493 340 702 371 enuntietur.
748 338 804 371 Sic
823 336 973 386 ὀξύχειρι
996 337 1055 372 σὺν
1083 336 1205 384 κτύπῳ
1238 338 1308 370 Ae-

293 388 405 427 schylo
422 387 550 418 dictum
568 386 651 419 Cho.
671 383 737 427 23;
768 396 835 418 non
852 380 964 418 sortitu
981 387 1076 418 celeri
1099 395 1204 418 manu
1232 395 1311 418 con-

294 436 380 477 fecto
393 459 401 474 ,
422 434 481 466 sed
497 434 637 466 stridulo
660 443 822 465 manuum
839 443 918 466 sono
931 458 939 473 ‚
969 431 1041 473 ὀξεῖ
1056 431 1176 478 κτύπῳ
1194 431 1311 479 χειρός

297 480 407 527 [κόπῳ
418 481 522 515 Dind.
536 491 565 513 c.
578 478 721 525 Pauw.].
751 480 819 513 Gur
834 482 1014 513 molestum
1028 482 1216 513 Wellauero
1235 477 1282 514 σύ
1292 491 1310 512 ν

296 531 352 571 sit,
373 529 531 570 equidem
548 538 616 561 non
637 529 816 570 perspicio.
861 529 933 561 Hoc
960 529 1141 560 subiectivi
1166 528 1311 568 genitivi

295 578 443 619 speciem
467 577 582 608 refert.
628 576 791 608 Usitatior
812 577 895 608 ratio
914 579 985 616 est,
1008 586 1084 608 cum
1109 575 1311 607 adiectivum

295 625 517 665 compositum
541 624 576 656 id
597 624 783 664 significat,
820 624 908 664 quod
932 623 1082 663 genitivo
1107 623 1312 654 substantivi

295 673 379 704 recti
404 672 475 703 sive
499 672 681 713 pendentis
706 671 789 703 alias
806 671 941 703 dicitur.
985 671 1095 703 Diana
1112 670 1237 702 dicitur
1253 667 1312 703 εύ-

296 717 475 762 πατέρειαν
502 716 609 752 αὐλὰν
632 719 782 751 habitare
804 718 888 750 Eur.
912 718 1016 759 Hipp.
1038 714 1082 749 67
1101 718 1125 749 i.
1147 727 1177 749 e.
1205 714 1311 750 αὐλὰν

295 766 423 812 πατρὸς
481 763 607 812 εγάλου
633 776 660 798 s.
698 764 866 810 εὐγενοῦς.
922 762 1170 810 μελάμπεπλος
1206 762 1311 809 στολὴ

296 815 412 847 Alcest
428 811 450 845 4
476 811 497 845 7
515 817 569 846 est
586 811 691 858 στολὴ
711 811 858 858 μέλανος
877 811 1009 846 πέπλου
1042 810 1106 856 [sic
1119 817 1171 844 est
1188 813 1224 844 in
1235 811 1307 844 PC:

297 862 355 895 sed
374 859 603 919 μελαγχίμοις
621 858 766 900 πέπλοις
778 860 882 892 Dind.
904 857 1171 904 exValiisque].
1192 857 1314 904 ἀνδρο-

297 907 429 956 φθόρου
449 908 595 954 αίματος
618 905 718 946 λίπος
745 908 846 949 Soph.
872 908 954 940 Ant.
986 904 1076 939 1022
1107 908 1144 938 in
1178 908 1315 939 brevius

297 961 440 989 coactam
459 956 670 989 sententiam
695 957 782 989 hanc
805 956 907 987 habet
922 953 1022 992 λίπος
1042 952 1187 999 αἵματος
1212 953 1251 998 (i.
1282 964 1312 986 e.

296 1002 441 1050 λιπαρὸν
460 1001 564 1049 αἷμα)
582 1001 704 1048 ἀνδρὸς
724 1001 925 1049 φθαρέντος.
955 1021 1001 1026 --
1025 1000 1105 1048 γόος
1133 1001 1316 1049 κακόγαμ-

300 1050 381 1097 βρος
398 1052 500 1084 Rhes.
522 1048 592 1083 260
609 1054 662 1083 est
678 1050 757 1096 περὶ
773 1052 884 1084 κακοῦ
908 1048 1078 1096 γαμβροῦ.
1125 1047 1228 1094 ἑσμὸς
1251 1048 1316 1095 ἀρ-

298 1095 518 1144 σενοπληθής
542 1099 665 1130 Aesch.
696 1099 814 1140 Suppl.
845 1095 890 1130 30
914 1100 938 1130 i.
966 1107 997 1139 q.
1043 1095 1195 1142 ἀρσένων
1223 1095 1316 1142 πλη-

298 1144 393 1181 θύων
412 1157 439 1179 s.
456 1144 595 1180 πολλῶν
613 1144 777 1191 ἀρσένων.
823 1145 876 1177 De
901 1147 963 1177 hoc
987 1155 1110 1185 genere
1129 1145 1318 1176 observavit

300 1194 462 1227 Matthiae
487 1194 528 1227 ad
553 1193 653 1226 Rhes.
682 1194 705 1225 l.
728 1204 755 1226 c.
773 1219 780 1233 ,
812 1193 871 1225 sed
896 1202 981 1234 quae
1007 1193 1137 1224 confert
1161 1193 1317 1233 exempla

298 1242 460 1274 Androm.
485 1238 562 1273 197.
591 1241 717 1273 Phoen.
742 1237 832 1274 1353
849 1240 1057 1272 alienissima
1075 1243 1167 1271 sunt.
1204 1241 1316 1271 Inter-

301 1290 382 1322 dum
400 1290 492 1321 enim
510 1289 674 1320 adiectiva
691 1288 855 1321 eiusmodi
872 1289 993 1320 insunt
1005 1289 1042 1319 in
1059 1288 1230 1319 sententia
1241 1312 1249 1327 ,
1279 1290 1318 1318 ut

300 1347 378 1370 cum
411 1337 622 1368 substantivo
646 1337 686 1368 ab
711 1337 775 1368 alio
805 1336 947 1377 quodam
981 1335 1116 1366 nomine
1147 1335 1318 1376 pendente

301 1385 481 1417 coniuncta
512 1387 627 1425 aperte
652 1384 825 1415 abundans
855 1383 983 1424 aliquid
1016 1386 1215 1414 monstrent.
1263 1381 1318 1413 Sic

299 1429 533 1479 λευκοπήχεις
549 1427 699 1468 κτύπους
716 1433 833 1477 χεροῖν
853 1431 942 1462 dixit
958 1431 1040 1462 Eur.
1062 1430 1188 1461 Phoen.
1217 1430 1240 1460 l.
1270 1439 1314 1470 c.,

301 1479 390 1521 quod
422 1489 499 1511 cum
523 1489 556 1510 V.
584 1474 694 1519 1635,
732 1479 791 1510 ubi
817 1476 997 1524 τρίπτυχοι
1030 1474 1155 1522 θρῆνοι
1186 1481 1318 1522 νεκρῶν

302 1536 498 1567 comparans
526 1525 689 1558 Matthiae
712 1527 813 1566 plane
840 1526 980 1557 fallitur.
1025 1525 1096 1556 Hoc
1121 1525 1213 1556 enim
1238 1526 1318 1556 sim-

301 1574 486 1615 plicissima
517 1573 595 1614 illa,
628 1573 669 1605 de
694 1583 759 1614 qua
784 1574 954 1613 diximus,
983 1572 1157 1613 hypallage
1190 1572 1318 1603 dictum

302 1630 361 1663 pro
375 1617 572 1667 τριπτύχων
588 1624 719 1666 νεκρῶν
738 1618 860 1665 θρῆνοι
877 1621 901 1651 i.
922 1630 951 1652 e.
971 1622 1116 1666 τριῶν.
1146 1637 1191 1642 -—
1217 1619 1318 1651 Porro

303 1670 370 1702 iam
394 1669 563 1701 Homerus
588 1668 677 1700 dixit
702 1668 822 1707 Odyss.
843 1665 883 1708 4,
905 1664 986 1700 783.
1030 1664 1146 1704 ἄσιτος
1171 1664 1323 1703 ἄπαστος

307 1714 452 1762 ἐδητύος
468 1713 533 1760 ἠδὲ
550 1717 698 1760 ποτῆτος
710 1740 718 1755 ,
741 1716 806 1747 etsi
824 1724 890 1747 non
910 1715 1006 1746 credo
1024 1715 1192 1746 dicturum
1215 1715 1324 1746 fuisse

306 1761 422 1801 ἄσιτος
439 1765 591 1808 ποτῆτος
609 1763 677 1794 nisi
693 1763 894 1804 interposito
910 1760 1074 1799 ἄπαστος.
1117 1761 1189 1793 Hoc
1207 1771 1323 1793 exem-

306 1812 400 1853 plum
417 1811 505 1843 viam
522 1810 616 1842 illius
633 1818 716 1842 usus
739 1810 944 1851 praemunit,
966 1819 1031 1851 quo
1048 1811 1227 1849 composita
1244 1808 1285 1840 ab
1303 1820 1325 1842 α

302 1859 471 1900 privativo
495 1866 617 1890 nomen
643 1858 793 1898 genitivo
812 1867 890 1889 casu
915 1858 964 1889 ita
989 1857 1157 1888 adiectum
1184 1857 1321 1896 habent,

307 1910 348 1939 ut
386 1906 416 1938 is
458 1905 708 1937 adverbiascere
752 1905 917 1937 videatur.
974 1901 1129 1950 ἄχαλκος
1173 1901 1325 1937 ἀσπίδων

300 1945 404 1999 Ἄρης
430 1952 531 1993 Soph.
568 1952 627 1985 ΟΒ,
661 1948 725 1984 191
752 1953 774 1984 i.
803 1962 835 1993 q.
873 1949 953 1986 ἄνευ
987 1949 1124 1998 χαλκοῦ
1155 1953 1216 1984 τοῦ
1250 1944 1324 1983 κατ’

307 1997 446 2042 ἀσπίδα,
468 2002 559 2031 scuto
576 2002 671 2031 tenus
688 2009 762 2031 aere
780 2009 913 2040 carens,
940 2000 975 2031 id
998 2002 1050 2030 est
1074 1996 1154 2031 ἄνευ
1181 1995 1324 2035 ἀσπίδος

307 2045 456 2094 χαλκῆς.
509 2047 599 2079 Huic
628 2056 694 2078 non
721 2050 774 2078 est
807 2048 918 2079 simile
948 2047 1143 2087 exemplum
1168 2042 1324 2082 ἄπεπλος

307 2093 446 2140 φαρέων
479 2091 613 2127 λευκῶν
648 2094 730 2126 Eur.
768 2094 894 2126 Phoen.
916 2090 996 2134 324,
1035 2093 1123 2134 quod
1149 2102 1224 2125 cum
1250 2093 1324 2124 aliis

307 2142 544 2175 dissimillimis
586 2142 790 2182 comparavit
838 2141 999 2174 Valcken.
1069 2141 1221 2173 similius
1274 2144 1325 2172 est

306 2187 452 2224 ἄσκευον
470 2186 622 2222 ἀσπίδων
639 2199 675 2221 τε
688 2187 748 2222 καὶ
765 2191 909 2234 στρατοῦ
921 2187 1022 2229 Soph.
1043 2189 1099 2220 El.
1112 2184 1168 2220 36.
1197 2188 1325 2220 Affinia

309 2240 409 2277 sunt,
446 2236 507 2268 sed
534 2237 674 2268 minime
704 2237 820 2268 eodem
846 2237 916 2269 loco
940 2236 1126 2275 censenda,
1164 2245 1238 2267 eum
1265 2235 1324 2266 ad-

308 2284 432 2317 iectiva
471 2283 641 2316 commode
680 2284 897 2316 resolvuntur
935 2283 1134 2324 participiis.
1194 2279 1326 2319 ἄλυπος

308 2329 394 2377 ἄτης
410 2331 464 2363 El.
488 2327 579 2363 1002
604 2331 627 2362 i.
650 2340 680 2362 e.
713 2329 763 2375 μὴ
781 2328 997 2376 λυπούμενος
1015 2327 1092 2375 ἀτη.
1137 2327 1160 2362 ἅ
1185 2339 1237 2362 σοι
1260 2327 1327 2375 γή-

310 2390 380 2425 ρως
405 2375 523 2411 ἄλυπα
546 2375 696 2411 κείσεται
716 2378 772 2411 OC
796 2374 897 2410 1519.
949 2381 1068 2410 κακῶν
1102 2374 1186 2416 ἕξειν
1208 2377 1326 2422 χώραν

309 2423 383 2460 αἰὲν
409 2423 541 2459 ἄλυπον
570 2421 660 2457 1762
683 2435 737 2456 an.
789 2422 913 2469 ἄτιμός
938 2423 1009 2468 εἰμι
1033 2426 1094 2458 τοῦ
1118 2421 1326 2469 τεθνηκότος

309 2473 362 2506 ΕΙ.
386 2469 488 2505 1214.
540 2469 714 2518 ἄψαυστος
732 2469 856 2519 ἔγχους
873 2472 932 2504 OR
948 2468 1028 2504 969.
1065 2474 1184 2504 κακῶν
1202 2469 1327 2507 ἄνατος

311 2519 367 2553 OG
384 2516 464 2552 786.
502 2515 610 2556 Δίκας
628 2516 804 2565 ἀφόβητος
823 2519 881 2552 OR
899 2516 988 2560 8853
1022 2528 1100 2550 nam
1126 2517 1175 2563 μὴ
1195 2515 1325 2565 φοβού-

311 2577 413 2612 μενος
430 2576 466 2599 re
484 2576 562 2599 vera
586 2567 804 2608 participium
829 2567 956 2608 passivi
973 2570 1044 2607 est,
1074 2567 1321 2607 imperterritus.

308 2615 402 2647 Haec
430 2615 572 2655 passivis
597 2614 831 2655 resolvuntur,
862 2615 980 2646 activis
1004 2613 1106 2646 haec:
1145 2610 1326 2659 ἀψόφητος

310 2659 416 2701 ὀξέων
440 2659 658 2706 κωκυμάτων
682 2661 738 2693 Ai.
766 2658 847 2694 321.
893 2658 1044 2707 ἀταρβὴς
1067 2663 1131 2707 τῆς
1157 2658 1241 2698 θέας
1269 2660 1322 2692 Tr.

309 2705 368 2742 23.
388 2727 432 2734 -—
451 2708 601 2740 Rursum
617 2709 710 2741 aliud
726 2711 790 2749 est,
812 2709 944 2750 quando
970 2708 1136 2740 adiectiva
1161 2707 1327 2739 eiusmodi

310 2757 500 2798 acmo-alem
516 2757 686 2788 notionem
701 2756 876 2795 exhibent,
899 2759 1066 2797 sequente
1084 2755 1207 2787 deinde
1231 2765 1329 2786 accu-

311 2804 432 2836 ratiore
455 2803 504 2835 rei
526 2813 587 2844 per
609 2806 723 2844 partes
746 2803 957 2836 definitione.
1004 2799 1146 2839 ἄτεκνος
1176 2799 1327 2847 ἀρσένων

312 2847 444 2884 παίδων
467 2850 549 2882 Eur.
577 2850 697 2883 Bacch.
729 2847 830 2882 1306.
882 2847 986 2888 ἅπαις
1009 2848 1128 2895 γέννας
1151 2846 1329 2894 ἀριστοτό-

312 2907 389 2932 κοιο
414 2897 517 2930 Rhes.
538 2893 619 2929 908.
666 2897 729 2929 His
756 2897 967 2929 simillimum
996 2901 1050 2929 est
1073 2893 1227 2933 ἄπεπλος
1261 2907 1327 2942 φα-

315 2943 402 2989 ρέων
419 2942 553 2978 λευκῶν
571 2944 698 2978 Phoen.
721 2941 800 2977 324.
838 2944 959 2977 Omnia
985 2944 1175 2984 genitivum
1199 2953 1326 2985 epexe-

314 2993 463 3033 geticum
479 2991 606 3023 habent
630 2989 794 3032 ἄτεκνος,
825 2987 978 3037 ἀρσένων
999 3001 1036 3038 γε
1059 2988 1211 3031 παίδων,
1240 2987 1328 3024 άπε-

314 3036 561 3085 πλος,φαρέων
579 3036 711 3072 λευκῶν
730 3037 818 3082 δῆτα
842 3048 919 3072 nam
941 3048 1007 3071 non
1023 3038 1136 3070 nudus
1153 3038 1212 3069 sed
1228 3047 1328 3078 squa-

315 3087 417 3118 lorem
432 3095 548 3127 yercm
563 3086 700 3118 dicitur.
744 3086 857 3119 Etiam
882 3086 1096 3119 substantiva
1127 3088 1186 3116 aut
1210 3089 1328 3116 natura

315 3137 374 3166 aut
392 3134 507 3172 synesi
523 3133 571 3165 ita
587 3136 776 3174 ponuntur,
797 3135 892 3166 velut
910 3130 1068 3167 ποδωκία
1087 3129 1218 3165 σκελῶν
1231 3156 1239 3172 ,
1266 3142 1333 3165 πο-
1369 3127 1448 3162 371.
1494 3127 1528 3162 ἐν
1549 3128 1636 3174 μέσῃ
1654 3126 1845 3175 Τραχινίων
1874 3126 1981 3174 ἀγορᾷ
1990 3078 2227 3172 ἓὲῗινὲονῖί

316 3177 499 3227 λισσοῦχος
515 3175 653 3226 χθονός,
676 3189 867 3221 quanquam
884 3182 966 3214 haec
990 3184 1025 3212 et
1044 3180 1113 3212 illis
1132 3182 1167 3211 et
1190 3179 1279 3210 inter
1294 3188 1331 3210 se
1368 3175 1465 3223 πόρῳ
1484 3173 1565 3209 564.
2141 3173 2147 3182 ’
2164 3173 2170 3183 ”

316 3227 529 3268 aliquantum
555 3227 734 3260 dissimilia
757 3231 856 3260 sunt:
892 3229 935 3260 cf.
963 3228 1090 3260 Iacobs.
1119 3226 1159 3258 ad
1188 3225 1326 3258 Anthol.
1368 3222 1476 3270 μέσην
1494 3221 1605 3270 φλόγα
1623 3220 1690 3255 696
1721 3221 1815 3267 [secl.
1837 3220 1959 3266 Dobr.]
1978 3224 2065 3262 loeo,
2087 3227 2191 3262 quem·
2219 3249 2233 3263 .-

1238 124 1399 180 blesus

2019 0 2091 51 ‘14'
2138 0 2264 42 0³³5>

2059 0 2288 194 [111⁸.de

1346 240 1554 288 μεσόμφαλα
1571 245 1633 289 γᾶς
1653 245 1798 287 μαντεῖα
1814 247 1896 278 sunt
1918 241 1962 278 τὰ
1977 243 2044 279 ἀπὸ
2069 242 2175 290 μέσου
2201 242 2219 278 ὀ
2276 222 2288 246 ’ἡ

1345 287 1404 322 καὶ
1421 291 1485 335 γῆς
1502 287 1663 336 ὀμφαλοῦ
1690 289 1779 336 δῆτα
1795 290 1970 338 γενόμενα.
2016 292 2234 334 Epexegesin

1346 338 1509 378 quaedam
1546 338 1722 370 continent
1755 338 1926 371 hominum
1964 343 2191 380 coquomenta.
2237 339 2264 371 1³·

1347 387 1428 416 sunt
1445 382 1653 422 παυσίπονος
1672 383 1841 428 δουλείας,
1860 385 2049 433 νικηφόρος
2067 385 2199 434 μάχης,
2219 396 2240 428 q

1347 442 1423 464 cum
1447 432 1674 464 diversissima
1697 434 1833 465 miscuit
1857 434 1955 466 Wex.
1984 435 2026 467 ad
2054 434 2172 475 Antig.
2196 431 2282 467 153

1347 478 1509 511 Fritzsch.
1539 480 1579 512 ad
1613 480 1752 512 Lucian.
1781 481 1965 514 Alexandr.
1993 491 2028 523 p.
2048 478 2130 514 235.
2173 482 2220 514 Pa
2264 495 2279 513 υ»

1348 523 1552 572 περσέπολιν
1592 523 1744 572 Τρώων,
1780 525 1956 574 ρυσίπολιν
1990 524 2156 571 Δαναῶν,
2185 526 2246 569 ταξ

1347 571 1442 607 λαῶν
1459 575 1565 615 epigr.
1594 575 1764 607 Menesth.
1793 575 1933 609 Anthol.
1960 576 2031 609 Pal.
2051 580 2077 608 t.
2098 573 2132 608 2.
2160 586 2195 618 p.
2216 574 2267 617 7st

1349 631 1433 663 quae
1458 625 1536 662 apte
1563 622 1708 654 resolvas
1734 621 1861 667 πέρσας
1879 620 1978 657 πόλιν
1999 620 2150 668 Τρώων,
2175 622 2251 671 ῥυσ
2271 618 2274 649 s

1349 665 1504 709 Δαναῶν,
1532 666 1635 707 τάξας
1647 667 1775 716 λόχους
1792 667 1907 711 λαῶν;
1936 671 2076 703 fortasse
2102 672 2205 703 etiam

1350 717 1437 748 feras
1460 713 1658 750 καλλίνικον
1684 715 1848 762 στέφανον
1866 711 1968 751 Ἰλίου
1986 718 2069 750 Eur.
2097 719 2142 750 ΙΤ
2162 715 2226 759 12,
2269 720 2275 747 Γ

1349 761 1456 796 καλὸν
1473 760 1572 808 νίκης
1588 766 1651 809 τῆς
1666 762 1738 797 κατἸ
1757 761 1858 798 Ἰλίου
1879 763 2056 812 στέφανον.
2102 764 2241 812 εὐκερ’

1349 807 1504 856 λοφύλαξ
1537 808 1661 856 ἀγέλας
1688 812 1893 844 Theaetetus
1911 813 2018 846 Anth.
2046 813 2116 845 Pal.
2145 817 2169 846 t.
2197 810 2220 845 2
2252 814 2282 841 ·.’

1350 859 1448 899 dixit,
1472 867 1698 899 epexegeseos
1716 862 1750 891 et
1766 859 1852 891 illud
1868 860 2063 901 exemplum
2075 886 2084 902 ,
2112 861 2171 893 sed
2188 864 2227 893 ut
2261 894 2264 897 .

1351 915 1427 938 cum
1445 906 1584 937 nomine
1602 903 1712 952 φύλαξ
1729 907 1998 947 componendum
2025 917 2124 941 nemo
2147 908 2255 940 desid

1351 953 1527 985 Praeterea
1554 954 1761 994 epexegesin
1788 957 1937 995 spectat,
1965 956 2054 996 quod
2079 957 2202 988 comica

1352 1001 1657 1041 componendorum
1675 1002 1849 1033 verborum
1875 1002 1990 1034 ridens
2013 1003 2239 1042 dithyrambo

1352 1048 1514 1080 adiectivo
1550 1047 1702 1094 κτητικῷ
1731 1049 1919 1089 genitivum
1945 1049 2074 1082 addidit
2108 1051 2247 1092 Aristop

1352 1092 1439 1140 κρέα
1454 1093 1481 1126 τ’
1502 1093 1655 1141 ὀρνίθεια
1668 1094 1818 1142 κιχηλᾶν
1836 1096 1976 1128 dicendo
1993 1097 2081 1130 Nub.
2103 1094 2174 1130 338
2189 1098 2214 1130 i.
2233 1106 2269 1131 e

1354 1140 1512 1188 ὀρνίθων,
1532 1141 1592 1176 καὶ
1608 1140 1740 1190 κιχλῶν
1758 1154 1807 1189 γε.
1839 1161 1880 1167 -
1905 1144 2040 1176 Deinde
2065 1155 2087 1177 a
2114 1144 2219 1177 verbis
2259 1164 2262 1170 ι

1353 1191 1492 1221 sitorum
1514 1191 1677 1231 quaedam
1703 1191 1915 1223 transitivam
1932 1193 2025 1224 verbi
2049 1193 2118 1224 vim
2134 1193 2236 1224 retin·
2265 1204 2267 1208 ⁴

1354 1247 1448 1269 casus
1482 1239 1654 1277 genitivus
1687 1238 1826 1270 addatur
1858 1239 1981 1271 obiecti
2012 1240 2104 1271 vices
2129 1248 2266 1280 gerens

1353 1282 1578 1330 ὑπνοδότειρα
1604 1289 1672 1318 τῶν
1699 1283 1905 1319 πολυπόνων
1931 1283 2063 1332 βροτῶν
2088 1286 2172 1319 Eur.
2207 1286 2253 1320 Or

1354 1333 1377 1365 i.
1399 1342 1429 1364 e.
1453 1329 1557 1366 ὕπνον
1578 1330 1714 1377 βροτοῖς
1734 1330 1885 1367 διδοῦσα.
1923 1331 2094 1379 ἑκηβόλον
2120 1330 2220 1372 ἔθνος
2252 1352 2256 1360 .

1355 1380 1507 1421 Oppian,
1534 1380 1685 1411 Halieut.
1707 1377 1740 1420 4,
1761 1377 1830 1413 265
1864 1382 1951 1422 quod
1986 1390 2049 1413 nec
2080 1381 2204 1423 hypall
2220 1394 2252 1418 μς

1355 1428 1514 1460 adiectivi
1539 1427 1639 1459 habet
1663 1428 1704 1459 ad
1729 1426 1852 1461 ὀιστῶν
1874 1428 2062 1467 referendi,
2098 1437 2161 1461 nec
2183 1438 2247 1469 g:-v

1355 1475 1683 1516 adverbiascentem,
1721 1475 1780 1507 sed
1807 1476 1857 1507 sic
1888 1476 2085 1509 resolvenda
2115 1477 2239 1508 oratio-¹
2255 1478 2261 1490 ³

1355 1520 1437 1559 ἑκὰς
1456 1519 1583 1567 βάλλον
1601 1519 1747 1562 ὀιστούς,
1781 1524 1852 1554 Iam
1870 1523 2011 1556 ridicule
2029 1523 2202 1565 Aristoph.
2236 1528 2252 1544 ἰ

1355 1565 1442 1610 392,
1472 1570 1632 1601 mulieres
1665 1570 1852 1611 appellavit
1875 1568 1936 1608 τὰς
1965 1569 2207 1618 μυχοτρόπους
2238 1567 2256 1610 l'

1353 1614 1500 1662 τρόπους
1518 1614 1643 1661 Suid.],
1663 1615 1724 1654 τὰς
1742 1615 2005 1664 ἀνδρεραστρίας
2021 1615 2153 1658 καλῶν,
2172 1619 2207 1650 in
2232 1615 2258 1659 „j

1359 1661 1432 1697 λῶν
1450 1665 1491 1696 ad
1508 1662 1614 1710 ἀνήρ,
1652 1665 1740 1705 quod
1757 1666 1850 1697 inest
1865 1666 1902 1697 in
1927 1663 2190 1711 ἀνδρεράστρια,
2237 1684 2242 1694 ›-

1360 1713 1567 1753 epexegesin
1585 1712 1725 1753 faciens,
1744 1722 1845 1754 quam
1862 1714 1891 1745 si
1908 1717 2008 1755 poeta
2024 1722 2092 1745 uno
2109 1713 2226 1745 vocab
2244 1713 2254 1733 ·'

1359 1759 1569 1800 prehendere
1586 1760 1765 1801 potuisset,
1789 1760 1884 1792 velut
1901 1762 1929 1792 si
1947 1761 2101 1792 licuisset
2119 1760 2234 1792 dicere
2249 1758 2254 1800 Ϊ

1362 1805 1592 1852 δρεραστρίας,
1614 1808 1750 1839 fecisset
1765 1807 1924 1840 libenter.
1969 1808 2014 1840 Et
2037 1809 2206 1848 potuisset
2231 1805 2258 1834 Γ

1360 1855 1528 1895 siquidem
1544 1851 1749 1898 κάλανδρος,
1770 1855 1835 1886 etsi
1852 1865 1873 1887 τ
1887 1853 1931 1888 ὸν
1948 1852 2084 1889 καλὸν
2102 1852 2210 1900 ἄνδρ
2226 1855 2265 1885 ’ἴ

1363 1903 1460 1934 ficare
1477 1911 1654 1942 nunquam
1669 1902 1800 1943 potuit,
1835 1911 1902 1934 non
1934 1903 2134 1934 inusitatius
2166 1910 2239 1935 esse

1363 1947 1592 1994 ὀρθόμαντις,
1627 1946 1885 1994 ἀριστόμαντις,
1930 1946 2136 1984 Κακοΐλιον.
2242 1944 2244 1946 ’

1361 1997 1485 2037 habeo,
1521 1996 1611 2037 quod
1636 2006 1845 2038 comparem,
1882 2001 1917 2030 et
1933 1998 2063 2029 obscuri
2080 1996 2216 2038 quidem

1363 2043 1527 2076 Callixeni
1555 2053 1608 2084 ap.
1637 2043 1852 2075 Athenaeum
1876 2054 1910 2086 p.
1932 2041 2001 2076 200
2017 2046 2054 2076 b:
2084 2041 2204 2091 ἔχουσι
2244 2037 2251 2079 Ῐ

1362 2088 1639 2136 λιθοκολλήτους
1662 2094 1730 2123 τῶν
1755 2088 2012 2137 πολυτιμήτων.
2066 2091 2201 2132 Quippe

1363 2148 1430 2170 non
1456 2139 1616 2170 dicuntur
1634 2135 1876 2183 πολυτίμητοι,
1898 2139 1959 2171 sed
1975 2136 2088 2179 λίθοι,
2122 2138 2208 2180 quod
2225 2161 2229 2169 «

1363 2187 1433 2217 lum
1451 2186 1669 2217 eximendum
1687 2195 1730 2216 ex
1749 2186 1911 2218 adiectivo
1929 2183 2195 2231 λιθοκόλλητος,
2223 2199 2238 2227 τ.

1364 2237 1446 2265 sunt
1461 2234 1608 2273 pretiosi,
1628 2242 1786 2272 yemmae.
1821 2234 1873 2265 Ita
1898 2234 2086 2266 resolvetur
2111 2232 2224 2269 oratio,
2242 2245 2244 2247 ¹

1362 2278 1642 2325 κεκολλημένους
1674 2276 1784 2317 λίθοις
1810 2277 2057 2325 πολυτιμήτοις
2082 2290 2108 2312 s.
2141 2283 2210 2313 τῶν
2234 2277 2241 2315 's

1365 2326 1498 2373 μήτων.
1543 2327 1714 2359 Postremo
1746 2329 1965 2368 reperiuntur
1990 2328 2174 2368 composita
2196 2336 2229 2359 e

1364 2385 1449 2416 quae
1482 2378 1522 2406 ut
1554 2380 1643 2406 recte
1676 2375 1932 2416 intelligantur,
1959 2376 2090 2414 integra
2111 2376 2183 2407 fere
2212 2386 2227 2406 ε,

1364 2422 1666 2453 circumscribenda
1700 2426 1792 2454 sunt.
1845 2419 1933 2466 αἷμα
1965 2418 2243 2466 καλλιπαρθέν

1364 2469 1447 2500 Eur.
1468 2470 1516 2500 lA
1536 2466 1637 2510 1574,
1658 2479 1734 2500 cum
1751 2466 2028 2515 καλλιπάρθενος
2046 2478 2113 2501 non
2137 2476 2213 2510 poss
2234 2465 2238 2468 ”

1364 2517 1461 2548 ficare
1482 2514 1623 2562 καλὴν
1649 2513 1893 2562 παρθένον,
1931 2515 2168 2557 explicandum
2189 2522 2229 2561 ‘³1'

1365 2562 1466 2609 δέρης
1495 2560 1715 2608 κεκτημένην
1749 2561 1898 2610 ἐχούσης
1928 2560 2040 2608 καλὴν
2073 2559 2216 2609 παρθέν

1365 2611 1449 2652 quod
1466 2610 1636 2642 dominam
1653 2611 1746 2643 habet
1758 2611 1934 2651 pulchram
1949 2612 2123 2651 viryinem.
2225 2610 2236 2640 ξ”ἶ

2193 1949 2230 1987 ³⁸¹³

1435 2702 1579 2742 Μέσος
1596 2706 1734 2737 medius.
1756 2702 1770 2746 11
1788 2705 1829 2736 de
1847 2706 1938 2737 locis.
1976 2701 2084 2750 μέσης
2109 2699 2181 2748 ἀπή
2220 2699 2232 2750 3⁷
2254 2722 2257 2723 ν

1364 2750 1512 2785 λίνδεται
1529 2753 1587 2784 OR
1604 2749 1684 2784 812.
1722 2750 1757 2785 αἱ
1783 2749 1810 2785 δ’
1829 2749 1894 2785 ἀνὰ
1913 2749 2040 2796 μέσσαν
2059 2749 2182 2784 ἀκτῖνα
2211 2751 2229 2778 ¹⁹

1365 2800 1433 2840 ch.,
1453 2800 1487 2831 id
1505 2800 1592 2841 quod
1609 2797 1677 2832 ἀπὸ
1698 2797 1923 2844 μεσημβρίας,
1945 2799 2072 2830 dietum
2089 2798 2129 2830 ab
2146 2799 2191 2841 eo'
2206 2811 2235 2838 ι·ᾗ

1363 2856 1463 2888 pore,
1496 2857 1560 2887 quo
1585 2847 1729 2878 mediam
1755 2847 1836 2878 caeli
1853 2851 1983 2888 partem
2000 2846 2050 2878 sol
2065 2848 2170 2886 tenet.

1365 2893 1460 2939 μέσῳ
1484 2892 1632 2939 κατέστη
1650 2891 1752 2937 ἡλίου
1770 2890 1898 2930 κύκλος
1921 2895 2002 2925 Ant.
2030 2889 2109 2925 416.

1364 2940 1543 2987 σπάρησαν
1570 2940 1617 2978 εἰς
1637 2940 1740 2985 μέσον
1759 2939 1885 2986 δρόμον
1903 2941 1955 2972 El.
1980 2936 2059 2971 748.
2114 2936 2148 2971 ἐν

1362 2988 1543 3025 κυστάτοις
1569 2987 1736 3021 πέπτωκα
1756 2985 1862 3028 1476,
1890 2987 1978 3028 quod
2007 2986 2072 3018 etsi
2096 2985 2137 3018 de
2162 2995 2172 3017 ι
2210 2983 2227 3006 s

1363 3039 1465 3077 ctum,
1488 3040 1600 3067 tamen
1618 3037 1695 3067 retis
1711 3035 1990 3074 significationem
2016 3034 2142 3065 habens
2287 3046 2288 3050 ¹

1369 3083 1563 3115 iudicandas
1581 3084 1737 3114 refertur.
1775 3081 1858 3127 πρὸς
1877 3080 1965 3126 μέσῃ
2194 3067 2227 3101 ,Y
2276 3066 2287 3076 ⁷

1606 3175 1732 3221 μέσσαν
1742 3169 1894 3222 ”Μηλίδα
1910 3173 1978 3220 πὰρ
1994 3173 2117 3220 λίμναν
2141 3187 2148 3201 ·
2178 3171 2222 3209 ‘L'
2268 3186 2270 3189 ’

315 3274 386 3306 Pal.
406 3277 431 3306 t.
454 3270 475 3306 3
491 3283 525 3315 p.
549 3270 628 3307 144.
656 3274 783 3314 Reisig.
805 3285 914 3308 enarr.
936 3275 991 3308 OC
1009 3285 1043 3315 p.
1061 3270 1117 3306 99.
1147 3274 1217 3304 Illis
1230 3273 1330 3313 plane
1365 3271 1571 3311 catcfecerat.
1609 3268 1644 3303 ἐν
1670 3268 1764 3315 μέσῳ
1791 3268 1914 3314 σκάφει
1930 3267 2045 3306 θέντες
2064 3276 2126 3314 σφε
2141 3258 2222 3304 8085

316 3322 520 3354 contrarium
537 3324 608 3362 est,
630 3331 707 3353 cum
723 3321 926 3355 adiectivum
944 3322 1166 3363 compositum
1182 3323 1324 3361 partem,
1366 3311 1430 3357 ζετ’
1448 3316 1482 3351 ἐν
1502 3316 1652 3362 μέσοισιν
1670 3315 1902 3362 εύναστηρίοις
1921 3313 2000 3348 918.
2045 3313 2147 3360 μέσον
2165 3313 2223 3349 vrrs
2233 3347 2239 3351 ,
2258 3346 2267 3351 ,,

314 3367 487 3407 genitivus
505 3369 745 3410 epexegeticus
772 3373 875 3402 totam
900 3379 970 3402 rem
997 3370 1168 3401 continet:
1200 3367 1234 3399 id
1260 3376 1326 3398 uno
1364 3362 1563 3411 στρατήγιον
1593 3365 1648 3396 Ai.
1670 3361 1750 3395 721.
1797 3362 1860 3408 μέσ
1887 3374 1904 3395 ν
1925 3361 2092 3407 τράπεζαν
2119 3361 2205 3399 ΤΥΙῒ·4
2245 3363 2249 3389 J
2275 3377 2278 3379 ·

315 3414 422 3447 adhuc
431 3415 604 3459 Sophoclis
620 3417 691 3449 loco
708 3417 828 3459 reperi,
851 3417 942 3450 unde
959 3426 1115 3459 egressus
1133 3423 1227 3455 sum3
1250 3423 1326 3445 nam
1346 3451 1349 3454 .
1366 3410 1394 3444 1.
1430 3411 1484 3444 Sic
1500 3416 1534 3444 et
1551 3409 1669 3452 ἄξονος
1690 3409 1795 3454 μέσας
1813 3375 1919 3491 vy?
1936 3411 2062 3443 dictum
2089 3407 2139 3440 El.
2263 3407 2267 3412 2
