2288 3600
117 0 289 21 ·*.·,:‘1','-<.;·7-„f·1;v
302 0 357 19 ..w-‚z
375 0 410 18 :m
426 11 435 16 ,
450 0 491 11 vr.
518 0 558 14 ι’*
574 10 579 12 .
620 1 630 8 .-

47 59 50 62 .
63 52 99 70 sy:
132 55 133 59 ι
160 56 162 60 v

1055 137 1115 194 ζ0
2015 145 2108 193 491

61 265 209 298 vocavit:
229 262 371 311 καρδίας
388 258 416 296 δ’
433 259 607 308 ἐξίσταμαι
622 261 662 297 τὸ
679 261 762 308 δρᾶν
778 263 862 296 Ant.
885 259 974 295 1106
989 263 1014 296 i.
1033 271 1066 304 q.
1105 262 1164 296 ΟΒ
1183 259 1284 296 1423.
1311 260 1391 298 καθ’
1406 260 1541 309 ἡμέραν
1557 262 1620 308 τὴν
1637 263 1697 296 νῦν
1714 262 1770 296 OC·
1787 259 1820 294 4.
1861 262 1935 299 τοῖς
1950 261 2010 294 νῦν
2029 271 2117 306 μαν-

61 310 148 346 ὥστε
165 308 258 356 δρᾶν.
309 310 348 346 τὸ
372 309 435 356 γὰρ
454 308 583 344 δίκαιον
600 308 664 344 οὐκ
681 308 700 345 ἕ
725 320 754 343 ει
769 307 870 356 λόγον
887 308 984 344 δυοῖν
1002 307 1072 355 ἐρί-
1104 306 1266 354 τεύμασιν
1297 306 1376 342 387.
1420 311 1494 348 τοῖς
1523 308 1597 344 ἐκεῖ
1624 305 1690 344 ἀνθ
1712 309 1819 346 ώποις
1842 304 1923 341 389.
1965 307 2029 352 τὴν
2055 307 2118 353 μὲν

61 357 139 400 ζειν,
161 355 236 392 ἀλλ’
252 355 463 393 ἐπισπεύδειν
479 355 519 391 τὸ
536 355 617 402 δρᾶν
635 357 687 390 El.
699 320 788 398 ³467,
813 358 879 389 nisi
896 357 951 389 hic
967 357 1070 390 etiam
1105 351 1216 402 αὐτίχ’
1232 354 1365 402 ἡμέραν
1382 353 1463 390 433.
1502 359 1572 391 τῶν
1589 355 1667 403 πρὶν
1684 318 1823 402 Ιξμαρτη
1855 354 1939 389 ένων
1956 351 2036 388 439.
2081 353 2117 388 ἐν

62 403 273 440 ἐπισπεύδειν
312 415 386 438 cum
416 406 602 437 accusativo
627 405 773 446 positum
801 404 950 443 dixeris,
981 404 1068 445 quod
1104 403 1154 450 τῷ
1181 403 1290 449 πάρος
1309 402 1424 450 χρόνῳ
1442 401 1522 437 551.
1565 402 1679 438 τόπων
1696 407 1764 437 τῶν
1783 368 1906 437 ἐνθάδε
1923 399 2004 435 628.
2049 413 2118 446 μα-

62 453 135 485 fleri
166 457 286 494 potest.
340 451 490 497 φύλασσε
523 450 585 496 μὲν
616 449 656 484 νό
686 462 722 485 ον
754 449 793 484 τὸ
823 450 872 497 μὴ
895 448 1069 496 ’πιθυμεῖν
1104 450 1186 497 κρὸν
1212 451 1251 485 τὸ
1277 449 1377 496 δεῦρο
1403 449 1550 497 πέλαγος
1577 447 1656 483 663.
1702 450 1738 484 ἐν
1762 449 1812 496 τῷ
1840 452 1899 483 νῦν
1922 447 2014 494 λόγῳ
2031 445 2111 482 801.

61 157 112 205 [11
125 169 160 203 p.
176 155 393 204 222-225.]

62 498 198 544 πομπὸς
221 498 268 534 ὢν
292 497 433 545 περισσὰ
449 497 531 542 δρᾶν
550 499 607 530 Τι·.
629 494 650 530 6
675 496 708 531 7.
753 497 885 543 μακρὸς
900 496 939 531 τὸ
955 500 1070 542 κρῖναι
1105 496 1254 543 ὄμμασιν
1279 500 1353 535 τοῖς
1372 495 1521 556 πρόσθεν
1539 494 1620 531 867.
1665 496 1746 532 ὁδοῦ
1763 495 1946 543 κατάρχειν
1962 499 2026 542 τῆς
2044 494 2119 530 ἐκεῖ

60 549 166 580 ταῦτα
197 545 252 593 χώ
274 544 393 583 λοιπὸς
414 545 539 592 χρόνος
565 545 619 577 El.
648 541 749 578 1030.
799 542 906 591 ἄνδρα
930 542 1068 592 γλώσσῃ

62 590 190 640 θρασὺν
215 590 340 630 ναύτας
366 591 610 639 ἐφορμήσαντα
632 596 803 638 χειμῶνος
826 590 866 626 τὸ
889 589 990 625 πλεῖν
1011 593 1064 624 Ai.

1427 542 1506 579 ὁδοῦ
1527 542 1627 578 1165.
1662 543 1680 578 ὁ
1697 547 1756 578 νῦν
1774 543 1912 581 ἔπαινος
1931 541 2033 575 1411.
2059 541 2118 576 τὸν

1107 542 1209 578 1019.
1238 548 1301 590 τῆς
1319 543 1376 578 δεῦ

1431 603 1462 624 ν.
1483 590 1548 626 ἀεί.
1565 610 1605 616 -
1624 591 1675 637 τῷ
1689 588 1755 625 τότ’
1770 590 1805 625 ἐν
1819 589 1935 637 χρόνῳ
1952 587 2052 623 1660.
2082 589 2117 624 ἐν

1107 590 1174 625 αίεὶ
1192 589 1304 636 βίοτον
1324 589 1366 625 15

65 636 164 673 1143.
207 638 344 672 Praeter
367 641 591 672 accusativum
617 641 664 672 sie
689 640 815 672 dictum
836 647 943 671 unum
961 639 1068 671 solum
1105 637 1201 672 νυκτὶ
1215 638 1260 686 τῇ
1275 641 1335 672 νῦν
1353 640 1435 672 Ant.
1453 636 1506 673 16.
1533 641 1608 676 τοῖς
1626 636 1762 684 ἔνερθεν
1775 640 1910 682 νεκροῖς
1923 634 1981 671 25.
2010 635 2118 671 πολέ·

61 697 157 720 casus
180 689 317 727 yenitivae·
337 697 413 719 cum
430 689 607 728 epexegesi
626 687 707 719 dicti
724 686 918 727 exemplum
936 687 1064 727 reperi:

62 733 93 768 εἰ
117 733 243 780 πατρὸς
265 733 364 778 νέμοι
384 731 443 767 τιν’
459 733 549 780 ὤραν
566 735 627 767 τοῦ
643 731 760 771 καλῶς
777 732 936 779 πράσσειν
955 731 1068 766 δοκεῖν

62 782 117 815 Tr.
138 778 195 813 57.
241 782 315 813 Nisi
340 782 424 814 forte
450 782 497 813 sic
515 782 719 823 explicueris
735 778 987 819 τούξανιστάναι
1004 778 1070 813 πό-

1107 698 1180 730 μων
1197 690 1266 719 τῶν
1283 688 1342 719 νῦν
1363 683 1426 719 151
1447 686 1498 718 ch.
1539 684 1562 730 ἡ
1581 685 1680 724 ἐκτὸς
1696 684 1756 719 καὶ
1774 683 1850 730 παρ’
1869 682 2010 722 ἐλπίδας
2026 683 2120 731 χαρά

1106 730 1186 767 392.
1228 732 1289 770 τάς
1313 744 1349 766 τε
1375 730 1522 779 πρόσθεν
1547 732 1608 770 τάς
1632 743 1669 765 τε
1690 735 1748 766 νῦν
1765 731 1963 779 ἠλέγχομεν
1981 730 2120 778 πράξεις

1106 776 1186 812 434.
1214 784 1282 813 τῶν
1299 778 1395 814 κάτω
1412 777 1502 814 θεῶν
1519 777 1599 812 451.
1636 780 1693 836 yu’b'
1706 778 1887 813 καταντίον
1903 776 2018 813 θανών
2037 775 2115 812 512.

63 826 152 865 λεως
178 822 245 874 δίχ’
269 826 339 862 ἐστὶ
363 825 490 872 θάρσος
506 827 562 861 00
579 825 624 860 47
648 826 900 867 τούξανιστάναι
918 832 956 859 ut
972 828 1015 860 sit
1031 826 1070 860 τὸ
1105 826 1163 874 χοί
1177 825 1274 860 κάτω
1291 824 1372 860 542.
1401 825 1574 872 μετοικίας
1589 822 1742 873 τῆςανω
1755 823 1835 860 890.
1866 825 1958 873 ἔχεις
1974 825 2035 871 μὲν
2049 829 2118 859 τῶν

60 873 278 915 ἐξανιστάναι,
301 875 526 907 nominativus
545 875 757 907 substantivo
774 871 901 920 θάρσος
919 875 1068 915 explica·-
1105 867 1176 909 ἄνω
1205 872 1318 919 βαλὼν
1344 872 1457 915 κάτω,
1482 872 1580 929 ,ἔχεις
1607 871 1645 908 δὲ
1668 878 1737 907 τῶν
1762 871 1919 908 κάτωθεν
1945 870 2058 907 ἐνθάδ’
2075 871 2119 906 αὖ

59 923 129 955 tive
155 923 298 955 additus.
331 939 433 955 —.—
484 932 513 954 e.
541 922 556 964 ΙΙ
586 921 785 962 obliquis
808 922 983 954 casibus
1007 922 1068 953 fle-

61 970 190 1002 ctendis
211 970 372 1002 articulus
390 970 492 1002 etiam
508 970 572 1001 alio
590 969 684 1001 modo
701 969 868 1002 adiicitur.
903 970 1047 1009 yenitivo
1058 979 1068 999 .·

59 1017 119 1051 τοῦ
138 1014 187 1061 μὴ
205 1014 369 1061 πρότερον
385 1014 473 1050 τόνδ’
489 1014 545 1050 ἐπὶ
563 1013 670 1061 Τροίᾳ
685 1017 792 1049 τεῖναι
808 1013 851 1049 τὰ
868 1013 958 1050 θεῶν
976 1014 1070 1060 ἀμά-

178 1061 264 1108 βέλη
290 1063 351 1095 Ph.
376 1060 442 1095 197
459 1073 513 1095 an.
542 1064 706 1095 obiective
731 1073 934 1105 suspensum
961 1073 980 1094 a
1006 1073 1070 1107 με-

1107 919 1197 956 θεῶν
1223 919 1314 972 1068
1337 931 1409 962 sqq.
1458 924 1562 965 ευνῆς
1585 924 1649 965 τῆς
1676 919 1770 954 κάτω
1799 918 1901 954 1224.
1969 923 2007 958 ’ς
2032 914 2125 966 ἄγαξ

1106 965 2122 1060 22135·..ῖῑέῆεὲεἒῑτῖρεςεῖῑ-ιὶῑεῑ.Τῑ..ῗ...[ἒ.ξ.1ῐτ

1106 1027 1140 1094 ἓ
1158 1041 1274 1095 Herm:
1295 1041 1449 1108 {ew-quot
1471 1066 1540 1096 τῶν
1560 1026 1704 1096 τέκεῖθεε
1728 1061 1791 1096 οὐκ
1810 1061 1844 1095 ἐν
1863 1040 2018 1099 δστάτοις
2036 1039 2116 1094 315.

58 1074 154 1156 {gt-(Z
177 1111 263 1151 quod
279 1111 458 1151 praecedit,
479 1112 604 1143 rectius
622 1114 661 1142 ut
675 1110 798 1142 Wund.
820 1111 1070 1142 distinctionem
1086 1109 1090 1153 Ῑ
1104 1109 1154 1155 τῷ
1179 1120 1216 1156 γε
1242 1107 1392 1154 πρόσθεν
1415 1109 1532 1156 χρόνῳ
1558 1107 1637 1142 322.
1680 1109 1738 1143 τὸν
1763 1109 1871 1155 πάρος
1898 1106 2008 1153 μῦθον
2035 1106 2114 1142 340.

60 1158 254 1197 sustulerit,
292 1167 390 1199 quam
424 1159 606 1189 servaverit
639 1158 754 1189 Herm.
807 1154 876 1190 οὐδ’
910 1155 988 1201 ἐμοί
1018 1157 1180 1201 τοιῙταῖς
1205 1154 1332 1190 ἔσωθεν
1359 1154 1468 1195 ξέναις
1494 1154 1573 1189 601.
1626 1155 1705 1194 τοὺς
1732 1155 1828 1190 ἔνδον
1853 1156 1986 1213 χάμους
2013 1152 2114 1188 1139.

59 1202 314 1244 τούξανιστάναι
337 1202 472 1242 πόλεως
498 1202 563 1251 δίχ’
588 1202 658 1238 ἐστὶ
680 1202 806 1248 θάρσος
830 1203 885 1237 OC
904 1201 960 1236 47.
1004 1203 1070 1250 πρὸ

58 1253 119 1285 τοῦ
141 1248 259 1285 θανεῖν
285 1252 367 1284 Ant.
396 1248 476 1284 883.
526 1250 644 1297 ἡμέρα
667 1247 857 1297 προσθεῖσα
881 1248 1071 1284 κάναθεῖσα

58 1301 119 1332 τοῦ
136 1309 174 1344 γε
190 1295 372 1332 κατθανεῖν
390 1299 444 1330 Ai.
464 1295 544 1331 476.
574 1297 592 1332 ὁ
610 1298 737 1346 χρυσὸς
753 1296 859 1343 ἧσσον
876 1301 994 1344 κτῆμα
1009 1300 1070 1332 τοῦ

58 1343 174 1380 κλάειν
194 1343 234 1379 ἂν
250 1344 293 1378 ·’ν
311 1347 352 1378 fr.
374 1346 463 1384 Scyr.
486 1343 564 1386 501,
587 1343 621 1378 3.
665 1343 697 1379 τί
712 1343 834 1379 τούτου
852 1343 973 1391 χάρμα
991 1347 1070 1390 μεῖ-

59 1391 116 1432 ζον
150 1389 190 1426 ἂν
213 1356 330 1438 λάθοις
354 1394 414 1426 τοῦ
440 1395 573 1438 πυκνῆς
597 1391 742 1426 ἀκοῦσαι
765 1390 921 1438 ψακάδος
948 1393 1066 1433 Tymp.

60 1436 140 1480 563,
161 1436 194 1472 2.
217 1458 252 1464 -
285 1439 397 1472 dativo
410 1450 420 1470 :
447 1439 482 1474 ἐν
508 1438 572 1486 γὰρ
595 1439 647 1484 τῷ
668 1438 793 1484 μαθεῖν
813 1438 939 1474 ἔνεστιν
957 1437 1071 1485 ηὺλά-

61 1484 136 1531 βεια
153 1486 207 1519 ΟΟ
228 1484 305 1519 115.
349 1485 510 1531 λείπομαι
535 1485 599 1532 γὰρ
618 1486 652 1520 ἐν
668 1486 719 1532 τῷ
738 1485 787 1531 μὴ
806 1484 968 1521 δύνασθαι
986 1481 1071 1532 μήθ’

62 1532 144 1577 ὁρᾶν
162 1530 241 1566 496.
284 1532 318 1567 ἐν
337 1532 373 1567 δὲ
389 1532 438 1580 τῷ
457 1532 566 1580 λέγειν
582 1528 657 1567 κάκ’
677 1531 717 1568 ἂν
734 1532 853 1578 λάβοις
871 1533 913 1568 τὰ
930 1532 1071 1567 πλείονα

60 1577 140 1614 795.
185 1578 256 1614 οὐδ’
280 1578 321 1614 ἂν
347 1579 377 1614 εί
401 1575 498 1626 κάρτ’
523 1579 679 1627 ἐντακείη
701 1581 752 1626 τῷ
779 1579 890 1628 φιλεῖν
910 1583 965 1614 Tr.
986 1577 1067 1613 463.

60 1626 96 1661 ἐν
121 1626 170 1674 τῷ
200 1630 336 1675 φρονεῖν
361 1626 424 1674 γὰρ
451 1626 560 1674 μηδὲν
585 1626 724 1674 ἥδιστος
750 1627 822 1674 βίος
852 1630 902 1661 Ai.
924 1625 1005 1660 554.
1028 1645 1069 1651 -

59 1677 245 1707 accusativo
272 1686 293 1707 a
306 1677 546 1716 praepositione
561 1679 646 1707 recto
659 1687 669 1706 .·
697 1675 781 1720 πρὸς
799 1674 838 1709 τὸ
855 1674 986 1722 καίριον
1005 1686 1071 1708 πο-

59 1723 129 1755 νεῖν
154 1722 213 1754 Ph.
242 1719 322 1755 525.
372 1720 419 1760 εἰς
442 1721 482 1756 τὸ
510 1724 696 1766 συμπονεῖν
724 1723 779 1756 OC
810 1720 910 1756 1368.
958 1721 1008 1759 εἰς
1031 1721 1070 1755 τὸ

61 1766 239 1814 μαίνεσθαι
265 1767 365 1801 1537.
389 1786 493 1801 -.-
543 1770 567 1801 f.
594 1770 608 1812 ΙΙ
633 1771 806 1802 Articulus
833 1772 903 1802 fere
920 1770 1070 1810 legitime

59 1817 293 1856 negationibus
320 1815 374 1862 μὴ
401 1815 447 1850 οὐ
473 1818 645 1858 praemitti
662 1818 767 1857 solet,
799 1818 840 1849 de
858 1828 922 1858 qua
948 1818 1070 1848 obie-

60 1864 198 1904 ctiva,
226 1865 255 1895 si
276 1866 367 1896 recte
394 1865 630 1905 consideratis,
659 1867 827 1897 structura
850 1875 881 1896 V.
903 1866 939 1896 in
963 1862 1018 1909 μή
1038 1867 1072 1896 et

61 1910 179 1943 Matth.
202 1911 242 1943 ad
259 1910 343 1943 Eur.
362 1911 467 1953 Hipp.
488 1908 546 1943 49.

769 1956 818 2002 (ΪΙ
837 1969 870 2000 p.
892 1955 973 1998 223,
995 1954 1072 2001 20.)

132 2002 166 2037 5.
194 2005 223 2035 Α
234 2005 283 2036 dv
293 2005 425 2037 crbiis
441 2006 636 2045 adiungitur
649 2006 810 2038 articulus
821 2007 1009 2047 tripliciter.
1026 2022 1071 2028 —-

65 2062 94 2083 a.
125 2051 139 2093 ΙΙ
163 2051 328 2084 Aduerbio
357 2052 414 2084 illa
445 2052 823 2084 substantivorum
853 2055 938 2084 vices
970 2054 1071 2084 susci-

61 2100 172 2138 piant.
209 2097 329 2145 ἀνδρός
346 2109 398 2132 τοι
415 2098 454 2132 τὸ
472 2098 533 2144 μὲν
551 2097 588 2132 εὖ
607 2096 657 2143 [ἓν
675 2097 797 2144 Dind.]
818 2098 946 2133 δίκαιον
963 2098 1072 2133 εἰπεῖν

65 2146 126 2177 Ph.
143 2143 232 2178 1140
249 2147 300 2178 ch.
328 2144 360 2179 τί
378 2144 527 2191 ῥέξαντες
545 2144 725 2191 ἀλλοκότῳ
743 2147 864 2192 γνώμᾳ
879 2150 948 2180 τῶν
966 2145 1074 2191 πάρος

69 2189 155 2224 1191
175 2193 226 2225 ch.
275 2192 335 2227 καὶ
357 2192 400 2227 τὰ
423 2191 498 2238 πρὶν
522 2192 586 2240 γὰρ
611 2193 651 2227 ἐκ
674 2191 787 2239 λόγων
813 2192 932 2227 καλῶν
956 2198 1074 2231 κακῶς

66 2237 195 2284 ἔπραξα
214 2237 314 2272 1269.
359 2241 440 2272 Nam
466 2242 530 2273 etsi
545 2239 588 2274 τὰ
605 2238 680 2286 πρίν
697 2243 1002 2274 adverbiascentem
1019 2251 1074 2273 re-

64 2287 131 2318 fert
146 2297 257 2327 usum,
276 2292 389 2320 tamen
408 2291 566 2329 tanquam
583 2289 752 2320 obiectum
769 2300 787 2320 a
800 2290 900 2321 verbo
913 2287 1075 2333 πράσσειν

67 2343 125 2365 sus
150 2334 297 2366 enditur.
340 2332 383 2368 τὰ
411 2333 512 2368 καινὰ
538 2336 613 2372 τοῖς
641 2333 747 2369 πάλαι
774 2333 992 2380 τεκμαίρεται
1021 2335 1078 2367 OR

68 2376 109 2411 91
141 2405 148 2413 .
193 2379 285 2414 δεινὰ
309 2376 337 2415 δ’
359 2379 403 2425 ἦν
428 2376 581 2415 τάνθένδ’
605 2381 686 2427 ὁρᾶν
707 2380 806 2415 1267.
852 2380 927 2416 ἐπεὶ
951 2380 1077 2416 πλείων

65 2426 200 2507 χρόνος,
222 2427 259 2462 ὃν
278 2427 331 2462 δεῖ
349 2426 383 2473 μ’
399 2426 554 2473 ἀρέσκειν
569 2431 641 2466 τοῖς
657 2428 753 2463 κάτω
769 2431 841 2466 τοῖς
857 2427 978 2462 ἐνθάδε
992 2431 1073 2462 Ant.

91 2472 124 2507 5.
178 2474 258 2512 τοὺς
284 2473 349 2515 ἔξω
373 2475 491 2515 γένους
510 2473 588 2508 660.
633 2476 716 2522 πρὸς
740 2475 876 2514 οὐδενὸς
893 2479 962 2509 τῶν
981 2474 1076 2510 ἔνδον

69 2523 123 2554 Tr.
144 2518 223 2554 677.
267 2521 331 2556 κάν
356 2515 384 2556 ὧ
411 2521 450 2555 τὸ
475 2525 569 2556 κεῖσε
590 2521 688 2569 δεῦρό
704 2521 732 2556 τ’
750 2520 977 2569 ἐξορμώμεθα
994 2521 1072 2556 925.

0 2570 3 2586 5
67 2570 206 2602 τοιαῦτα
221 2555 466 2603 τάνθάδ’·ἐστίν
484 2566 563 2602 941.
595 2574 664 2603 τῶν
681 2568 787 2608 πέλας
804 2571 859 2603 Ai.
883 2568 984 2602 1151.
1012 2571 1072 2602 Ph.

68 2613 146 2648 340.
175 2613 205 2648 εἰ
221 2614 300 2653 τοὺς
318 2613 457 2650 ὄπισθεν
475 2615 522 2654 εἰς
540 2616 578 2650 τὸ
596 2615 743 2663 πρόσθεν
761 2615 885 2662 ἄξομεν
901 2618 956 2649 Ai.
973 2614 1073 2649 1249.

68 2660 126 2696 οἶα
149 2665 222 2701 τοῖς
247 2662 341 2697 κάτω
363 2661 536 2707 νομίζεται
560 2664 612 2696 ΕΙ.
634 2661 712 2696 327.
757 2663 836 2702 τοὺς
862 2661 968 2701 πέλας
994 2662 1077 2710 ψέγε

0 2703 4 2736 ,³
68 2706 149 2742 551.
194 2707 296 2743 οἶσθα
321 2709 383 2756 μὲν
407 2707 570 2744 τάνθένδε
593 2708 694 2743 1307.
738 2715 812 2749 πῶς
829 2709 888 2745 οὖν
908 2709 979 2757 ἔχει
995 2710 1079 2744 τάν-

67 2753 204 2796 retes..
228 2753 329 2789 1339.
368 2755 410 2790 τὰ
426 2755 502 2803 πρὶν
521 2755 558 2791 εὖ
576 2755 716 2802 θέμενοι
737 2755 836 2791 1434.
879 2751 1018 2792 τάνθάδ’
1037 2755 1076 2791 ἂν

7 2838 10 2843 ,
70 2800 196 2847 μέλοιτ’
214 2802 293 2848 ἐμοί
313 2800 413 2836 1436.
436 2822 538 2835 -.-
588 2806 621 2836 b.
649 2808 664 2843 11
694 2805 776 2837 Cum
800 2806 938 2837 articulo
955 2809 986 2837 et
1002 2806 1078 2838 sub-

3 2851 10 2890 }
68 2852 210 2882 stantivo
233 2852 288 2883 vel
312 2853 430 2883 omisso
455 2852 656 2883 substantivo
679 2853 810 2892 synesin
831 2861 932 2893 passa
957 2852 1077 2884 adie-

5 2913 15 2942 3
69 2899 154 2929 ctiv
165 2907 282 2929 orum
306 2907 431 2930 munus
456 2899 607 2939 explent.
630 2916 733 2930 —.—
761 2897 864 2946 δέχου
885 2896 927 2932 τὰ
944 2898 1077 2945 συμφέ-

71 2955 170 2990 ροντα
193 2947 262 2977 τῶν
288 2942 341 2978 ἀεὶ
365 2943 474 2988 λόγων
492 2945 552 2976 Ph.
577 2942 653 2977 131.
697 2944 730 2979 τί
753 2939 823 2978 τὸν“
837 2944 908 2979 ἄνω
925 2943 1076 2983 λεύσσεις

68 2988 214 3032 κύκλον;
235 2989 315 3023 815.
359 2992 387 3026 ὦ
412 2991 523 3037 λῷστε
546 2995 613 3026 τῶν
639 2990 716 3037 πρὶν
743 2990 894 3026 ἐντόπων
921 2990 1007 3024 1171
1027 3003 1072 3025 m.

8 3041 19 3052 '³
68 3036 110 3092 ἐν
128 3036 178 3083 τῷ
203 3036 279 3094 πρὶν
304 3038 419 3119 χρόνιὸι
449 3036 549 3097 1224.
593 3035 740 3097 Κάδμου
764 3041 825 3096 τοῦ
842 3037 948 3073 πάλαι
964 3039 1022 3071 OR
1042 3038 1072 3072 1.

67 3096 246 3166 {2³33ng
263 3083 635 3179 {2322364033555333
651 3085 1075 3179 ἓὲἒὲἷοδέῗιῖἷἫ-ῗῆῗοῖἕξ

30 3183 31 3187 ’
68 3175 149 3212 268.
192 3178 242 3226 τῷ
267 3178 387 3225 πότμῳ
411 3179 461 3227 τῷ
485 3182 543 3213 νῦν
568 3177 647 3211 272.
691 3177 772 3224 κάφ’
815 3179 922 3226 μέρας
937 3183 1000 3224 τῆς
1016 3182 1075 3213 νῦν

69 3222 148 3259 352.
195 3224 229 3259 ἐν
253 3229 328 3264 ταῖς
354 3225 542 3273 ξυμφοραῖς
567 3228 643 3264 ταῖς
667 3229 725 3259 νῦν
749 3225 769 3260 5
809 3225 828 3258 ¹.
870 3225 920 3273 τῷ
945 3225 1014 3260 τότ’
1039 3226 1075 3260 ἐν

84 3270 183 3319 1ρόνῳ
202 3270 280 3306 564.
306 3270 407 3306 1030.
436 3274 490 3306 OC
511 3270 610 3306 1660.
654 3273 712 3307 τὸν
740 3275 817 3320 παρ’
841 3271 934 3320 αὐτῷ
962 3271 1075 3318 βίοτον

68 3284 149 3353 612.
192 3323 315 3358 κακοῖς
339 3323 412 3358 τοῖς
430 3319 536 3354 πάλαι
554 3317 621 3352 667
638 3321 690 3352 ch.
732 3319 792 3354 τὰν
811 3317 926 3366 αὔριον
943 3318 1075 3366 [ἑτέραν

1107 1206 1251 1248 μαντεῖα
1273 1206 1346 1241 τοῖς
1368 1201 1475 1237 πάλαι
1499 1201 1670 1250 Ευνήγορα
1690 1200 1790 1236 1165.
1834 1215 1894 1241 τας
1913 1202 1988 1237 ἐκεῖ
2004 1199 2119 1240 πάθας

1106 1252 1161 1283 Ai.
1182 1247 1262 1283 295.
1306 1250 1351 1298 τῇ
1375 1248 1448 1285 τόθ’
1472 1248 1588 1297 ἡμέρᾳ
1604 1249 1683 1283 497.
1727 1250 1807 1284 *τοῦ
1826 1250 1923 1285 κάτω
1946 1247 2029 1284 θεοῦ
2051 1248 2116 1282 571

1106 1296 1201 1343 [secl.
1224 1296 1373 1342 Elmsl.].
1417 1296 1461 1332 τὰ
1486 1298 1563 1343 πρὶν
1589 1296 1615 1331 δ’
1633 1297 1715 1344 ἔργα
1730 1300 1847 1345 χεροῖν
1866 1295 1934 1330 617
1952 1298 2004 1331 ch.
2046 1292 2120 1330 κατ’

1106 1345 1200 1392 ἦμαρ
1217 1343 1414 1391 τούμφανὲς
1431 1344 1471 1379 τὸ
1492 1348 1550 1379 νῦν
1567 1344 1644 1379 τόδε
1662 1338 1755 1378 753.’
1786 1342 1847 1382 τὰς
1865 1343 1918 1379 ἀεί
1934 1356 1970 1378 τε
1988 1341 2121 1391 παρθέ-

1106 1404 1185 1430 νους
1203 1389 1284 1425 835.
1328 1391 1369 1426 ἐκ
1388 1391 1478 1438 γόων
1494 1397 1562 1426 τῶν
1579 1394 1638 1426 νῦν
1657 1393 1710 1424 ΕΙ.
1732 1389 1812 1425 292.
1857 1394 1938 1426 πᾶσι
1954 1394 2029 1429 τοῖς
2047 1389 2122 1425 ἐκεῖ

1107 1437 1187 1473 685.
1232 1437 1426 1472 δεσπόταισι
1444 1441 1518 1477 τοῖς
1535 1438 1641 1473 πάλαι
1658 1437 1737 1472 764.
1781 1439 1832 1484 τῷ
1848 1442 1907 1473 νῦν
1925 1436 2018 1484 λόγῳ
2036 1435 2116 1471 769.

1106 1488 1180 1524 τοῖς
1198 1481 1308 1529 ἔνερθ’
1320 1483 1504 1531 Ἀτρείδαις
1521 1485 1610 1519 1068
1623 1488 1674 1519 ch.
1703 1486 1760 1520 τὸν
1775 1485 1828 1520 ἀεὶ
1841 1498 1908 1521 πατ
1930 1485 1967 1524 ός
1981 1496 2027 1519 sc.
2047 1483 2120 1531 βίο-

1106 1545 1163 1567 τον
1183 1544 1209 1566 S.
1247 1532 1356 1579 -ρόνον
1378 1531 1465 1566 1075
1483 1535 1534 1566 ch.
1574 1533 1617 1580 τῇ
1637 1529 1711 1568 τόθ’
1728 1533 1844 1581 ἡμέρᾳ
1863 1497 1963 1566 1134.
2000 1532 2046 1580 τῇ
2060 1534 2120 1566 νῦν

1107 1579 1176 1626 ὁδῷ
1202 1545 1302 1613 1395.
1355 1579 1391 1614 ἐν
1415 1580 1464 1626 τῷ
1486 1579 1594 1622 πάρος
1618 1592 1629 1600 “
1646 1581 1734 1627 ρόνῳ
1761 1579 1863 1614 1445.
1912 1584 2027 1614 κακῶν
2051 1584 2120 1613 τῶν

1107 1627 1213 1662 πάλαι
1233 1624 1332 1660 1490.
1376 1627 1423 1675 τῇ
1437 1631 1496 1661 νῦν
1515 1592 1716 1676 wit-51:310
1733 1639 1787 1661 an.
1816 1646 1857 1652 —
1891 1630 1931 1662 In
1949 1630 2030 1660 Ant.
2054 1624 2122 1659 102

1108 1677 1234 1707 rectius
1255 1679 1325 1708 τῶν
1351 1674 1526 1720 προτέρων
1552 1676 1676 1715 legitur
1701 1686 1799 1718 quam
1818 1674 1993 1723 πρότερον.
2016 1692 2119 1707 --.—

1108 1733 1135 1754 e.
1157 1726 1172 1762 u
1189 1723 1360 1754 Adverbiis
1377 1727 1490 1754 autem
1507 1724 1591 1764 ipsis
1609 1724 1710 1755 etiam
1731 1727 1761 1755 et
1785 1723 1939 1764 formulis
1963 1721 2120 1754 adver-

1109 1770 1125 1801 b
1138 1770 1399 1801 iascentibus
1427 1770 1586 1802 articulus
1614 1772 1831 1811 praefigitur,
1863 1779 2003 1812 quarum
2033 1769 2121 1801 nulli

1107 1817 1287 1849 adhaerere
1316 1826 1392 1848 eum
1418 1817 1548 1857 placet:
1585 1819 1627 1850 cf.
1655 1818 1768 1859 Poppo
1794 1819 1940 1859 prolegg.
1967 1817 2116 1856 Thucyd.

1108 1868 1133 1896 t.
1157 1862 1187 1896 1.
1208 1874 1242 1905 p.
1263 1860 1342 1896 467.
1372 1864 1549 1896 Editorum
1566 1874 1696 1896 summa
1711 1866 1746 1896 in
1765 1865 1826 1897 hac
1842 1874 1878 1897 re
1895 1864 2123 1897 inconstantia

1110 1915 1173 1951 est,
1194 1915 1231 1943 ut
1248 1910 1286 1944 τὸ
1304 1914 1440 1956 πρῶτον
1458 1916 1492 1943 et
1507 1909 1546 1945 τὸ
1563 1913 1635 1952 νῦν,
1656 1913 1712 1944 sed
1730 1910 1878 1946 τοπάλαι
1893 1912 1991 1944 multi
2004 1915 2039 1943 et
2052 1912 2122 1943 fere

1109 1967 1224 1990 omnes
1240 1960 1342 1991 τανῦν
1360 1959 1516 1991 scribant.
1537 1963 1614 1999 -11
1637 1958 1675 1993 τὸ
1692 1957 1848 1993 λοιπόν
1873 1970 1905 1991 v.
1926 1956 2057 1995 λοιπός.
2081 1975 2121 1982 -

1107 2004 1147 2039 τὸ
1163 2007 1234 2039 νῦν
1253 2016 1285 2037 ν.
1305 2007 1376 2037 νῦν.
1398 2023 1441 2029 ·-
1466 2005 1504 2039 τὸ
1523 2004 1655 2039 πάλαι
1683 2018 1711 2038 v.
1734 2004 1852 2040 πάλαι.
1874 2023 1915 2030 -·
1942 2005 1980 2040 τὸ
2006 2016 2030 2038 π
2065 2009 2122 2039 ῶ-

1108 2064 1182 2086 τον
1202 2063 1232 2084 ν.
1254 2057 1400 2098 πρῶτον.
1421 2070 1468 2076 -
1498 2049 1738 2086 τάντεῦθεν
1760 2052 1938 2100 φροντίδος
1955 2053 2017 2086 Ph.
2061 2049 2117 2085 34.

1108 2096 1319 2133 τάκεῖθεν
1346 2098 1376 2132 εἰ
1393 2096 1599 2145 ποθούμεθα
1617 2101 1671 2133 Tr.
1693 2097 1773 2133 632.
1817 2100 1855 2134 τὸ
1875 2095 1903 2134 δ’
1920 2097 2044 2134 ἔνθεν
2062 2110 2123 2133 ποι

1108 2144 1310 2191 τελευτῆσαί
1337 2157 1379 2191 με
1403 2145 1492 2193 γρή;
1514 2147 1569 2180 OC
1587 2144 1666 2180 476.
1709 2146 1748 2180 τό
1772 2145 1800 2180 τ’
1825 2146 1976 2181 ἔπειτα
1999 2145 2059 2180 καὶ
2083 2145 2122 2180 τὸ

1111 2191 1239 2239 μέλλον
1264 2191 1322 2226 καὶ
1345 2192 1384 2226 τὸ
1410 2188 1508 2252 ιῐιερὶν
1534 2193 1714 2239 ἐπαρκέσει
1736 2193 1842 2239 νόμος
1869 2193 1925 2228 ὅδε
1949 2196 2031 2226 Ant.
2053 2190 2127 2226 611-

1113 2242 1165 2273 ch.
1202 2239 1313 2274 πάντα
1330 2239 1452 2286 γάρτοι
1468 2239 1496 2274 τ’
1514 2239 1573 2274 οὖν
1591 2241 1730 2287 πάρος
1746 2241 1789 2275 τά
1804 2239 1832 2275 τ’
1849 2240 1897 2279 εἰς
1915 2240 2065 2275 ἔπειτα
2082 2238 2126 2286 σῇ

1112 2285 1334 2333 κυβερνῶμαι
1355 2286 1430 2334 χερί
1446 2290 1503 2321 Ai.
1524 2286 1579 2320 34.
1623 2287 1666 2322 τὰ
1690 2287 1911 2335 πατρόθεν
1929 2286 2008 2321 547.
2053 2285 2123 2333 ἔρις

1114 2334 1293 2380 δραμοῦσα
1308 2337 1368 2368 τοῦ
1387 2334 1657 2380 προσωτάτω
1675 2333 1755 2368 731.
1794 2335 1837 2370 τὰ
1855 2333 2048 2382 πρόσθεν
2065 2335 2119 2367 El.

1114 2379 1192 2415 918.
1238 2379 1483 2427 πανωλέθρους
1498 2382 1537 2416 τὸ
1562 2385 1643 2416 πᾶν
1664 2380 1758 2439 ἡμᾶς
1777 2378 2024 2417 ὀλέσθαι.1009
2042 2384 2066 2414 i.
2086 2391 2118 2423 q.

1113 2428 1250 2466 πάντως
1279 2439 1306 2461 s.
1339 2428 1543 2463 παντάπασι.
1594 2429 1638 2464 τὰ
1666 2429 1684 2463 δ
1723 2427 1878 2469 ἐξόπισθε
1906 2432 1947 2463 fr.
1978 2430 2119 2471 Triptol.

1113 2473 1194 2517 527,
1217 2474 1247 2508 1.
1290 2475 1329 2510 τὸ
1345 2474 1421 2510 λίαν
1439 2475 1545 2514 κακός
1562 2478 1639 2517 Tyr.
1661 2474 1729 2510 583
1741 2488 1771 2518 a,
1793 2475 1825 2510 3.

1838 2523 1888 2568 (ΙΙ
1906 2535 1939 2566 p.
1961 2520 2041 2564 225,
2061 2520 2117 2566 2.)

1183 2567 1215 2602 6.
1244 2570 1344 2602 Dicta
1358 2573 1725 2612 praepositionem
1744 2573 1945 2604 continentia
1960 2572 2044 2603 item
2060 2572 2122 2602 tri-

1112 2618 1192 2658 plici
1209 2618 1337 2649 ratione
1355 2620 1532 2651 articulum
1549 2619 1749 2650 adsciscunt.
1769 2636 1815 2643 ——
1833 2619 1846 2660 ΙΙ
1871 2618 1952 2650 Sub
1963 2619 2122 2649 stanti·

1112 2674 1261 2699 vorum
1286 2674 1409 2697 munus
1426 2669 1579 2697 tuentur.
1607 2664 1687 2702 τοὺς
1707 2664 1741 2698 ἐν
1757 2663 1847 2699 τέλει
1863 2666 1923 2698 Ph.
1945 2662 2024 2697 385.
2052 2668 2121 2697 τῶν

1114 2709 1148 2744 ἐν
1165 2709 1255 2744 τέλει
1272 2707 1352 2744 925.
1380 2713 1435 2744 Ai.
1459 2709 1560 2745 1352.
1595 2711 1640 2745 τά
1655 2711 1684 2744 τ’
1702 2711 1742 2746 ἐκ
1759 2712 1845 2749 νεώς
1863 2713 1924 2744 Ph.
1947 2709 2048 2744 1077.
2084 2710 2122 2744 τὸ

1111 2752 1186 2791 κατ’
1210 2756 1306 2804 ἦμαρ
1335 2756 1423 2791 1089
1440 2769 1484 2791 m.
1538 2756 1572 2792 οἵ
1595 2754 1622 2791 τ’
1653 2753 1703 2792 ὑπ’
1734 2757 1851 2804 ἐκείνῳ
1879 2756 1969 2791 1200
1986 2769 2031 2790 m.
2082 2756 2121 2791 τὸ

1113 2804 1196 2849 πρὸς
1221 2806 1301 2840 ποσί
1326 2805 1383 2837 OR
1410 2803 1488 2838 130.
1538 2805 1576 2839 τό
1602 2800 1628 2851 γ’
1656 2805 1704 2843 εἰς
1729 2805 1850 2839 ἑαυτόν
1875 2802 1956 2838 706.
2006 2804 2063 2839 τὸν
2089 2802 2124 2843 ἐξ

1113 2850 1224 2897 ἀγρῶν
1244 2850 1345 2885 1051.
1373 2855 1446 2890 τοῖς
1465 2851 1500 2885 ἐν
1518 2851 1607 2898 γένει
1626 2850 1726 2885 1430.
1754 2856 1817 2896 τῆς
1837 2852 1898 2897 μὲν
1915 2850 1988 2885 κατ’
2007 2850 2122 2888 οἴκους

1115 2896 1215 2931 1447.
1259 2899 1301 2933 τά
1324 2894 1353 2932 τ’
1379 2898 1419 2932 ἐκ
1444 2896 1533 2932 θεῶν
1559 2899 1614 2932 OC
1639 2897 1718 2932 256.
1762 2898 1805 2932 τοὶ
1826 2894 1854 2933 δ’
1871 2898 1906 2932 ἐν
1926 2897 2019 2944 μέσῳ
2037 2895 2118 2931 583.

1112 2944 1142 2979 εί
1165 2943 1207 2979 τὰ
1231 2948 1290 2979 νῦν
1317 2945 1482 2991 εὐημερεῖ
1506 2944 1622 2983 καλῶς
1638 2946 1676 2980 τὸ
1693 2945 1776 2990 πρὸς
1795 2945 1832 2980 σέ
1849 2943 1928 2979 617.
1972 2945 2032 2979 τάν
2050 2942 2121 2990 Θή-

1113 2991 1186 3037 βαις
1209 2990 1288 3025 791.
1332 2992 1421 3027 τάπὸ
1448 2994 1507 3026 σοῦ
1532 2991 1731 3037 βραδύνεται
1751 2991 1851 3025 1628.
1895 2992 1943 3038 τῷ
1956 2991 2044 3026 κατὰ
2060 2994 2122 3038 γᾶς

1115 3037 1203 3072 1775
1221 3050 1275 3072 an.
1303 3038 1382 3077 τοὺς
1400 3037 1464 3073 ὕπὸ
1481 3038 1608 3085 χθονός
1624 3041 1706 3071 Ant.
1728 3037 1784 3072 65.
1819 3039 1876 3073 τὸν
1894 3037 1928 3078 ἐξ
1946 3038 2033 3085 ἐμῆς
2052 3051 2122 3084 μη-

1110 3084 1188 3132 τρός
1206 3084 1284 3119 466.
1312 3085 1373 3119 τάν
1385 3079 1507 3120 ῐἈιδου
1526 3083 1594 3119 786
1611 3098 1643 3118 v.
1658 3079 1801 3131 ‘'Am-qm
1829 3088 1944 3128 ibique
1962 3088 2062 3119 etiam
2081 3087 2122 3118 de

1111 3135 1253 3165 formula
1275 3126 1472 3170 εἰς“Αιδου.
1520 3132 1559 3166 τὸ
1585 3127 1612 3165 δ’
1637 3132 1677 3166 ἐκ
1698 3133 1871 3178 τυράννων
1891 3130 1991 3166 1056.
2034 3131 2078 3166 τὰ
2095 3130 2122 3166 δ’

1113 3179 1147 3213 ἐν
1174 3178 1292 3224 δόμοις
1319 3177 1420 3212 1279,
1463 3177 1506 3212 τὰ
1533 3177 1560 3212 δ’
1583 3178 1639 3212 ἐπὶ
1655 3179 1753 3226 κρατί
1770 3191 1829 3225 μοι
1846 3178 1978 3224 πότμος
1995 3178 2122 3214 δυσκό-

1112 3238 1226 3271 μιστος
1244 3225 1405 3271 εἰσήλατο
1425 3224 1514 3259 1345
1531 3237 1575 3258 m.
1603 3225 1641 3260 τὸ
1661 3226 1745 3272 πρὸς
1762 3226 1875 3261 κείνου
1895 3227 1949 3259 Tr.
1971 3224 2051 3260 479.
2078 3225 2122 3260 τά

1111 3267 1140 3326 χ’
1166 3272 1201 3307 ἐν
1219 3271 1371 3317 δόμοισιν
1389 3271 1469 3305 625.
1512 3276 1580 3306 τῶν
1601 3268 1677 3307 κατ’
1694 3272 1789 3308 οἶκον
1807 3271 1886 3307 934.
1930 3276 2005 3311 τοῖς
2022 3271 2050 3318 γ’
2068 3271 2121 3319 ἐφ’

1111 3319 1245 3365 ημέραν
1265 3317 1366 3353 1128.
1402 3318 1482 3358 τοὺς
1499 3319 1583 3374 πρὸς
1601 3317 1745 3364 αἵματος
1763 3321 1817 3353 Ai.
1841 3318 1942 3354 1305.
1984 3320 2063 3358 τοὺς
2081 3320 2122 3355 ἐκ

43 3364 50 3413 (ᾗ
70 3363 195 3411 Dina]
218 3365 428 3412 πανσέληνον
457 3364 546 3399 1090
563 3367 614 3399 ch.
658 3369 721 3412 τῆς
746 3365 781 3404 ἐς
806 3365 920 3413 αὔριον
942 3367 1077 3413 ἡμέρας
1111 3364 1191 3404 Διός
1217 3367 1270 3399 ΕΙ.
1293 3363 1371 3399 659.
1415 3365 1458 3400 τοὶ
1484 3377 1545 3411 μεν
1572 3365 1612 3399 ἐκ
1636 3365 1752 3411 δόμων
1773 3365 1873 3399 1070.
1915 3366 1958 3400 τὰ
1980 3365 2017 3400 δὲ
2034 3366 2120 3413 πρὸς

69 3412 125 3447 OC
143 3410 222 3446 567.
265 3411 289 3458 ἡ
309 3411 422 3460 αὔριον
444 3415 500 3446 Tr.
521 3411 601 3446 945.
627 3431 667 3437 -—
702 3413 733 3447 τὶ
750 3418 817 3447 τῶν
835 3413 942 3459 πάρος
959 3417 1076 3448 κακῶν
1114 3413 1242 3448 τέκνων
1272 3411 1358 3446 1071
1387 3415 1437 3446 ch.
1482 3412 1514 3447 οἱ
1537 3408 1611 3446 κατ’
1637 3412 1732 3449 οἷκον
1761 3411 1862 3448 1147,
1906 3412 1966 3448 τάν
1999 3413 2118 3460 δόμοισ
