2288 3600
242 132 341 179 328
780 121 785 125 ’
979 122 1295 190 Θυμοφθορέω
1320 151 1389 158 -—-
1407 119 1565 175 Θῶκος
1992 126 2025 173 [1
2041 138 2075 171 P·
2091 119 2242 162 818·-

240 249 283 288 gl.
305 248 360 278 Br.
384 242 600 291 διαπεράσῃς,
622 242 671 276 είς
687 241 793 288 πέρας
811 239 930 289 ἔλθῃς.
959 241 1031 272 Erf.
1054 238 1171 286 πόρρω
1189 250 1255 273 πο-
1291 236 1471 284 κειμένους
1508 237 1564 271 OG
1582 234 1661 270 401.
1691 237 1810 268 Elmsl.
1838 233 1978 281 θύρασι,
2007 245 2039 267 v.
2068 234 2110 267 ad
2131 234 2219 267 Med.
2240 209 2245 213 Ι

241 292 367 341 ρευθῄς
384 296 447 339 τῆς
466 291 584 338 ὀργῆς.
616 292 667 322 De
678 292 786 331 posita
803 291 853 321 ira
870 293 961 321 recte
974 289 1139 328 Brunck.‚
1158 297 1256 328 prae-

239 343 322 376 dicit
345 341 437 373 enim
465 342 564 380 poeta
584 339 691 379 qualis
724 339 861 369 futurus
887 339 977 368 esset
999 335 1080 368 Oed.
1111 335 1253 374 cognita,

240 389 339 432 quam
357 388 492 420 Creonti
509 388 656 426 fecisset,
686 386 820 425 iniuria,
842 385 885 416 cf.
906 381 1035 428 περάω.
1059 400 1100 406 —-
1121 377 1257 427 ὁπηνίκ’

240 436 307 476 ἔξει
332 433 443 480 θυμός
467 434 522 466 OC
540 430 621 465 434.
649 429 871 478 κάμάνθανον
898 429 957 463 τὸν
989 428 1099 475 θυμὸν
1131 427 1258 474 ἐκδρα-

242 483 349 531 μόντα
375 493 433 528 μοι
459 479 565 526 μείζω
598 477 770 525 κολαστήν
803 482 873 511 τῶν
896 476 974 523 πρὶν
997 474 1257 522 ἡμαρτημένων

240 529 310 565 438
335 532 377 562 cf.
406 530 523 561 Herm.
553 526 662 572 θυμὸς
694 525 729 559 ἐν
761 527 884 563 κακοῖς
910 523 949 558 οὐ
976 522 1149 569 ξύμφορον
1173 520 1254 555 592.

241 575 380 613 ἀπειλαὶ
413 573 527 609 πολλὰ
561 573 603 619 δὴ
632 572 744 619 μάτην
775 571 842 618 ἔπη
869 570 974 617 θυμῷ
997 569 1258 617 κατηπείλησαν

241 623 322 659 659.
351 625 477 663 Musgr.
506 619 624 667 θυμοί.
659 622 762 653 Recte
784 621 950 662 explicuit
974 620 1113 650 Herm.:
1151 620 1260 650 minae

240 674 348 706 multa
373 672 488 703 inania
511 679 571 710 per
593 671 678 700 iram
699 669 846 699 minatae
869 670 966 707 sunt,
1003 670 1042 697 ut
1068 667 1170 697 minis
1196 666 1261 696 tri-

242 723 366 753 buatur
398 717 629 756 comminatio,
667 716 760 747 velut
785 714 844 759 τῷ
869 712 984 760 λόγῳ
1009 712 1048 746 τὸ
1083 710 1260 758 σημαίνειν

243 770 298 801 Tr.
314 764 395 807 345,
416 766 481 797 etsi
497 764 631 805 proprie
650 761 667 796 ὁ
685 761 795 808 λέγων
814 759 972 808 σημαίνει
990 758 1046 793 διὰ
1061 762 1122 793 τοῦ
1139 758 1256 805 λόγου.

245 834 287 840 --
313 811 352 848 ού
377 824 431 846 τοι
453 809 590 851 καθέξω
614 808 724 855 θυμόν
750 809 805 841 OC
823 806 903 842 874.
933 806 1048 852 θυμοῦ
1072 805 1136 853 γὰρ
1162 804 1260 840 οὐδὲν

243 860 353 910 γῆράς
372 859 459 893 ἐστιν
477 856 562 892 ἄλλο
580 855 671 903 πλὴν
690 855 807 890 θανεῖν
825 853 906 888 954.
929 873 970 878 -
998 853 1091 902 φιλεῖ
1107 849 1135 887 δ’
1161 853 1179 888 ὁ
1197 851 1264 888 θυ-

245 910 307 956 μὸς
325 903 477 956 ήρῆσθαι
491 903 640 942 κλοπεὺς
657 908 725 937 τῶν
747 903 781 937 ἐν
796 902 914 949 ,σκότῳ
931 901 1158 950 τεχνωμένων
1177 903 1258 933 Ant.

244 942 338 990 493.ι
355 956 506 987 Mentem
531 954 774 993 interpretatur
797 952 868 982 Erf.
899 951 958 982 sed
983 952 1033 982 ira
1058 953 1087 981 et
1105 949 1263 989 indiyna-

245 1007 332 1038 tione
349 1003 478 1035 occulta
503 1001 642 1032 consilia
664 999 759 1040 prodi
784 999 865 1030 satis
887 998 1034 1029 efficitur
1051 997 1164 1028 verius
1190 1006 1263 1027 esse

195 1080 197 1082 .
247 1063 291 1085 ex
308 1051 474 1093 prioribus
500 1045 590 1081 εἶδον
619 1045 798 1079 λυσσῶσαν
824 1043 895 1079 οὐδ’
921 1042 1096 1090 ἐπήβολον
1116 1047 1261 1090 φρενῶν.

249 1118 290 1124 -
307 1094 448 1131 τοιαῦτά
466 1106 525 1128 σου
543 1093 664 1130 λυπεῖς
691 1091 767 1140 γὰρ,
797 1092 883 1126 ὥστε
899 1090 1040 1137 τοξότης
1058 1089 1181 1137 ἀφῆκα
1198 1088 1265 1124 θυ-

247 1146 303 1193 μῷ
318 1142 460 1190 καρδίας
477 1140 669 1187 τοξεύματα
687 1143 768 1172 Ant.
791 1138 880 1173 1085
898 1151 931 1171 V.
952 1140 1022 1171 Ert'.
1051 1136 1107 1172 ἵνα
1122 1138 1180 1172 τὸν
1199 1135 1265 1171 θυ-

247 1193 310 1240 μὸν
335 1191 371 1230 ἐς
394 1188 582 1234 νεωτέρους
601 1187 675 1236 ἀφῇ
709 1185 810 1220 1088.
840 1185 906 1234 ἄτῃ
930 1185 1075 1226 πατάξαι
1100 1184 1211 1231 θυμὸν
1229 1183 1265 1218 ἐν

248 1239 347 1286 δεινῷ
369 1237 462 1284 πάρα
481 1233 571 1269 1097
590 1248 621 1269 v.
642 1235 721 1281 ἄτη.
744 1254 784 1259 -
802 1233 853 1272 τίς
879 1233 989 1279 θυμὸς
1011 1231 1035 1278 ἢ
1059 1231 1148 1270 τίνες
1171 1231 1267 1266 νόσοι

247 1286 349 1322 τάνδε
429 1282 580 1325 ξυνεῖλε,
610 1285 665 1315 Tr.
687 1280 757 1315 882
775 1283 826 1314 ch.
855 1280 877 1327 ἦ
908 1280 950 1328 faa
966 1279 1182 1314 κελαινώπαν
1201 1278 1267 1314 θυ-

248 1335 312 1382 μὸν
337 1331 512 1379 ἐφυβρίζει
535 1333 589 1363 Ai.
611 1328 679 1363 954
697 1331 747 1362 oh.
791 1331 852 1361 Est
876 1339 934 1370 pro
958 1326 1174 1361 κελαινώπαν
1202 1325 1267 1362 θυ-

249 1382 312 1429 μὸν
339 1380 412 1429 ἔχει
437 1377 638 1426 ἐφυβρίζων.
661 1396 701 1402 -
719 1379 877 1418 Denique
902 1386 968 1408 non
986 1377 1066 1408 satis
1085 1377 1196 1407 elucet
1221 1375 1269 1406 si-

248 1430 417 1471 gnificatio
435 1426 541 1472 θυμῷ
567 1424 594 1458 δ’
620 1423 711 1459 ούτις
728 1422 856 1471 φαιδρὰ
882 1421 1020 1471 χορεύει
1035 1421 1183 1468 τάρβους
1202 1419 1267 1456 θυ-

248 1476 359 1524 γάτηρ
384 1477 425 1508 fr.
445 1476 513 1506 inc.
534 1470 614 1505 704.
660 1472 745 1505 Cum
778 1473 872 1504 libris
896 1472 1068 1513 plerisque
1096 1474 1129 1502 et
1163 1470 1264 1501 schol.

248 1526 422 1565 legebatur
446 1519 495 1554 τίς
529 1519 577 1554 ἔτι
610 1514 684 1553 ποτ’
718 1518 753 1553 ἐν
786 1517 891 1552 τοῖσδ’
925 1517 1014 1563 ἀνὴρ
1048 1515 1152 1562 θυμῷ
1181 1514 1267 1562 βέλη

251 1570 382 1619 ἔρξεται
405 1568 521 1616 ψυχᾶς
547 1565 705 1612 ἀμύνειν;
736 1567 793 1598 OR
810 1563 880 1598 892
889 1567 940 1597 ch.
963 1575 1054 1597 nune
1071 1565 1183 1596 editur
1202 1562 1268 1598 θυ-

252 1621 318 1666 μοῦ
338 1628 381 1650 ex
397 1618 484 1649 Flor.
506 1611 533 1649 Δ
550 1612 588 1649 Θ.
626 1615 679 1646 Ex
698 1615 899 1646 scholiorum
918 1613 1198 1654 interpretatione
1214 1621 1268 1643 τι-

252 1664 384 1713 μωρίαν
403 1668 437 1696 et
461 1661 556 1698 θείαν
583 1660 681 1708 δίκην
708 1663 817 1693 locum
843 1661 891 1692 sic
917 1661 1132 1692 concinnavit
1149 1660 1264 1691 Herm.

249 1713 302 1748 τίς
325 1711 376 1746 ἔτι
400 1705 523 1745 ποτ’...
538 1707 625 1755 ἀνὴρ
650 1708 740 1743 θεῶν
768 1706 853 1753 βέλη
879 1706 994 1754 ψυχᾶς
1010 1704 1169 1752 ἀμύνειν,
1199 1707 1271 1747 quis

251 1763 332 1795 satis
347 1762 399 1792 vir
415 1762 479 1799 est,
513 1761 550 1789 ut
568 1757 703 1788 deorum
722 1758 789 1788 tela
805 1767 826 1787 a
841 1757 911 1787 vita
928 1765 988 1786 sua
1005 1755 1139 1786 arceat?
1158 1771 1198 1776 -
1219 1754 1270 1784 De

251 1813 329 1841 tono
345 1819 378 1839 v.
398 1807 475 1838 Arc.
495 1815 529 1847 p.
548 1801 604 1845 59,
625 1801 682 1835 27.
712 1800 769 1844 63,
786 1800 844 1834 25.
1013 1799 1044 1845 (1
1061 1811 1095 1842 p.
1116 1798 1198 1842 819,
1219 1798 1273 1844 6.)

323 1864 379 1901 Θυ
391 1862 565 1943 μοφθῖἕ
576 1861 630 1896 ἑω
648 1864 798 1894 ‘mimum
814 1862 975 1893 excmdo·
1005 1860 1052 1898 ὡς
1071 1858 1098 1892 3³
1123 1858 1190 1906 ἐῖὼ
1207 1856 1272 1893 θυ-
1311 1870 1470 1902 Lacaenis
1488 1866 1711 1915 φαινομηρίσι
1728 1867 1986 1908 intelligendum
2005 1866 2061 1907 sit,
2078 1864 2247 1897 Plutarch.
2267 1906 2283 1912 .

254 1911 423 1960 μοφθορῶ
442 1913 497 1945 Tr.
566 1907 600 1942 2.
630 1910 875 1942 Commemorat
893 1909 993 1940 Eust.
1014 1919 1048 1949 p.
1070 1905 1151 1948 575,
1176 1903 1229 1938 10.

325 1981 353 2019 Θ
364 1995 382 2017 υ
394 1981 445 2029 μό
457 1995 500 2016 ω.
529 1982 689 2014 Activum
709 1982 777 2012 irae
793 1978 1010 2011 concitandae
1027 1978 1273 2018 significatione

254 2032 446 2075 praeditum
463 2039 530 2061 non
543 2030 671 2061 dictum
685 2027 855 2068 Sophocli;
885 2027 1035 2058 medium
1053 2036 1079 2057 s.
1101 2025 1273 2066 passivum

254 2080 368 2121 potius
381 2076 634 2109 eaecandescendz·
653 2077 702 2106 ira
716 2079 750 2106 et
766 2074 988 2114 succensendi,
1011 2073 1154 2105 subinde
1172 2072 1274 2104 etiam

255 2126 418 2159 stimulati
443 2125 486 2156 ad
502 2124 703 2155 vehementer
719 2120 911 2162 faciendum
935 2122 1040 2152 animi
1063 2120 1177 2151 habet.
1205 2120 1276 2150 Hac

257 2173 441 2216 posteriore
466 2172 594 2203 ratione
618 2171 745 2202 dictum
766 2166 800 2201 τί
825 2162 853 2200 δ’
878 2165 978 2201 αὖθις
1001 2165 1054 2200 δεῖ
1078 2177 1114 2199 σε
1140 2164 1276 2210 θυμοῦ-

258 2218 356 2261 σθαι,
386 2218 442 2252 OG
462 2215 573 2258 1420,
602 2218 643 2249 de
660 2217 817 2255 Polynice
841 2216 965 2247 iterum
990 2218 1100 2246 coacto
1124 2214 1275 2245 exercitu

257 2269 386 2300 bellum
403 2266 573 2298 Thebanis
589 2265 736 2296 illaturo.
766 2264 850 2295 Nam
866 2262 1028 2304 quomodo
1046 2262 1086 2294 de
1104 2261 1275 2302 praesenti

258 2315 426 2355 Polynicis
443 2314 504 2355 ira,
534 2323 599 2354 qua
617 2312 758 2351 negabat
785 2319 820 2342 se
846 2310 1069 2342 abducturum
1087 2309 1277 2340 exercitum

259 2372 345 2403 esse,
367 2362 434 2393 dici
449 2360 558 2401 possit
574 2356 685 2399 αὖθις,
715 2367 800 2399 quae
818 2360 870 2389 est
886 2357 1075 2388 Hermanni
1092 2356 1273 2395 sententia,

260 2419 328 2442 non
346 2409 427 2441 satis
444 2410 597 2448 apertum
616 2410 678 2437 est.
709 2405 872 2438 Similiter
897 2402 1032 2450 σμικρῷ
1048 2400 1185 2450 χαλινῷ
1202 2399 1278 2435 οἶδα

259 2455 340 2493 τοὺς
363 2452 604 2500 θυμουμένους
632 2451 761 2489 ἵππους
789 2448 1066 2496 καταρτυθέντας
1091 2451 1173 2482 Ant.
1194 2446 1274 2481 477.

261 2505 377 2537 Altera
392 2502 582 2544 praevalet:
613 2496 808 2545 θυμοῦσθαι
833 2497 895 2544 μὲν
920 2496 985 2532 οὐκ
1010 2495 1194 2542 ἐπίσταμαι
1217 2507 1278 2529 νο-

262 2552 376 2585 σοῦντι
399 2547 504 2594 κείνῳ
521 2545 694 2592 (Herculi)
713 2547 768 2578 Tr.
789 2543 869 2579 543.
890 2544 930 2579 τὸ
955 2543 1018 2591 μὲν
1041 2546 1196 2578 νοσοῦντι
1212 2541 1279 2577 θυ-

263 2595 413 2644 μοῦσθαι
425 2593 532 2629 κακόν
549 2591 650 2626 1230.
665 2612 706 2617 -
721 2591 768 2626 εἰς
786 2591 856 2639 ἔριν
869 2590 1089 2637 θυμούμενος
1102 2592 1156 2623 Ai.
1173 2587 1274 2622 1018.

263 2645 351 2679 ὥστε
375 2640 572 2688 θυμοῦσθαι
599 2639 722 2676 παθών
746 2641 807 2672 Ph.
828 2637 910 2673 323.
938 2639 998 2673 καὶ
1022 2638 1061 2672 σὺ
1089 2637 1138 2683 μὴ
1165 2636 1207 2672 θυ
1239 2639 1278 2670 οὔ

263 2690 378 2726 κλύων
413 2687 493 2724 922.
531 2687 646 2732 θυμοῦ
680 2682 728 2722 δι’
763 2685 868 2733 ὀργῆς
901 2686 959 2719 ΟΒ
977 2684 1056 2719 344.
1085 2679 1176 2731 ἡνίκ’
1237 2682 1278 2730 δη

264 2737 386 2785 μεστὸς
418 2736 441 2783 ἦ
476 2734 694 2781 θυμούμενος
725 2734 781 2768 OG
799 2731 869 2767 768
893 2736 1033 2766 satiatus
1058 2734 1118 2765 ira.
1155 2729 1281 2778 καροίᾳ

264 2783 469 2832 θυμουμένη
496 2785 577 2816 Ant.
601 2779 702 2815 1254.
730 2780 753 2827 ἦ
779 2781 890 2827 κάρτα
915 2778 978 2814 κᾶν
1002 2778 1135 2815 ἄλλοισι
1153 2776 1282 2824 θυμοί-

266 2843 335 2879 μην
361 2830 442 2865 ἰδών
477 2832 529 2863 El.
553 2828 654 2863 1278.
692 2827 727 2864 ἐν
756 2830 895 2862 κακοῖσι
928 2825 1106 2872 θυμωθείς
1139 2827 1216 2858 Ter.
1236 2827 1277 2858 fr.

266 2878 347 2920 514,
365 2877 398 2912 3.
421 2897 462 2902 -
489 2879 541 2911 De
568 2879 630 2910 hoc
646 2878 746 2909 verbo
770 2876 933 2918 quaedam
956 2875 1144 2907 observavit
1161 2874 1278 2906 Valck.

266 2929 362 2960 diatr.
383 2936 417 2967 p.
438 2922 506 2957 231
524 2935 553 2965 a,
581 2924 738 2966 inprimis
766 2933 833 2956 non
859 2919 1047 2967 θυμεῖσθαι
1072 2922 1130 2954 sed
1147 2918 1283 2966 θυμοῦ-

269 2970 348 3008 σθαι
365 2973 536 3004 veteribus
553 2972 632 3004 dici.

329 3024 394 3086 '86
406 3030 486 3087 paxu
503 3032 615 3063 ianua.
651 3030 836 3070 Singularis
870 3028 1025 3082 Sophocli
1056 3037 1124 3059 non
1157 3026 1280 3058 dictus.

267 3077 406 3159 ῗῧέξῖῗ
422 3075 610 3157 ἶὶῖιεθὲἕῖεζ
623 3074 790 3165 22322‘225.
811 3071 1285 3162 Χέἷὲῗιῗέεὲἓρὲιὲᾜῃῖἒᾱῗὲ

270 3174 399 3215 species
416 3173 517 3204 etiam
535 3173 588 3203 El.
609 3169 666 3203 78.
695 3168 754 3204 καὶ
770 3169 839 3216 μὴν
865 3167 981 3215 θυρῶν
1005 3165 1107 3208 ἔδοξα
1131 3164 1285 3213 προσπό-

269 3219 340 3254 λων
356 3231 448 3257 τινος
464 3216 716 3264 ὑποστενούσης
743 3215 839 3251 ἔνδον
865 3212 1064 3256 αἰσθέσθαι,
1094 3216 1152 3247 ubi
1170 3211 1284 3259 θυρῶν

272 3264 452 3301 αἰσθέσθαι
492 3265 582 3303 τινὸς
617 3263 712 3299 ἔνδον
746 3261 998 3308 ὑποστενούσης
1030 3261 1282 3301 eoniungenda;

273 3311 387 3359 θυρῶν
405 3317 458 3345 est
474 3324 495 3344 a
510 3313 648 3353 foribus.
669 3330 709 3336 —-
731 3309 842 3357 βλέφα
865 3322 886 3344 α
901 3307 1070 3356 κέκληταί
1087 3303 1127 3355 γ’,
1157 3307 1204 3344 ὡς
1221 3318 1287 3340 κα-

275 3359 419 3406 πηλείου
437 3358 540 3406 θύραι
555 3360 654 3392 Phin.
671 3361 712 3391 fr.
735 3356 815 3396 635.
837 3322 920 3400 ΙΓΑἱ)
937 3356 1070 3388 aedibus
1087 3356 1127 3387 ad
1140 3356 1288 3395 patriam

274 3412 309 3440 et
325 3407 433 3440 sedem
450 3409 486 3439 in
501 3416 539 3439 ea
555 3407 764 3447 transfertur.
794 3403 817 3449 ἡ
836 3402 863 3437 δ’
881 3402 1054 3451 ὠφέλησις
1077 3400 1126 3439 τίς
1151 3398 1287 3447 θύραισι

1293 290 1362 318 not.
1384 289 1407 317 t.
1429 283 1494 330 [sic
1510 282 1634 329 Dind.]
1654 302 1695 309 —
1721 285 1773 316 De
1791 287 1931 316 accentu
1955 284 2029 315 eius
2046 282 2179 322 generis
2193 290 2227 315 o·
2240 274 2265 309 ,²¹

1294 333 1386 365 vavit
1402 334 1480 364 Arc.
1501 342 1536 374 p.
1560 329 1637 372 100,
1658 329 1721 364 24:
1753 331 1811 364 sed
1829 333 2035 373 quantopere
2059 338 2135 362 sese
2152 333 2185 362 ω
2208 343 2240 358 22·

1294 382 1329 412 in
1348 381 1530 412 multorum
1548 380 1782 411 vocabulorum
1807 388 1886 411 sono
1911 378 1952 410 ad
1977 380 2084 409 certas
2106 377 2238 417 regulas
2264 401 2266 403 >

1294 428 1438 460 vocando
1463 428 1535 468 ipso
1560 427 1617 459 illo
1642 429 1820 468 praecepto
1845 425 2015 458 clarescit:
2051 433 2117 457 non
2135 425 2227 457 enim
2260 457 2266 465 -.

1294 478 1376 516 gnat
1401 475 1495 506 modo
1520 484 1595 506 cum
1622 475 1724 506 altero
1742 484 1775 515 p.
1797 470 1854 514 96,
1875 469 1920 505 Q
1937 472 2078 512 tradito,
2107 472 2166 504 sed
2183 481 2222 504 eo
2247 473 2266 499 ι’

1295 524 1344 563 gis
1362 523 1438 563 quis
1455 518 1546 567 θυρά
1562 522 1659 553 scribi
1679 524 1866 562 exspectet,
1886 521 1966 562 quia
1976 519 2148 561 periectici
2164 529 2224 561 spe
2232 533 2245 548 ιι
2265 542 2267 544 .

1295 579 1376 611 prae
1402 580 1438 602 se
1457 570 1532 601 fert.
2106 564 2139 610 (Ι
2156 577 2190 608 p.
2209 564 2233 599 8
2245 574 2273 607 ··{

1367 637 1537 684 Θύραζε
1554 639 1658 679 foras,
1679 640 1886 670 eoetrinsecus.
1915 634 2102 671 λαθίπονον
2132 630 2157 669 δ’
2187 634 2226 670 ὀδ

1298 681 1366 721 οὔτ’
1386 684 1524 720 ἔνδοθεν
1551 683 1627 719 οὔτε
1650 683 1778 732 θύραζέ
1799 683 1828 731 γ’
1853 684 1924 719 ἔστι
1977 695 2008 718 οι
2026 681 2181 723 ἐξανύσαι
2198 678 2270 728 βίΔ

1298 735 1353 767 Tr.
1378 731 1464 767 1021
1486 745 1530 765 m.
1567 734 1676 774 Vulgo
1702 731 1834 778 βιότου;
1872 733 1908 764 in
1941 697 2067 777 θύραζε
2097 731 2270 764 consenti

1298 782 1386 822 libri,
1417 782 1483 813 nisi
1509 781 1598 822 quod
1623 782 1659 812 in
1686 782 1745 812 LA
1762 777 1785 813 θ
1809 791 1828 812 a
1844 790 1887 812 m.
1908 789 1958 821 pr.
1981 779 2208 820 superscripto
2222 779 2269 811 in

1299 834 1392 861 catur
1409 826 1577 874 θύραθεν,
1606 829 1734 860 scilicet
1757 830 1892 869 propter
1917 827 2134 859 coniunctum
2158 823 2274 862 ἔνδο

1298 877 1360 908 Illa
1385 876 1570 915 Musgravii
1595 876 1742 916 suspicio
1768 878 1838 915 est,
1875 874 1969 906 modo
1994 874 2081 915 quod
2106 868 2132 919 γ’
2161 870 2231 906 ἐστι

1300 922 1407 957 ἔνεστι
1431 924 1485 955 vel
1511 920 1583 956 ἐστί
1604 923 1742 963 Herm.;
1779 923 2063 961 confirmaturque
2088 931 2107 952 a
2123 920 2236 952 schol'

1299 972 1396 1003 Alter
1423 967 1549 1015 θύραζε
1573 972 1660 1002 bene
1685 970 1832 1011 explicat
1864 962 1932 1002 οὔτ’
1960 965 2018 1002 ἀπ’
2051 966 2202 1014 ἐμαυτοῦ
2239 978 2264 996 ι»

1301 1016 1369 1052 ἀπό
1393 1028 1485 1055 τινος
1509 1021 1578 1050 τῶν
1596 1015 1713 1056 ξένων.
1743 1017 1795 1049 Cf.
1817 1017 1899 1048 Eur.
1920 1015 1976 1048 Or.
1998 1012 2078 1047 603.
2106 1012 2151 1048 τά
2164 1011 2192 1047 τ’
2217 1012 2265 1048 ἔν

1301 1063 1377 1107 εἰσί,
1404 1064 1448 1099 τά
1473 1076 1510 1098 τε
1534 1062 1660 1110 θύραζε
1688 1063 1788 1097 δυστυ
1817 1065 1879 1097 εἷς.
1908 1065 1961 1095 De
1978 1067 2056 1095 tono
2073 1063 2192 1094 docent
2208 1073 2224 1095 s

1302 1114 1342 1145 Il.
1363 1125 1383 1160 γ
1399 1110 1445 1145 29
1463 1113 1543 1154 ibiq.
1565 1113 1664 1145 Eust.
1686 1123 1719 1153 p.
1742 1073 1823 1152 377,
1845 1109 1877 1143 3.
1899 1110 1964 1143 EM
1980 1120 2014 1151 p.
2035 1106 2117 1151 806,
2140 1107 2195 1142 10.
2272 1109 2275 1111 ’

1372 1183 1391 1203 *
1401 1181 1428 1218 Θ
1441 1181 1459 1217 ύ
1471 1194 1488 1229 ρ
1499 1181 1552 1217 αθ
1569 1194 1611 1215 εν
1628 1193 1660 1214 v.
1681 1192 1783 1223 supra
1800 1179 1940 1226 θύραζε.

1373 1252 1428 1289 Θυ
1441 1257 1567 1300 ραῖος
1586 1254 1737 1294 forensi&
1760 1253 1829 1284 N‘ec
1845 1256 1957 1284 tamen
1976 1252 2074 1284 aliter
2090 1252 2226 1292 dicitur,
2255 1264 2271 1279 ι

1303 1304 1344 1335 de
1362 1303 1414 1334 his
1441 1312 1526 1343 quae
1550 1302 1633 1341 foris
1649 1303 1822 1332 versantur
1839 1300 1894 1331 vel
1915 1300 2091 1340 prodeunt.
2119 1298 2164 1330 Et
2180 1299 2222 1330 de
2238 1308 2259 1340 p
2276 1295 2281 1298 Κ

1303 1351 1487 1382 deuntibus
1505 1349 1642 1390 quidem
1658 1345 1803 1393 θυραῖος
1820 1343 1932 1391 ἦλθον
1949 1344 2065 1391 λάθρα
2083 1346 2140 1378 Tr.
2161 1342 2242 1378 533.
2271 1339 2281 1384 s

1305 1396 1398 1430 δόκει
1417 1394 1449 1441 μ’
1468 1394 1508 1430 ἂν
1526 1394 1670 1441 θυραῖον
1689 1395 1818 1441 οἰχνεῖν
1838 1395 1891 1425 ΕΙ.
1913 1391 1993 1426 313.
2022 1395 2074 1426 De
2091 1393 2144 1424 his
2169 1394 2224 1434 qui
2255 1401 2270 1419 ιι

1300 1444 1497 1485 prodierunt
1514 1445 1568 1475 vel
1590 1436 1758 1475 exierunt.⁸
1784 1435 1845 1474 τίν’
1873 1439 1947 1488 ἔχει
1973 1438 2105 1486 στίβον,
2134 1437 2278 1473 ἔναυλα

1303 1489 1448 1537 θυραῖον
1474 1492 1535 1522 Ph.
1560 1487 1627 1522 158
1644 1490 1695 1522 ch.
1735 1489 1878 1521 Thomas
1902 1490 1948 1521 M.
1977 1499 2012 1530 p.
2031 1484 2100 1521 303
2125 1487 2204 1519 inde
2226 1501 2230 1515 τ
2249 1491 2283 1528 i„

1305 1536 1448 1573 ἔναυλός
1472 1536 1561 1572 ἐστιν
1586 1535 1609 1582 ἢ
1636 1535 1798 1584 θυραῖος,
1825 1546 1869 1568 ex
1894 1535 2183 1576 interpretatione.
2219 1531 2281 1568 τόᾷ

1305 1584 1423 1632 βλέπω
1448 1583 1592 1630 θυραῖον
1626 1582 1695 1631 ἤδη
1731 1585 1786 1616 Tr.
1814 1580 1894 1616 595.
1924 1581 2066 1628 θυραῖος
2099 1579 2196 1639 εἴπερ
2228 1578 2258 1614 ἐ-

1305 1630 1428 1678 (Mag)
1446 1630 1525 1665 793.
1555 1630 1614 1665 καὶ
1634 1631 1702 1677 μὴν
1720 1628 1864 1676 θυραῖος
1882 1627 1960 1662 794.
1990 1627 2136 1675 θυραίαν
2162 1640 2182 1674 γ
2221 1625 2275 1662 o*

1306 1682 1360 1713 El.
1375 1678 1455 1713 518.
1485 1678 1524 1713 οὐ
1543 1678 1627 1725 πρὸς
1646 1676 1795 1725 θυραίων
1814 1675 1976 1723 οὐδαμῶς
1994 1674 2168 1721 ἀκουσίμη
2186 1677 2227 1708 fr.
2251 1676 2258 1684 ”

1307 1725 1388 1769 823,
1409 1724 1442 1759 2.
1472 1727 1699 1768 Opponuntur
1726 1725 1761 1759 αἱ
1788 1718 1862 1757 κατ’
1887 1723 1993 1758 οἷκον.
2016 1741 2058 1747 -
2078 1723 2190 1755 Semel
2206 1727 2246 1754 tr
2271 1726 2277 1731 “

1308 1776 1449 1807 dicitur:
1487 1772 1528 1811 ἇς
1553 1768 1598 1807 ἔτ’
1623 1771 1768 1807 ἄστολος
1792 1773 1897 1819 χιτὼν
1921 1769 2065 1817 θυραῖον
2100 1767 2189 1816 ἀμφὶ
2215 1780 2276 1818 μη

1309 1820 1506 1862 πτύσσεται,
1530 1818 1716 1866 Ἑρμιόναν
1735 1822 1775 1852 fr.
1796 1822 1863 1852 inc.
1885 1816 1964 1859 791,
1989 1819 2077 1860 quod
2104 1813 2281 1859 quomodo

1311 1922 1364 1949 cet
1381 1918 1452 1949 Vit.
1474 1927 1507 1957 p.
1529 1914 1573 1948 77
1592 1926 1622 1947 a.

1382 1973 1547 2021 Θύρασι
1573 1986 1603 2006 v.
1633 1971 1735 2020 θύρα.

1382 2032 1530 2081 Θυρών
1556 2035 1647 2065 locus
1671 2032 1714 2063 ad
1742 2033 1879 2063 ianuam
1904 2041 1931 2065 s.
1949 2034 2102 2072 portam;
2130 2033 2169 2062 ut
2192 2008 2288 2083 πυλὲ

1312 2080 1519 2140 προπυλών,
1549 2077 1744 2126 προθυρών.
1774 2079 1918 2118 Hesych.
1955 2082 2067 2110 tamen
2101 2074 2246 2122 θυρῶν
2274 2079 2288 2087 ’”

1310 2141 1373 2167 τας
1391 2127 1542 2169 σανίδας,
1570 2125 1707 2164 καὶτὰς
1735 2123 1882 2164 ἐξόδους.
1906 2144 1945 2149 -
1967 2123 2061 2163 ὅπως
2083 2117 2235 2171 παρῆλθ’
2255 2084 2288 2170 ἒ

1314 2176 1467 2222 θυρῶνος
1491 2176 1550 2208 OR.
1568 2171 1659 2206 1242
1685 2175 1822 2205 introiit.
1847 2192 1887 2197 —
1914 2171 1998 2218 πρὸς
2020 2169 2175 2218 θυρῶνος
2202 2169 2279 2211 ἐξό

1314 2223 1465 2260 ἐλθοῦσα
1489 2224 1543 2255 El.
1562 2219 1631 2254 328
1651 2221 1807 2262 prodiens
1832 2222 1867 2252 in
1880 2221 2064 2262 publicum.
2093 2220 2145 2251 De
2162 2223 2279 2260 tono„

1314 2283 1378 2314 quo
1396 2282 1493 2304 nemo
1511 2270 1678 2310 dissentit,
1700 2270 1875 2300 observare
1894 2277 1959 2300 non
1977 2277 2072 2309 opus.
2275 2266 2288 2289 ’ἰ

1386 2339 1429 2387 [Θ
1440 2353 1458 2374 υ
1471 2352 1488 2387 ρ
1499 2354 1526 2374 ω
1539 2351 1556 2386 ρ
1568 2339 1585 2373 ό
1596 2352 1611 2377 ς
1630 2341 1763 2371 ianitor.
1799 2336 1913 2383 πύλης
1931 2335 2015 2376 ἅναξ
2041 2333 2177 2382 θυρωρέ
2201 2337 2242 2368 fr.
2276 2316 2288 2340 ᾖ

1313 2387 1422 2480 ξὸξέἑ)
1433 2399 1497 2480 ]ap.
1519 2388 1575 2419 Et.
1598 2388 1698 2419 Laur.
1719 2387 1755 2417 in
1774 2387 1898 2417 Milleri
1915 2385 2087 2425 Melanges
2105 2384 2146 2415 de
2164 2382 2247 2414 Litt.
2276 2419 2288 2443 Ξ

1341 2463 1348 2469 .
1421 2462 1427 2468 .
2275 2451 2288 2473 ,

1386 2492 1442 2529 Θυ
1455 2492 1557 2530 στάς
1583 2491 1669 2533 quod
1694 2495 1741 2523 est
1766 2491 1928 2532 sacrificii.
1967 2487 2006 2523 ού
2036 2488 2195 2536 δέχονται
2221 2483 2288 2533 (θες

1315 2540 1487 2579 θυστάδας
1504 2538 1599 2577 λιτὰς
1618 2537 1667 2572 ἔτι
1684 2540 1766 2571 Ant.
1784 2535 1873 2571 1019
1890 2547 2006 2578 preces
2023 2538 2059 2568 in
2075 2547 2163 2568 sacro
2181 2535 2288 2574 facien

1315 2593 1428 2631 fusas3
1457 2590 1550 2620 velut
1564 2584 1718 2621 θυστάδα
1743 2585 1827 2631 βοήν
1851 2585 2008 2624 Aeschyl.
2030 2584 2118 2616 dixit
2136 2584 2229 2625 Sept.
2248 2575 2288 2616 2'2

1388 2657 1414 2694 Θ
1424 2655 1448 2692 13'
1457 2670 1476 2691 τ
1486 2657 1509 2704 ή
1522 2669 1539 2704 ρ
1557 2659 1611 2699 qui
1628 2657 1802 2698 sacrificat.
1825 2657 1943 2735 Ἑανεῖν
1960 2651 2056 2692 θεοῖς
2074 2652 2209 2707 θυτῆρα
2223 2639 2288 2694 mx}

1316 2706 1432 2741 καινὸν
1460 2705 1494 2739 ἐν
1519 2703 1724 2748 πεπλώματι
1751 2705 1806 2735 Tr.
1855 2700 1909 2735 13.
1941 2699 2026 2736 ἔνθα
2041 2699 2086 2735 κλ
2112 2699 2206 2740 ζεται
2221 2697 2288 2740 &avj

1318 2751 1386 2788 659
1404 2754 1455 2786 ch.
1485 2752 1531 2789 ὡς
1550 2750 1660 2797 θυτήρ
1688 2761 1725 2796 γε
1742 2748 1856 2784 πολλὰ
1874 2748 1916 2795 δὴ
1937 2745 2071 2786 σταθεὶς
2113 2759 2162 2781 νω
2182 2744 2288 2796 1192ᾀξ

1389 2816 1488 2858 Θύω
1512 2833 1606 2854 sacra
1631 2821 1731 2862 facio,
1761 2831 1836 2853 cum
1862 2819 2068 2852 suffimentis
2084 2821 2158 2850 tum
2182 2806 2288 2858 crucifi}

1320 2869 1442 2917 βωμῷ,
1462 2881 1509 2904 πα
1532 2864 1540 2877 '
1558 2863 1585 2916 ᾧ
1603 2866 1698 2903 θύων
1718 2867 1838 2914 ἔκυρον
1857 2867 1912 2900 OC
1927 2863 2029 2899 1159.
2042 2883 2084 2889 -
2103 2862 2166 2899 θῦε
2183 2865 2237 2897 El.
2250 2856 2288 2912 6}

1320 2920 1409 2951 Num
1435 2916 1500 2964 πρό
1527 2915 1605 2951 ατόν
1633 2927 1665 2949 τι
1683 2913 1776 2949 θύειν
1803 2915 1873 2946 Pel.
1895 2915 1938 2945 II.
1961 2910 1981 2945 6
2000 2913 2095 2945 Brck.
2126 2922 2145 2943 a
2162 2906 2288 2953 Soph.l

1321 2970 1422 3006 ctum,
1445 2975 1487 2997 an
1505 2966 1619 3005 potius
1643 2963 1728 2995 salse
1746 2962 1970 2994 immiscuerit
1995 2960 2128 3000 tragicis
2147 2969 2210 2991 sua
2225 2946 2288 2999 Arfi

1321 3014 1384 3045 Av.
1406 3009 1472 3044 851
1500 3009 1548 3054 (v.
1571 3009 1694 3053 schol.)
1717 3019 1784 3042 non
1810 3011 1889 3041 satis
1907 3011 2036 3039 certum
2054 3010 2116 3047 est,
2149 3009 2288 3043 tamen!

1321 3060 1474 3098 tiamne,
1495 3062 1530 3090 et
1547 3059 1659 3090 omisit
1675 3058 1732 3088 ina
1750 3057 1852 3088 Dina.
1881 3054 1944 3099 τὴν
1972 3053 2034 3100 σὴν
2060 3051 2208 3098 ὅμαιμον
2233 3047 2288 3085 θῦε

1321 3105 1450 3142 θεοῖσιν
1468 3107 1522 3138 El.
1543 3102 1622 3137 532.
1650 3103 1751 3149 χάριν
1774 3101 1863 3140 τίνος
1887 3100 2008 3136 ἔθυσεν
2034 3098 2140 3145 αὐτήν
2159 3095 2240 3132 535.
2260 3095 2288 3142 Q

1323 3154 1370 3188 ὧν
1389 3150 1487 3198 μόλις
1505 3150 1625 3186 ἔθυσεν
1644 3149 1752 3196 αὐτήν
1770 3147 1850 3182 576.
1879 3146 2002 3182 οὔκουν
2021 3145 2131 3184 ἐάσεις
2150 3143 2288 3225 θῦσαιίος

1322 3198 1403 3233 631.
1433 3201 1555 3232 Atticis
1581 3200 1689 3240 poetis
1714 3209 1733 3231 υ
1759 3199 1865 3229 futuri
1889 3200 1923 3228 et
1947 3205 2012 3228 aor.
2034 3197 2197 3235 perpetuo
2213 3203 2234 3234 p

1323 3249 1428 3287 citur;
1458 3247 1645 3289 praesentis
1664 3245 1855 3277 infinitivus
1873 3245 1924 3275 bis
1942 3243 2076 3274 videtur
2093 3241 2256 3282 corripere
2271 3238 2288 3271 A

1323 3295 1407 3327 Ach.
1421 3291 1500 3326 790.
1530 3294 1613 3325 Eur.
1632 3293 1686 3324 El.
1708 3288 1807 3323 1136.
1839 3290 1890 3323 Of.
1912 3290 1977 3321 EM
1988 3299 2021 3331 p.
2036 3285 2115 3327 458,
2129 3284 2162 3319 2.
2183 3287 2288 3318 Mein<

1317 3342 1365 3381 ‚ad
1381 3341 1553 3374 Menandr.
1573 3350 1608 3380 p.
1629 3336 1710 3371 254.
2079 3333 2111 3378 (1
2128 3344 2161 3375 p.
2182 3330 2262 3374 821,
2283 3329 2288 3364 ἔ

1396 3396 1542 3437 Θῶκος
1568 3409 1599 3430 v.
1629 3395 1749 3434 θᾶκος.
2286 3403 2288 3408 ·
