2288 3600
13 141 46 219 ξε
87 182 122 216 p.
144 169 403 216 1001-1003.]

10 268 171 324 τῖἳὲνᾶρα
187 277 430 318 coniungenda,
453 287 550 317 quam
569 286 628 317 syo
645 276 729 308 nihil
745 278 836 308 scivi.
873 276 920 313 ὡς
946 273 1035 321 ὁρῶν

73 321 274 370 ἐποικτείρω
291 322 398 358 πάλαι
410 320 510 356 1199.
540 323 587 361 ὡς
604 320 717 356 πολλοὶ
734 320 855 356 παθὼν
873 319 910 356 δι’
932 320 1034 356 ἐλευ-

71 369 142 419 ρίας
161 368 259 416 μόλις
277 368 420 416 ἐξῆλθες
441 368 530 404 1508
545 380 601 403 an.
630 369 678 407 ὡς
697 367 737 403 ἐκ
753 367 892 418 ταχείας
971 362 1035 415 ᾆσ-

113 418 170 452 Tr.
190 414 269 451 395.
297 417 345 456 ὡς
373 415 511 451 δέδοικα
528 414 607 450 663.
637 417 685 455 ὡς
711 414 751 450 ἂν
770 414 810 451 ἐκ
825 420 927 462 τριῶν
953 413 977 450 σ’
999 415 1034 452 ἓν

9 462 171 512 ἴχᾲὶλόμην
188 461 268 497 734.
297 464 345 503 ὡς
368 462 421 510 ἄρ’
437 463 522 510 ἧμιν
548 461 587 498 οὐ
614 467 766 510 σμικρῶν
791 467 910 497 κακῶν
933 461 1034 511 ἧρξεν

13 509 24 516 ’
64 516 67 521 “
91 510 202 558 δῶρον
217 509 298 545 871.
336 511 383 549 ὡς
400 510 435 550 ἐς
452 508 567 545 πολλὰ
583 508 746 557 τάπορεῖν
764 508 781 544 ἕ
807 523 836 544 ω
856 508 957 543 1243.
987 510 1034 548 ὡς

94 556 178 597 αθές
195 568 255 592 σου
317 552 454 605 <ptine-ny?
470 555 587 592 ἀκούω
600 559 656 591 Ai.
675 554 729 590 15.
759 521 828 603 οἶμ’
853 557 901 595 ὡς
919 556 1034 596 ἔοικας

78 604 118 640 ὰ
141 607 325 653 μαρτυρεῖν
350 603 434 652 ἄγαν
453 602 532 638 354.
562 602 635 649 οἴμ’
651 604 698 642 ὡς
715 601 842 661 ἀθυμῶ
867 601 946 637 587.
987 605 1035 642 ὡς

94 655 150 688 εἶα
165 679 172 686 .
188 650 329 700 ..χάρις
355 651 486 697 διαρρεῖ
504 648 606 685 1266.
641 651 690 689 ὡς
716 650 734 685 ὁ
754 648 903 700 Σισυφος
927 650 1034 689 πολὺς

117 757 176 781 σου
200 744 316 794 τέρψιν
343 744 594 792 εὐλογουμένου
618 746 660 778 fr.
682 745 802 777 Teucr.
823 744 843 778 5
869 742 903 787 8,
926 743 956 778 1.
987 745 1034 783 ὡς

4 786 275 835 ἑιυστιτάλοιιστόν
294 791 382 827 ἐστιν
399 790 534 839 ἀμαθία
549 790 658 826 κακόν
674 793 742 824 inc.
756 789 836 833 663,
854 789 886 824 3.
909 792 956 830 ὡς
974 791 1035 826 ού-

36 861 60 868 ι»
102 839 204 887 ἐσμεν
221 837 300 882 682,
321 838 356 873 2.
392 840 440 878 ὡς
455 837 643 885 τρισόλβιοι
665 840 774 873 κεῖνοι
801 837 932 884 βροτῶν
950 836 1031 880 719,

74 942 77 944 ‘
115 932 228 969 ὄλοιτο
255 935 310 967 ΕΙ.
334 931 399 967 126
417 935 468 967 ch.
504 933 552 971 ὡς
577 930 711 980 ὤφελον
746 931 794 966 πά
817 929 908 967 οιθεν
941 931 1035 966 ἐκλι-

70 983 106 1016 ῖν
125 979 196 1028 βίον
211 979 312 1015 1131.
341 981 401 1019 ὡς,
421 979 572 1026 ἀκμαῖος
589 979 619 1013 εἰ
638 978 731 1025 βαίη,
760 991 786 1025 μ
807 977 861 1013 λοι
877 981 932 1013 Ai.
950 977 1030 1012 921.

69 1038 88 1062 ο
114 1030 254 1062 fortasse
283 1029 433 1070 elliptica
459 1028 588 1060 ratione
618 1028 823 1069 explicueris
851 1028 936 1059 illud
969 1027 1029 1059 Ph.

82 1073 158 1110 3.=
183 1073 252 1123 ἐγὼ
279 1071 303 1109 δ’
331 1073 474 1110 ἀπαυδῶ
491 1068 533 1122 γ’,
562 1074 609 1112 ὡς
625 1070 700 1108 θεοὶ
718 1071 918 1119 ξυνίστορες,
947 1075 1034 1116 quod

68 1126 159 1156 ttm.
176 1121 249 1157 ἐπεί
264 1124 507 1165 interpretatur
521 1131 603 1154 nam
615 1121 662 1153 dii
674 1130 725 1153 me
738 1120 891 1162 audiunt,
914 1122 1030 1153 Herm.

89 1171 302 1212 comparativi
326 1170 497 1203 enuntiati
521 1169 687 1201 rationem
711 1171 842 1200 revocat
866 1169 1033 1210 interpr&

71 1265 275 1298 'sententiae
301 1273 367 1296 non
385 1267 502 1306 aptum
518 1263 672 1302 videtur3
700 1261 785 1293 mihi
801 1263 911 1303 placet
927 1264 1035 1294 sciant

79 1338 88 1353 ‚
108 1313 131 1344 i.
152 1321 183 1345 e.
209 1313 290 1344 scire
313 1312 416 1344 velint
434 1320 550 1353 precor
574 1309 778 1342 subaudiens
805 1307 910 1342 ἔστων
929 1319 956 1342 s.
976 1307 1034 1355 γέ-

72 1370 162 1400 ιντο,
190 1359 290 1400 quale
314 1359 396 1400 quid
420 1368 486 1391 uon
503 1358 617 1390 minus
634 1360 723 1389 certe
747 1360 837 1388 recte
862 1357 1035 1389 subaudiri

77 1414 126 1440 se
142 1407 249 1446 video,
269 1415 368 1447 quam
384 1407 483 1452 γενοῦ
501 1405 558 1437 OR
575 1400 654 1436 697.

83 1476 86 1482 ·
122 1466 166 1498 11.
191 1460 200 1474 ‘
214 1461 268 1502 Ως
293 1465 418 1497 dictum
440 1464 604 1496 obiective.
710 1459 760 1505 (ΙΙ
775 1471 809 1503 p.
835 1458 936 1503 1001,
955 1459 1035 1506 22.)

75 1516 117 1559 A.
145 1523 210 1556 Res
225 1522 310 1555 duae
328 1524 421 1555 iuxta
433 1524 560 1564 positae
577 1523 822 1561 comparantur.

24 1583 70 1626 -32
101 1579 131 1616 1.
161 1582 415 1623 Componuntur
431 1591 484 1613 res
501 1582 605 1622 duae,
633 1591 716 1622 quas
741 1583 832 1613 inter
848 1580 1035 1612 secundum

23 1620 58 1672 3⁴11
69 1630 197 1662 uentis
213 1633 274 1661 aut
297 1628 538 1660 considerantis
561 1629 753 1669 opinionem
771 1627 898 1668 aliquid
914 1630 972 1659 aut
988 1628 1036 1659 si-

61 1692 65 1705 ς
101 1677 231 1709 tudinis
254 1680 312 1708 aut
327 1675 496 1708 societatis
517 1676 706 1716 intercedit,
723 1675 784 1707 sed
797 1683 887 1717 quae·
896 1675 1034 1706 minime

76 1723 290 1756 conditione
307 1732 369 1755 sua
380 1723 652 1764 aequiparantur,
664 1724 753 1755 sicut
766 1723 801 1754 in
815 1723 1036 1763 comparativo

84 1788 87 1796 ι
122 1772 282 1803 tiatorum
294 1779 416 1810 genere
427 1770 483 1811 sst;
503 1780 569 1811 qua
580 1770 622 1802 de
633 1779 669 1802 re
680 1771 764 1801 sicut
775 1772 809 1801 et
825 1768 1035 1810 quemadmo-

27 1811 40 1856 (f
121 1819 190 1850 vim
199 1817 381 1859 particulae
391 1826 458 1849 non
470 1817 617 1849 reddunt
629 1826 636 1857 ;
654 1816 748 1858 quusi
760 1817 886 1849 rectius
901 1816 992 1847 dices
1002 1819 1036 1847 et

88 1874 199 1899 ¹»uana
227 1863 252 1908 ἡ
276 1861 416 1910 γλῶσσά
441 1874 500 1897 σου
518 1862 574 1898 τὸν
591 1861 702 1909 θυμὸν
722 1863 770 1900 ὡς
795 1861 902 1896 δεινὸν
918 1860 1036 1908 τρέφει

79 1931 82 1934 -
100 1909 202 1945 1124.
230 1908 412 1957 προυφάνη
429 1908 558 1948 κτύπος
572 1909 687 1957 φωτὸς
702 1909 889 1957 σύντροφος
904 1910 951 1947 ὡς
964 1919 1036 1942 τει-

38 1966 55 1983 ῑ’
81 1981 84 1985 -
107 1976 110 1978 -
135 1970 175 1993 ου
207 1969 268 1993 του
301 1958 363 1990 Ph.
383 1955 453 1990 203
470 1957 522 1990 ch.
555 1959 661 1999 qualis
685 1958 819 1990 videtur
835 1958 1032 1989 aerumnosi.

78 2054 100 2062 θ’
114 2054 228 2086 vultis.
273 2053 346 2092 Sin,
365 2052 451 2093 quod
469 2061 535 2084 non
554 2053 668 2084 minus
684 2056 813 2094 aptum,
835 2051 1038 2092 explicueris

86 2103 114 2132 t
140 2101 239 2133 amici
262 2100 386 2139 solem,
413 2100 651 2140 comparativa.
669 2100 838 2131 sententia
870 2099 945 2130 erit.
990 2097 1037 2134 ὡς

112 2141 121 2155 '
138 2144 226 2181 ἑλὼν
243 2141 269 2193 γ’
292 2143 429 2192 ἰσχυρὸν
457 2144 497 2179 έκ
514 2144 587 2190 βίας
605 2144 638 2191 μ’
662 2144 736 2191 ἄγει
753 2142 833 2178 945.
862 2143 957 2189 ἡμᾶς
975 2143 1036 2190 μὲν

34 2191 248 2240 ᾗῇδδούλους
273 2196 391 2238 σαφῶς
417 2191 509 2238 πατὴ
554 2190 606 2239 ἄρ’
633 2191 792 2239 ἐξέφυσεν
810 2189 889 2225 995.
919 2193 1039 2237 φρονεῖ

120 2241 168 2279 ὡς
192 2239 277 2287 γυνὴ
304 2238 392 2286 μέγα
416 2240 474 2272 OR
493 2204 593 2273 1078.
626 2243 786 2281 quantum
810 2239 939 2280 quidem
962 2248 1038 2270 mu-

38 2282 76 2329 J*
110 2313 114 2317 .
135 2291 194 2320 cst.
222 2285 288 2333 οὐχ
312 2286 359 2324 ὡς
383 2284 553 2333 γελαστὴς
579 2284 736 2332 ἐλήλυθα
763 2283 863 2318 1422.
899 2287 1039 2327 quesite

11 2370 14 2372 ,
39 2328 81 2383 ’ἶ
98 2360 100 2363 ,
177 2358 197 2367 .
226 2333 274 2372 ὥς
289 2344 340 2371 τις
358 2331 416 2380 ἀφ’
440 2331 586 2379 αἵματος
602 2335 817 2380 προφανεῖσα
833 2333 888 2365 OG
904 2330 973 2364 245
991 2342 1035 2364 m.

39 2378 170 2427 ὑμῖν
195 2381 243 2419 ὡς
260 2378 335 2425 θεῷ
362 2378 508 2426 κείμεθα
524 2378 592 2413 247
610 2391 654 2413 m.
684 2377 777 2414 οὔτοι
802 2375 826 2413 σ’
856 2378 911 2424 ὑφ’
934 2377 1038 2425 ὅρκου

41 2424 87 2466 ⁴³2
107 2428 155 2467 ὡς
178 2426 305 2469 κακόν,
345 2428 559 2472 πιστώσομαι
583 2425 664 2461 650.
709 2425 958 2473 ὑπερτιμῶντες
992 2425 1040 2464 ὡς

41 2466 73 2533 Ξ,
89 2486 129 2522 ργ
193 2486 212 2508 ν
228 2477 311 2508 Ant.
330 2471 412 2507 284.
449 2472 532 2520 ὁρᾶς
555 2468 624 2508 τόδ’
650 2474 698 2512 ὡς
723 2472 868 2519 εἴρηκας
890 2474 938 2511 ὡς
955 2471 1039 2518 ἄγαν

111 2520 259 2603 οἷοὶ.
276 2515 1039 2614 &sienim{⁶22⁰i?{⁷‡3⁶3305.{{}32

47 2603 81 2659 ,Ἐξ
118 2628 140 2650 α
165 2613 192 2650 δ’
222 2614 257 2649 ἐν
274 2614 386 2661 καιρῷ
402 2613 511 2661 λέγεις
528 2616 584 2648 OC
601 2613 682 2648 809.
703 2617 795 2656 quasi
811 2625 899 2647 vcro,
927 2593 1041 2648 Incer:

50 2662 97 2702 ’ᾒι
122 2673 165 2697 an
181 2664 249 2696 huc
265 2663 480 2706 referendum
503 2664 549 2695 sit
573 2661 673 2708 φάρει
695 2657 771 2699 τῶδ’
801 2662 849 2699 ὡς
874 2661 890 2695 ἐ
923 2661 951 2694 ὦ
975 2673 1041 2695 κα·

128 2721 207 2756 μαι
226 2710 311 2743 Cris.
334 2705 373 2742 fr.
395 2707 475 2741 331.
742 2708 793 2751 (ΙΙ
809 2719 843 2750 p.
867 2706 883 2740 1
911 2693 967 2749 02,
986 2706 1042 2752 2.)

2 2803 3 2806 ,
163 2769 427 2809 Adsigniflcatur
451 2777 552 2799 causa
577 2767 744 2808 faciendi:
771 2768 820 2799 sic
844 2768 1042 2807 significatio

83 2817 192 2848 veuit
216 2825 293 2847 cum
312 2816 432 2847 Latina
456 2816 621 2856 particula
646 2816 775 2856 quippe.
813 2812 901 2847 ἔστιν
928 2811 966 2846 δέ
984 2824 1041 2858 μοι

45 2896 48 2900 ,
75 2868 89 2899 J
105 2872 134 2896 ιν
149 2859 331 2896 κατελθεῖν
356 2859 498 2906 μήποθ’,
525 2861 573 2899 ὡς
599 2859 822 2907 πατροκτόνῳ
839 2861 895 2893 OC
913 2858 994 2892 601.
1023 2858 1040 2894 ὁ

98 2926 112 2937 .
162 2907 250 2954 ἀνὴρ
278 2910 452 2955 γενναῖος,
491 2907 556 2942 οὐκ
583 2906 702 2942 οἴκτου
738 2906 825 2952 μέτα
855 2900 1040 2953 κατῄνεσεν

3 2962 6 2992 ζ
112 2970 136 2988 .
166 2957 298 2988 Debilis
315 2956 406 2987 enim
422 2956 558 2988 videtur
574 2957 668 2987 exire
685 2955 865 2994 sententia,
887 2955 915 2986 si
932 2956 1040 2985 inter-

2 3003 7 3044 ᾗ
108 2994 217 3035 „beris
233 3004 318 3034 sicut
330 3004 381 3034 vir
397 3012 581 3042 periero-sus.
610 2999 700 3035 ἅπαν
719 2999 869 3046 μαθήσει
883 2998 1038 3046 τοῦργον.

121 3048 261 3087 οινωνὸς
278 3048 325 3082 ὤν
343 3050 397 3081 Ai.
418 3047 498 3082 284.
527 3047 591 3083 οἶδ’
615 3049 662 3085 ὡς
679 3046 790 3094 θυτήρ
812 3059 850 3094 γε
866 3045 980 3081 πολλὰ
997 3046 1040 3092 δή

57 3093 171 3139 ;,,“ιεὶς
193 3094 266 3130 ἄνω
291 3096 347 3129 Tr.
371 3093 471 3129 1192.
510 3095 565 3128 Sic
588 3097 690 3127 verba
714 3104 892 3136 compono:
928 3091 1042 3127 πολλὰ

61 3136 248 3181 ἲεῖτοιθεὶς
277 3141 350 3176 ἄνω
385 3142 432 3180 ὡς
456 3141 566 3188 θυτήρ
592 3153 629 3188 γε
649 3144 767 3183 quippe
783 3142 1038 3183 sacrificaturus.

1003 151 1090 214 Ὣς

1979 157 2078 204 803

1071 274 1151 311 ὁδόν
1168 276 1222 309 OG
1240 274 1297 309 20.
1326 279 1443 318 quippe
1459 278 1548 314 seni5
1583 277 1728 317 speciem
1747 277 1806 308 hoc
1823 285 1919 308 casus
1936 276 2078 308 absoluti

1071 324 1184 364 refert,
1213 327 1326 356 tamen
1353 328 1390 355 ut
1414 335 1433 356 a
1484 321 1591 367 ακράν
1614 323 1840 364 suspendatur
1856 321 1998 369 γέροντι.
2028 323 2076 361 ὡς

1072 369 1158 415 ἐμοῦ
1175 368 1284 416 μόνης
1301 368 1408 408 πέλας
1426 367 1447 403 3
1476 396 1483 403 .
1514 370 1600 402 Cave
1618 370 1798 402 subaudire
1816 367 1932 416 οὔσης.

1141 414 1174 450 3.
1218 418 1377 459 Inprimis
1406 421 1588 458 utrumque
1619 426 1726 456 genus
1756 418 1967 457 significandi
1999 427 2075 449 cum

1067 466 1253 505 participiis
1277 465 1424 506 copulari
1450 466 1546 497 solet.
1575 464 1590 506 ΙΙ
1621 464 1666 495 Et
1690 465 1718 495 si
1743 466 1966 496 nominativus
2000 465 2077 505 qui-

1071 512 1147 543 dem
1161 522 1188 544 s.
1205 512 1355 544 subiectis
1368 512 1561 544 notionibus
1579 510 1626 548 ὡς
1642 511 1786 552 additur,
1803 511 1929 544 indicat
1944 511 1978 543 id
1989 512 2077 553 quod

1070 559 1215 591 senserit
1232 560 1452 600 cogitaritque
1468 562 1527 590 aut
1544 559 1604 599 qui
1620 559 1780 599 loquitur,
1810 562 1868 590 aut
1883 559 1926 599 is,
1954 558 1995 590 de
2011 568 2077 599 quo

1070 615 1178 638 sermo
1211 609 1281 646 est,
1318 610 1354 638 et
1377 605 1538 647 quomodo
1569 606 1611 637 ad
1634 605 1825 637 faciendum
1849 606 2076 646 qualicunque

1070 653 1166 684 modo
1183 657 1365 684 commotus
1383 653 1498 685 fuerit.
1527 652 1574 689 ὡς
1590 649 1700 697 ἄλλην
1716 649 1828 698 χθόνα
1844 650 1956 686 δοκῶν
1974 649 2077 686 ἀποί-

73 697 172 747 ηλος
191 697 227 733 έν
245 697 297 733 σοί
313 700 415 740 Synd.
430 701 471 734 fr.
486 696 611 739 155,1.
628 697 676 736 ὡς
691 695 759 744 ἄρα
773 708 832 731 κεν
860 709 878 731 ν
897 696 1036 745 έτερπό-
1071 710 1152 739 σειν,
1181 697 1281 736 αὐτὸς
1300 696 1395 733 ἔνθεν
1412 697 1455 744 ῆν
1473 699 1530 732 OR
1549 696 1650 731 1178.
1690 701 1807 740 quippe
1823 702 1926 731 ratus.
1955 697 2077 746 δηλοῖς

1071 745 1098 779 δ’
1122 745 1169 784 ὥς
1184 757 1216 780 τι
1235 744 1411 792 σημαίνων
1427 745 1504 780 νέον
1522 746 1604 778 Ant.
1624 742 1704 778 242.
1733 747 1874 786 Legitur
1889 747 1979 788 apud
1995 747 2075 778 alios

1071 797 1252 839 σημανῶντ
1293 794 1378 825 illud
1403 797 1455 825 est
1481 792 1601 825 videris
1625 795 1704 824 novi
1731 793 1810 834 quid
1834 794 1944 835 afferri
1967 796 2072 834 ratus,

1070 841 1131 873 hoc
1147 841 1267 872 videris
1282 842 1469 872 allatam-um
1486 843 1516 872 te
1533 850 1599 872 csse
1615 841 1811 874 existimare.
1847 840 1894 878 ὡς
1913 838 2021 874 αἰτίαν
2038 851 2076 885 γε

14 882 62 926 1.
96 888 232 921 Utinam
248 888 457 928 significatur
473 887 526 919 his
544 887 730 929 exemplis:
760 886 807 924 ὡς
834 884 852 920 ὁ
869 884 950 919 τάδε
966 897 1034 920 πο-
1068 885 1175 921 τῶνδε
1207 885 1374 921 κάκείνων
1407 885 1517 933 ἔχων.
1534 912 1541 919 .
1558 912 1565 919 .
1579 885 1796 931 ἐπεσκήπτου
1824 885 1939 933 μόρων
1970 884 2072 921 1312.

1069 932 1121 979 ἄρ’
1145 932 1224 979 ὗμιν
1258 934 1305 972 ὡς
1333 932 1484 981 ἀλγοῦσα
1508 931 1742 980 κώδυνωμένη
1769 933 1887 972 δεινῶς
1912 932 2077 980 δακρῦσαι

1070 979 1183 1022 δοκεῖς
1213 982 1266 1014 ΕΙ.
1285 978 1366 1013 804.
1395 991 1461 1013 non
1487 985 1539 1013 est
1565 978 1674 1018 οὕτως
1699 980 1766 1022 ὡς,
1803 982 2077 1022 quemadmodum

1070 1029 1128 1061 sed
1143 1032 1182 1061 ut
1198 1028 1427 1069 conveniebat,
1455 1029 1490 1060 id
1506 1029 1594 1070 quod
1616 1031 1706 1060 recte
1724 1029 1946 1060 sentientium
1961 1034 2077 1062 mente

1070 1077 1298 1108 constituitur.
1327 1073 1367 1109 οὐ
1384 1073 1448 1121 γὰρ
1467 1075 1513 1112 ὡς
1531 1073 1565 1109 ἐν
1583 1072 1763 1121 δυσμενείᾳ
1786 1076 1815 1121 γ’
1838 1072 1909 1108 οὖσ’
1928 1074 2076 1110 ἐπαιτεῖ-

1069 1134 1123 1156 ται
1139 1121 1220 1155 τάδε
1239 1119 1341 1154 1123.
1370 1122 1418 1160 ὡς
1443 1120 1489 1156 ἔτ’
1513 1119 1577 1156 ούκ
1593 1120 1640 1155 ὢν
1666 1119 1739 1155 εἷπε
1757 1123 1811 1155 Tr.
1836 1119 1912 1154 161.
1942 1122 1990 1160 ὡς
2014 1121 2076 1157 ἅν-

1070 1169 1170 1215 δρας.
1187 1196 1194 1202 .
1210 1195 1217 1201 .
1231 1168 1249 1203 ἔ
1275 1181 1323 1203 ων
1341 1170 1394 1201 Ai.
1415 1166 1471 1202 64.
1500 1166 1590 1202 ἅπαν
1609 1166 1759 1214 μαθήσει
1773 1166 1916 1215 τοῦργον
1934 1169 1980 1207 ὡς
2001 1181 2078 1205 κοι-

89 1226 120 1250 s
137 1227 195 1258 syo
211 1227 287 1250 vcro
302 1220 387 1261 veto,
405 1219 456 1249 uti
472 1217 519 1248 dii
535 1217 654 1256 sciunt,
681 1215 769 1257 quod
787 1219 822 1247 et
837 1216 1034 1256 languidum
1068 1216 1176 1254 νωνὸς
1193 1216 1240 1250 ὤν
1281 1213 1338 1250 83.
1367 1214 1430 1250 οὐκ
1447 1214 1546 1253 αὐτὸς
1570 1213 1777 1257 ἐξέπλευσεν,
1807 1216 1854 1253 ὡς
1871 1214 1975 1250 αὑτοῦ
1990 1228 2079 1263 κρα-

1069 1268 1137 1297 τῶν
1157 1277 1164 1305 ;
1194 1260 1294 1295 1099.
1332 1266 1449 1305 quippe
1465 1265 1516 1295 sui
1535 1265 1616 1295 iuris
1633 1273 1698 1294 sese
1714 1273 1780 1295 esse
1794 1267 1930 1304 putans.
1959 1263 2007 1301 ὡς
2029 1263 2077 1298 ὢν

1069 1308 1171 1348 ἄπαις
1187 1310 1322 1343 Atham.
1344 1312 1384 1343 fr.
1406 1308 1438 1343 5.
1460 1328 1501 1334 -
1520 1307 1599 1355 ἥκω
1615 1308 1679 1356 γὰρ
1697 1308 1763 1357 οὐχ
1781 1310 1827 1348 ὡς
1846 1308 1928 1355 δρᾶν
1945 1322 1976 1343 τι
1994 1309 2077 1356 βου-

1070 1355 1190 1403 ληθείς
1205 1357 1261 1390 OC
1281 1354 1359 1390 732.
1389 1358 1548 1399 Inprimis
1561 1359 1776 1397 participium
1793 1358 1900 1398 futuri
1917 1360 2075 1397 notabile,

1070 1406 1279 1437 voluntatem
1306 1410 1340 1436 et
1363 1406 1540 1436 consilium
1558 1405 1714 1443 faciendi,
1742 1414 1808 1436 non
1831 1414 1892 1445 per
1909 1415 1944 1436 se
1961 1403 2010 1448 (ei
2028 1407 2077 1438 rei

1071 1453 1162 1483 enim
1186 1453 1252 1483 iam
1268 1453 1483 1493 participium
1506 1453 1619 1493 ipsum
1636 1450 1799 1495 sufficit),
1828 1452 1887 1484 sed
1911 1456 2078 1493 quatenus

1070 1500 1148 1540 quis
1172 1500 1213 1531 de
1239 1509 1299 1531 suo
1321 1502 1380 1530 aut
1402 1499 1541 1531 alterius
1567 1499 1708 1530 consilio
1739 1499 1881 1540 iudicat,
1910 1499 2074 1532 indicans.

1070 1546 1144 1585 Qua
1160 1547 1201 1577 de
1219 1555 1254 1578 re
1271 1556 1370 1587 saepe
1388 1547 1504 1578 fictum
1521 1546 1647 1587 aliquid
1664 1546 1890 1585 significatur:
1921 1557 1953 1579 V.
1968 1547 2077 1579 Hein-

1070 1594 1152 1625 dorf.
1179 1594 1219 1625 ad
1244 1593 1329 1626 Plat.
1359 1593 1456 1633 Gorg.
1485 1591 1518 1637 S.
1539 1589 1595 1625 54.
1633 1592 1827 1625 Stallbaum.
1855 1593 1896 1625 ad
1913 1593 2011 1634 Gorg.
2039 1604 2074 1634 p.

1071 1636 1127 1672 95.
1150 1640 1278 1672 Seidler
1291 1640 1330 1671 ad
1347 1641 1428 1673 Eur.
1445 1641 1490 1672 IT
1503 1636 1604 1672 1304.
1625 1639 1756 1679 Pflugk.
1778 1640 1819 1671 ad
1835 1640 1957 1672 Helen.
1973 1638 2073 1673 1057.

1071 1687 1118 1724 ὡς
1136 1684 1215 1733 οὐχὶ
1233 1685 1466 1732 συνδράσουσα
1477 1683 1650 1723 νουθετεῖς
1665 1684 1746 1719 τάδε
1759 1687 1813 1719 El.
1829 1683 1929 1719 1025.
1991 1686 2000 1698 ’
2012 1699 2078 1732 μας

1070 1731 1186 1779 λάθρᾳ
1217 1732 1438 1779 προύπεμπες
1471 1733 1518 1771 ὡς
1551 1730 1764 1779 φανούμενος
1795 1732 1943 1778 τιμωρός
1973 1732 1989 1766 1
2018 1732 2075 1769 55,

1073 1778 1260 1827 φροντίζεθ’
1285 1781 1332 1818 ὡς
1355 1779 1486 1818 τούτοις
1506 1806 1513 1813 .
1530 1806 1536 1812 .
1552 1805 1559 1811 .
1582 1778 1794 1827 μαχούμενοι
1829 1778 1931 1814 1370.
1967 1780 2014 1814 ὥς
2043 1792 2077 1815 τι

1072 1826 1205 1874 δράσων
1234 1825 1329 1874 εἷρπε
1360 1829 1415 1860 Tr.
1439 1821 1516 1860 160.
1554 1824 1572 1859 ὅ
1600 1829 1627 1860 τ’
1664 1826 1680 1860 ἐ
1708 1825 1798 1873 θρὸς“
1895 1827 1929 1866 ἐς
1945 1826 2075 1862 τοσόνδ’

1072 1872 1279 1922 ἐχθαρτέος,
1308 1875 1354 1912 ὡς
1377 1873 1436 1908 καὶ
1461 1873 1520 1920 φιλ
1548 1885 1616 1908 σων
1645 1886 1687 1908 αυ
1716 1885 1745 1912 ις
1769 1875 1823 1908 Ai.
1850 1873 1929 1908 680.
1966 1875 2013 1913 ὡς
2039 1874 2079 1909 ἐκ

1072 1921 1146 1967 βίας
1176 1923 1209 1967 μ’
1237 1919 1372 1961 ἄξοντες
1401 1922 1461 1953 Ph.
1481 1919 1525 1954 56
1554 1947 1560 1954 .
1602 1921 1649 1959 ὡς
1676 1918 1839 1966 μεθήσων
1866 1918 1996 1968 μήποθ’
2019 1921 2078 1956 ὧδ’

1073 1968 1154 2015 ὁρᾶν
1188 1966 1288 2002 πάλιν
1318 1966 1399 2001 935.
1438 1968 1484 2006 ὡς
1517 1966 1583 2014 οὐχ
1611 1966 1755 2007 ὑπείξων
1782 1967 1863 2002 οὐδὲ
1891 1967 2078 2003 πιστεύσων

138 2003 215 2046 ·ατ’,
236 2003 330 2051 εἴπερ
348 2005 395 2042 ὡς
413 2002 505 2049 φίλοι
522 2003 712 2050 προσήκετε
729 2001 809 2037 229-
830 2006 858 2036 ³1·
874 2006 1035 2035 amicivi-
1073 2014 1201 2062 λέγεις
1229 2016 1287 2048 on
1303 2013 1382 2048 625.
1419 2014 1532 2048 αὐδῶν
1556 2014 1784 2053 ἀνόσια...ὡς
1810 2013 1851 2048 ἐκ
1874 2014 2003 2062 χθονὸς
2030 2014 2079 2063 ῥε-

1073 2061 1147 2109 ψων
1173 2061 1293 2096 ἑαυτόν
1321 2060 1421 2095 1290.
1466 2059 1535 2096 οὐδ’
1565 2062 1612 2100 ὡς
1641 2061 1792 2096 ὀνειδιῶν
1819 2074 1851 2096 τι
1872 2066 1941 2096 τῶν
1971 2062 2079 2110 πάρος

1073 2114 1190 2143 κακῶν
1223 2107 1428 2154 (ἐλήλυθα)
1461 2106 1562 2141 1423.
1608 2109 1655 2147 ὡς
1688 2105 1793 2143 αὐτίκ’
1821 2102 1950 2157 ’Ἄργος
1981 2108 2005 2154 ἢ
2038 2110 2078 2143 τὸ

1075 2153 1260 2201 Καδμείων
1278 2155 1381 2190 πέδον
1397 2156 1480 2203 τιμῇ
1499 2153 1652 2194 καθέξων
1669 2154 1693 2201 ἢ
1711 2155 1795 2203 πρὸς
1812 2155 1955 2202 οὐρανὸν
1973 2155 2078 2202 βιβῶν

1075 2201 1176 2243 380,
1219 2213 1303 2244 quos
1332 2205 1361 2235 si
1389 2205 1465 2245 quis
1493 2204 1697 2236 accusativos
1729 2205 1897 2236 absolutos
1929 2206 2076 2245 putavit,

1075 2261 1141 2283 non
1158 2252 1360 2291 repugnabo.
1390 2251 1534 2283 Sensum
1546 2251 1711 2292 explicuit
1722 2251 1839 2283 Herm.
1867 2246 1989 2284 τοιαῦτ’
2011 2249 2078 2297 ἔπη

1074 2298 1118 2345 γῇ
1136 2292 1211 2343 τῇδ’
1230 2295 1278 2331 ὅδ’
1295 2296 1383 2343 ἀνὴρ
1409 2297 1456 2335 ὡς
1472 2295 1581 2330 τελῶν
1608 2295 1763 2344 ἐφαίνετο
1777 2295 1856 2330 630.
1885 2300 2025 2344 γυναῖκε

1076 2346 1123 2382 ὡς
1140 2343 1224 2390 πρὸς
1241 2342 1365 2389 ἄνδρας
1383 2343 1424 2378 οὐ
1441 2343 1645 2391 μαχουμένα
1660 2345 1743 2377 Ant.
1765 2341 1820 2376 62.
1849 2344 1897 2382 ὡς
1911 2344 1959 2390 μὴ
1974 2339 2080 2390 ’μπο-

1075 2390 1192 2436 λήσων
1216 2388 1288 2424 ἴσθι
1303 2390 1367 2436 τὴν
1390 2390 1478 2437 ἐμὴν
1503 2390 1610 2438 φρένα
1635 2389 1735 2424 1063.
1764 2394 1856 2433 scito,
1882 2395 1910 2424 si
1925 2393 2078 2431 volucris,

1075 2449 1143 2471 non
1166 2448 1399 2470 successurum.
1450 2439 1543 2471 Idem
1567 2439 1658 2470 inest
1686 2439 1722 2470 in
1748 2440 1841 2470 verbi
1875 2439 2080 2471 desiderativt'

1073 2489 1251 2526 praesente.
1281 2483 1384 2530 δῆλός
1402 2484 1488 2518 ἐστιν
1505 2484 1553 2522 ὥς
1567 2496 1599 2517 τι
1617 2483 1779 2530 δρασείων
1796 2484 1904 2519 κακόν
1921 2487 1975 2519 Ai.
1996 2483 2076 2519 326.

1077 2533 1123 2570 ὡς
1156 2530 1336 2578 ἐργασείων
1370 2530 1468 2566 οὐδὲν
1501 2531 1548 2565 ὧν
1572 2530 1663 2578 λέγω
1685 2530 1801 2576 θροεῖς
1834 2533 1890 2566 Tr.
1913 2530 2014 2566 1232.
2035 2551 2076 2557 —

1080 2582 1192 2624 m*
1213 2579 1227 2621 ΙΙ
1252 2580 1338 2611 Cum
1362 2581 1505 2620 yenitivo
1525 2579 1675 2611 absoluto
1699 2579 1747 2616 ὡς
1772 2590 1909 2611 causam
1933 2580 2080 2620 faciendi

1077 2628 1223 2667 iudicat,
1252 2637 1318 2667 qua
1333 2628 1409 2667 quis
1427 2627 1513 2658 alius
1535 2627 1660 2658 moveri
1676 2628 1792 2668 possit.
1821 2626 1868 2664 ὡς
1892 2624 2002 2660 οὐκέτ’
2021 2624 2080 2660 ὅν-

1075 2685 1134 2711 τος
1158 2671 1221 2718 γὰρ
1246 2672 1288 2706 τὰ
1313 2671 1506 2718 συμβόλαιά
1533 2683 1593 2706 σου
1620 2670 1775 2719 ἐφαίνετο
1800 2673 1860 2706 Ph.
1881 2671 1962 2706 884.
1999 2684 2080 2715 quae

1076 2730 1136 2752 nos
1160 2720 1204 2752 ad
1228 2720 1426 2752 credendum
1448 2723 1614 2752 moverent
1638 2723 1668 2751 te
1693 2722 1888 2752 exstinctum
1911 2730 1988 2753 esse.
2033 2721 2081 2758 ὡς

1078 2765 1238 2804 θέλοντος
1270 2763 1310 2800 ἂν
1335 2765 1420 2812 ἐμοῦ
1446 2769 1650 2813 προσαρκεῖν
1674 2768 1741 2800 πᾶν
1765 2767 1823 2799 OR
1848 2765 1903 2799 11.
1940 2766 1987 2805 ὡς
2012 2770 2080 2801 πᾶν

1078 2813 1163 2858 ἐμοῦ
1182 2812 1364 2859 δράσοντος
1384 2811 1460 2845 145.
1498 2813 1546 2850 ὡς
1564 2812 1754 2858 μιάσματος
1769 2811 1859 2847 τοῦδ’
1891 2812 1966 2858 ’μιν
1984 2812 2081 2852 ὄντος

1077 2858 1157 2892 241.
1187 2861 1234 2898 ὡς
1251 2858 1361 2894 δεινοῦ
1379 2871 1467 2898 τινος
1485 2858 1593 2906 φόβου
1612 2860 1774 2906 φανέντος
1791 2860 1847 2893 ΟΟ
1868 2825 1968 2893 1651.
1996 2858 2080 2906 ἄγος

1078 2906 1260 2953 φεύγοντος
1286 2907 1333 2944 ὡς
1350 2905 1413 2951 [ὥς
1430 2908 1533 2939 Dind.
1554 2917 1596 2939 ex
1613 2905 1702 2952 LA.]
1737 2908 1820 2940 Ant.
1840 2904 1921 2940 256.
1957 2907 2004 2945 ὡς
2021 2903 2077 2942 ὧδ’

1077 2953 1227 3000 ἐχόντων
1243 2952 1354 2987 τᾶλλα
1370 2952 1542 2999 βουλεύειν
1560 2953 1608 2988 πά
1632 2966 1654 2988 α
1669 2951 1770 2986 1179.
1798 2954 1845 2991 ὡς
1857 2956 1916 2987 νῦν
1934 2952 2080 2993 ἀπόντος

1079 3000 1200 3046 ἱστόρει
1223 3000 1255 3034 τί
1281 3011 1333 3034 σοι
1358 2999 1456 3047 φίλον
1481 3001 1535 3033 El.
1557 2997 1598 3033 31
1629 3026 1636 3033 .
1680 3001 1728 3038 ὡς
1754 2998 1771 3034 ἕ
1792 3011 1915 3039 ποντος
1944 3000 2081 3048 εἰσορᾷς

1078 3045 1165 3092 ἐμοῦ
1183 3049 1239 3080 Tr.
1261 3045 1340 3080 394.
1370 3048 1416 3085 ὡς
1441 3046 1499 3081 ὧδ’
1523 3046 1539 3081 ἐ
1567 3046 1673 3081 όντων
1697 3051 1766 3080 τῶν
1789 3047 1796 3061 ’
1823 3045 2022 3082 ἐπίστασθαί
2043 3059 2080 3082 σε

1076 3094 1146 3140 χρή
1164 3095 1207 3126 Ai
1219 3092 1301 3127 281.
1330 3095 1378 3132 ὡς
1395 3093 1462 3128 ὦδε
1477 3096 1537 3127 τοῦ
1561 3096 1568 3109 ’
1586 3093 1727 3141 ἔχοντος
1744 3093 1871 3133 αἰάζειν
1888 3093 1980 3142 πάρα
1997 3093 2078 3128 904.

1078 3143 1125 3179 ὡς
1151 3139 1208 3175 ὧδ’
1233 3139 1383 3188 ἐχόντων
1409 3140 1503 3186 πάρα
1527 3140 1694 3181 στενάζειν
1711 3138 1791 3174 981.
1819 3152 1852 3174 v.
1874 3143 1955 3174 Lob.
1987 3141 2079 3188 ἐτερ-

204 3188 256 3235 δή
280 3190 347 3231 ipsi
372 3189 445 3227 ὡςι
482 3188 638 3230 ἐπεῖδον,
668 3189 715 3226 ὡς
750 3186 792 3234 δὴ
820 3186 951 3233 πλησία
975 3198 1041 3221 πα-
1075 3187 1192 3233 πόμην
1211 3189 1258 3226 ὡς
1276 3187 1402 3227 ζῶντος
1419 3189 1538 3221 Teucr.
1550 3190 1591 3221 fr.
1605 3186 1685 3230 508,
1699 3185 1733 3222 3.
1756 3206 1797 3212 --
1820 3191 1931 3232 ω’
1947 3189 1962 3231 ΙΙ
1978 3190 2077 3222 Dati-

78 3233 106 3277 ᾗ,
121 3234 194 3274 dett<
211 3237 267 3268 Tr.
288 3233 368 3268 889.
399 3237 526 3277 Simili,
556 3237 614 3268 sed
637 3237 703 3268 alia
729 3240 840 3267 tamen
858 3237 892 3267 vi
908 3236 1043 3276 praedi-
1076 3245 1138 3267 vus
1155 3239 1190 3267 et
1206 3237 1413 3267 accusativus
1423 3236 1552 3268 duobus
1569 3237 1720 3275 obiectis,
1740 3245 1826 3277 quae
1840 3240 1969 3277 vocant,
1990 3246 2080 3268 com-

98 3284 209 3315 iilud
239 3279 347 3317 Λαΐου
377 3281 441 3328 γὰρ
469 3281 523 3328 ἦν,
553 3281 649 3327 εἴπερ
678 3293 729 3320 τις
757 3280 883 3323 ἄλλος,
910 3280 1040 3323 πιστός,
1078 3283 1202 3323 paratis
1226 3292 1358 3314 causam
1383 3283 1420 3313 in
1444 3287 1559 3315 mente
1582 3286 1617 3315 et
1639 3284 1768 3314 ratione
1792 3283 1894 3314 sitam*
1914 3283 2077 3325 indicant,

89 3328 235 3375 ιξῐομεὺς
259 3327 348 3375 ἀνήρ
373 3331 431 3363 OR
450 3327 550 3362 1118.
579 3333 739 3370 quantum
758 3329 886 3370 quidem
901 3329 992 3360 cadit
1008 3330 1045 3360 in
1079 3339 1144 3370 qua
1161 3333 1250 3361 mota
1271 3338 1413 3370 persona
1430 3338 1533 3368 agens
1557 3330 1598 3362 de
1615 3330 1751 3362 obiectis
1768 3331 1869 3361 rebus
1885 3331 2081 3363 existimare

101 3384 121 3411 f·
149 3387 198 3409 ιιι
221 3378 317 3408 sortis
334 3377 507 3417 hominem,
534 3380 571 3408 ut
594 3376 679 3418 fidus
696 3377 749 3407 sit.
784 3377 826 3407 V.
850 3375 982 3408 Schaef.
1002 3375 1044 3407 ad
1080 3377 1265 3415 cogitareve
1289 3377 1409 3417 coepit,
1437 3375 1556 3421 στιπτή
1580 3387 1617 3422 γε
1642 3373 1774 3422 φυλλὰς
1801 3376 1848 3414 ὡς
1875 3375 2082 3416 ἐναυλίζοντί

1 3405 10 3416 ³⁷
58 3419 59 3425 ¹
111 3447 145 3458 ,,.
168 3433 203 3465 p.
223 3420 302 3456 428.
338 3421 472 3469 μακρὰν
505 3421 569 3469 γὰρ
595 3422 642 3460 ὡς
664 3422 795 3468 γέροντι
827 3420 1044 3470 προυστάλης
1080 3434 1129 3468 τῳ
1153 3423 1213 3455 Ph.
1243 3420 1299 3456 33.
1336 3424 1428 3464 quasi
1460 3423 1593 3456 cuidam
1615 3423 1812 3455 inhabitanti
1843 3423 1986 3464 factam;
2031 3428 2083 3457 est

1734 3491 1806 3525 51*
