2288 3600
283 149 382 198 432

280 267 467 306 generatim
485 277 549 299 sec.
570 267 802 300 Herodianum
810 267 889 300 Arc.
902 279 935 310 p.
951 266 1075 310 193,8.
1098 270 1154 302 Gr.
1176 270 1291 303 Herm.

280 324 314 355 p.
335 310 426 354 433;
450 314 573 346 diserte
592 315 752 346 Choerob.
775 315 881 347 Bekk.
902 326 936 356 p.
960 313 1051 348 1182
1067 318 1131 349 inf.
1176 319 1296 349 Dorice

280 362 362 393 haec
378 365 412 392 et
428 362 563 394 Aeolice
582 363 819 403 corripiuntur,
843 372 904 394 nec
921 364 1009 404 epici
1027 373 1066 395 ea
1078 365 1216 396 licentia
1230 366 1295 396 im-

281 417 414 448 munes,
435 419 466 439 v.
490 409 661 440 Muetzell.
682 410 723 441 de
740 419 806 441 em.
825 410 936 451 tlieog.
957 411 1039 442 Hes.
1061 421 1094 452 p.
1116 408 1196 443 484.
1226 414 1291 453 Ap.

282 455 383 496 Soph.
406 465 482 487 vero
501 453 608 500 μέλας
633 457 714 488 locis
733 466 891 489 mensura
908 459 1074 497 ambiguis
1093 459 1229 500 legitur.

351 510 529 551 Μέλεος
562 516 672 546 miser.
719 514 817 547 Certe
842 526 908 557 quo
936 518 1072 548 inanem
1097 522 1131 548 et
1155 528 1290 558 vanum,

282 559 426 606 μάταιον
444 563 563 601 Valeat,
585 563 678 593 locus
696 572 748 603 ap.
772 563 872 604 Soph.
897 573 963 594 non
982 569 1035 595 est
1047 589 1054 603 ‚
1078 566 1144 596 nisi
1162 565 1221 596 ille
1240 564 1297 596 ΟΒ

281 605 349 639 479
367 609 419 640 ch.
449 605 572 653 μέλεος
591 605 706 654 μελέῳ
725 607 805 643 ποδὶ
829 608 1011 657 χηρεύων,
1042 612 1071 642 si
1096 612 1182 643 forte
1206 622 1297 644 vana

281 655 364 695 fuya
383 660 417 687 et
432 656 550 687 inutiLe
567 655 806 696 fuyiendoram
823 659 1057 689 vaticiniorum
1073 659 1221 690 studium
1237 660 1296 691 de-

283 703 445 742 signatur.
475 702 673 744 Quanquam
692 704 795 735 altera
812 714 878 736 non
897 706 1010 736 minus
1028 707 1180 745 congruit
1189 707 1298 746 signi·-

281 750 402 789 ficatio‚
415 754 450 782 et
461 750 568 782 Schol.
588 748 678 783 κατὰ
686 748 808 784 ἀθλίαν
827 750 967 796 πορείαν
977 751 1207 796 μονάζων.-
1223 747 1298 786 ἀλλ’

282 794 346 840 ἐμὲ
354 794 414 829 τὰν
426 794 552 841 μελέαν
563 796 618 829 OC
629 794 694 829 241
708 808 751 829 m.
764 796 854 831 κατὰ
864 796 1095 843 δὲτακόμενοι
1106 798 1224 844 μέλεοι
1236 811 1298 844 με-

282 841 363 876 λέαν
388 841 504 877 πάθαν
526 842 633 878 κλᾶον
652 846 735 877 Ant.
757 841 824 877 977
843 846 894 878 ch.
945 845 973 879 ὢ
1002 843 1125 885 μέλεος
1146 843 1235 879 1319
1250 858 1293 879 m.

279 883 365 936 ᾤμοι
378 889 500 935 μέλεος
511 888 599 924 1341
614 902 656 923 m.
669 890 800 936 (Herm.
817 891 857 925 ἰὼ
873 892 959 937 με).
972 885 1059 938 ᾠμοι
1073 892 1141 939 ἐγὼ
1156 896 1216 927 σοῦ
1233 894 1298 939 μέ-

280 935 359 975 λεος
379 939 434 970 Tr.
447 935 514 970 972
531 949 577 971 m.
606 939 634 971 ὦ
652 936 759 984 μελέα
776 937 872 986 ψυχά
889 941 949 973 Ph.
972 938 1042 972 714
1060 942 1112 973 ch.
1132 943 1192 974 τοῦ
1214 952 1296 975 ποτε

280 982 441 1030 τεύξομαι
465 983 645 1030 σιτονόμου
671 984 794 1031 μέλεος
818 985 924 1021 πόθεν
949 985 1104 1029 έλπίδος;
1135 985 1221 1021 1091
1250 999 1293 1020 m.

282 1033 374 1064 Libri
407 1037 484 1074 post
545 1030 642 1070 έλεος
675 1035 771 1074 signo
805 1035 1033 1075 interrogandi
1065 1036 1292 1076 distinguunt.

281 1078 343 1112 τάν
361 1078 446 1124 ἐμὰν
474 1090 516 1124 με
542 1078 600 1113 έου
617 1079 747 1126 τροφάν
769 1078 858 1113 1126
884 1092 929 1113 m.
975 1080 1032 1115 ἐπὶ
1051 1080 1165 1127 μελέῳ
1193 1081 1296 1128 βάρος

282 1123 430 1160 ἄπλετον
449 1125 540 1171 έμμέ
571 1138 627 1160 ονε
653 1129 707 1160 Tr.
736 1125 802 1160 981
822 1139 865 1160 m.
912 1126 987 1162 οἵαν
1015 1126 1072 1162 ἐπί
1097 1141 1155 1174 μοι
1181 1128 1296 1175 μελέῳ

281 1171 381 1220 χάριν
398 1171 516 1219 ἡνύσω
558 1171 602 1207 96
619 1185 674 1206 an.
713 1173 771 1208 τὸν
791 1173 914 1219 μέλεον
934 1173 1058 1222 φθίσας
1079 1174 1168 1209 1042
1186 1188 1230 1209 m.
1252 1197 1297 1200 —

283 1222 356 1253 Uno
374 1222 444 1253 loco
461 1223 526 1253 etsi
542 1223 701 1254 miserum
724 1223 964 1264 interpretere,
997 1224 1090 1255 inest
1114 1229 1227 1256 tamen
1245 1226 1298 1256 in-

283 1267 488 1309 diynationis
505 1274 540 1301 et
565 1271 705 1301 convicii
730 1271 949 1310 significatio:
978 1268 1086 1317 ἄφιλα
1111 1269 1189 1316 παρ’
1215 1269 1298 1318 ἀφί-

281 1313 354 1352 λοις
373 1313 473 1349 ἔπεσε
491 1313 626 1360 μελέοις
643 1312 834 1362 Ἀτρείδαις
852 1318 907 1349 Ai.
928 1314 993 1349 621
1014 1319 1066 1349 ch.
1095 1337 1141 1342 —-
1165 1320 1298 1351 Incerta

286 1364 454 1404 scriptura
471 1368 522 1395 est
541 1363 643 1402 synd.
666 1366 708 1396 fr.
733 1361 810 1406 146,
832 1362 871 1405 3,
901 1366 960 1397 ubi
993 1366 1092 1405 vulgo
1118 1376 1170 1408 ap.
1203 1367 1292 1399 Stob.

283 1406 342 1450 26,
367 1408 381 1441 1
404 1407 538 1454 μελέων
557 1408 729 1457 ἀνέχουσα
748 1410 821 1456 βίου
848 1409 977 1459 βραχὺν
1004 1410 1126 1457 ἰσθμόν
1149 1414 1291 1454 legitur3

283 1457 372 1498 quod
390 1458 419 1489 si
432 1467 550 1489 verum
560 1459 780 1499 est‚homines
790 1460 958 1499 significet
968 1469 1117 1492 necesse.
1148 1461 1294 1492 Brunck.

284 1502 410 1549 μελέου
438 1506 583 1546 scripsit.
614 1523 654 1529 ——
691 1507 721 1537 A
754 1507 917 1538 trimetris
950 1509 1148 1539 Vocabulum
1181 1509 1293 1540 abest:

282 1552 318 1583 in
336 1553 506 1593 anapestis
530 1553 641 1594 iisque
666 1554 765 1594 plane
791 1555 886 1593 lyrici
912 1555 1027 1586 coloris
1054 1556 1158 1586 semel
1174 1556 1299 1595 legitur

284 1599 340 1630 Tr.
371 1596 451 1631 981.
495 1600 668 1632 Accentus
702 1602 890 1633 secundum
922 1606 1138 1642 praeceptum
1173 1604 1300 1642 regitur

287 1646 365 1679 Arc.
386 1656 420 1687 p.
443 1644 499 1687 38,
525 1644 579 1679 16.
1050 1649 1099 1693 (II
1115 1659 1149 1690 p.
1173 1647 1229 1690 70,
1246 1647 1301 1693 8.)

357 1700 573 1739 Μελετοίω
590 1707 691 1747 plane
709 1711 747 1738 ut
765 1704 883 1740 ἀσκεῖν
909 1708 950 1739 de
973 1708 1125 1740 faciendo
1150 1708 1295 1740 dictum:

285 1750 313 1785 ὦ
331 1750 458 1797 πάτερ,
486 1751 604 1790 ἀστοῖς
630 1751 690 1786 ἴσα
712 1753 782 1799 χρὴ
809 1752 956 1799 μελετᾶν
981 1755 1036 1787 OC
1057 1753 1121 1786 171
1143 1765 1196 1787 an.
1211 1767 1219 1796 3
1237 1766 1302 1797 pa-

282 1799 423 1831 rendum
440 1809 552 1831 eorum
567 1801 743 1833 voluntati.

356 1853 537 1904 Μελέτη
555 1869 645 1890 cura.
676 1856 740 1892 οὐκ
759 1856 830 1893 ἔσθΊ
846 1859 894 1898 ὡς
912 1859 951 1894 οὐ
971 1858 1060 1894 θεῶν
1085 1872 1146 1895 του
1174 1860 1299 1908 μελέτῃ

283 1903 416 1949 (πονεῖ)
431 1907 492 1938 Ph.
518 1902 583 1938 196
601 1915 654 1938 an.
685 1906 816 1939 Tonum
833 1908 962 1939 notavit
975 1909 1051 1940 Arc.
1081 1919 1115 1950 p.
1139 1906 1216 1950 114,
1240 1906 1272 1941 3.

353 1960 392 1998 Μ
403 1962 540 1998 ελέτω
553 1975 570 2010 ρ
589 1967 645 2006 qui
662 1976 776 1997 curam
792 1967 885 2006 yerit.
916 1963 1026 2012 ἐφάνη
1045 1964 1200 2012 μελέτωρ
1211 1965 1301 2013 ἀμφὶ

283 2009 342 2045 τὸν
361 2010 396 2045 ἐν
414 2009 533 2046 πένθει
550 2013 603 2044 El.
625 2009 694 2044 846
709 2023 753 2044 m.
782 2013 931 2045 Ultorem
948 2014 1031 2046 dicit
1047 2015 1297 2056 Alcmaeonem,

285 2060 344 2100 qui
369 2064 511 2091 matrem
527 2059 722 2100 Eriphylam
741 2060 880 2092 occidit:
902 2070 1003 2102 quare
1024 2061 1119 2093 Suid.
1141 2073 1172 2094 V.
1196 2060 1301 2107 μελέ-

282 2116 354 2152 τωρ
390 2105 570 2148 Sophocleo
599 2108 669 2139 loco
696 2117 778 2139 usus
797 2109 944 2149 explicat
970 2106 987 2142 ὀ
1014 2106 1298 2154 ἐπιμελούμενος,

287 2150 305 2186 ὁ
321 2152 581 2200 τιμωρούμενος
597 2153 647 2199 τῷ
663 2153 776 2200 πατρί.

354 2219 448 2257 Μέλ
491 2235 548 2268 μα
566 2234 645 2256 cura
671 2228 754 2265 (res,
776 2235 857 2266 quae
875 2235 973 2258 curae
989 2229 1062 2265 est).
1103 2225 1210 2260 πάλαι
1235 2225 1300 2272 μέ-

283 2268 382 2315 λημά
400 2281 459 2316 μοι
499 2269 607 2317 έγεις,
642 2269 742 2313 ἄναξ,
778 2271 817 2306 τὸ
835 2271 892 2306 σὸν
922 2276 1084 2319 φρουρεῖν
1114 2272 1211 2319 ὄμμα
1236 2274 1298 2307 Ph.

291 2315 359 2351 150
375 2319 426 2350 ch.
456 2319 550 2350 Libri
568 2323 681 2351 contra
698 2324 844 2351 metrum
863 2321 1024 2362 strophici
1054 2330 1172 2352 versus
1195 2318 1300 2366 μέλον

285 2363 391 2399 πάλαι
417 2362 559 2411 μέλημοί
576 2376 646 2410 μοι.
675 2367 771 2399 Brck.
801 2371 837 2399 et
864 2368 967 2398 Dind.
994 2377 1061 2399 sec.
1092 2368 1192 2400 Tricl.
1214 2370 1299 2400 omi-

286 2422 360 2445 sere
376 2411 415 2446 τὸ
433 2410 511 2454 σόν,
539 2418 579 2444 ut
594 2414 791 2455 interpretis
809 2416 930 2455 Verba,
959 2424 1037 2446 nam
1063 2412 1147 2459 ἐμόν
1173 2416 1300 2456 requiri

286 2462 412 2501 potius.
443 2460 510 2492 Sed
525 2458 564 2493 τὸ
590 2458 648 2493 σὸν
667 2463 828 2507 φρουρεῖν
847 2459 965 2506 ὄμμα,
994 2466 1084 2494 recte
1101 2463 1300 2494 scholiastae

286 2508 513 2548 explicatum,
541 2510 644 2539 nutus
667 2511 740 2539 tuos
765 2509 933 2540 obem-vare
966 2510 1143 2548 significat.
1190 2509 1299 2541 Gern-

285 2550 378 2586 hard.
407 2552 491 2593 ἅναξ
517 2554 662 2594 delevit,
699 2555 771 2587 Erf.
795 2553 899 2600 μέλον
926 2552 1032 2610 πάλαι
1057 2554 1185 2602 μέλημ’
1218 2554 1301 2595 ἅναξ

287 2602 441 2643 scripsit:
463 2602 521 2633 sed
539 2602 639 2634 unice
656 2611 735 2633 vera
751 2602 940 2634 Hermanni
956 2607 1057 2644 ratio,
1078 2601 1182 2647 μέλον
1200 2605 1300 2635 omit-

285 2650 408 2689 tentis‚
439 2648 525 2690 quod
552 2649 757 2690 adscriptum
782 2650 822 2682 ad
848 2650 1087 2691 explicandum
1106 2648 1248 2696 μέλημα
1264 2652 1299 2682 in

289 2697 387 2727 verba
403 2700 522 2738 poetae
532 2697 680 2737 irrepsit.
709 2697 817 2728 Verba
826 2694 933 2730 πάλαι
951 2695 1095 2743 μέλημά
1104 2707 1156 2731 σοι
1173 2707 1301 2739 epexe—

286 2744 381 2782 gesin
414 2744 579 2774 infinitivi
612 2745 807 2785 continent,
844 2745 893 2775 sic
927 2745 1177 2776 resolvendam:
1216 2741 1300 2791 ὅπερ

286 2788 393 2824 πάλαι
418 2787 559 2836 μέλημα
575 2787 619 2834 ἦν
646 2802 714 2835 μοι.
766 2791 814 2823 Eo
840 2792 970 2823 ducunt
995 2792 1192 2823 scholiastae
1217 2793 1296 2824 illa:

287 2839 428 2884 πρᾶγμα
453 2835 493 2870 ἐκ
510 2834 642 2870 πολλοῦ
661 2848 719 2882 μοι
737 2835 946 2884 μεμεληκός.

356 2891 508 2929 Μελία
525 2895 692 2936 frowinus.
721 2894 846 2942 καρύαι
864 2894 979 2941 μελίαι
1004 2907 1041 2930 τε
1059 2898 1100 2929 fr.
1122 2899 1188 2930 inc.
1215 2894 1297 2931 892.

357 2950 532 3000 Μελίνη
553 2956 726 2995 panicum.
755 2955 949 2997 Harpocrat.
987 2953 1128 3001 μελίνηε
1159 2953 1299 3002 ὀσπρίου

287 2997 358 3034 ἐστὶ
384 2999 532 3046 σπέρμα.
573 2999 631 3034 καὶ
656 2999 844 3048 ἀρσενικῶς
866 3000 1024 3048 λέγουσι,
1060 3001 1226 3049 θηλυκῶς
1262 3002 1299 3036 δὲ

289 3044 376 3094 Σοφ.
406 3045 569 3094 Τριπτολ.
605 3047 662 3091 (fr.
693 3046 799 3092 534)·
843 3045 976 3095 Κνήμη
1002 3047 1154 3095 μελίνης.
1208 3050 1299 3089 Quae

285 3095 412 3127 habent
434 3096 531 3127 Phot.
558 3105 592 3136 p.
614 3092 701 3136 255,
730 3093 776 3128 24
802 3094 943 3141 μελίνης
980 3106 1007 3128 s.
1028 3094 1167 3143 ὅσπριόν
1195 3095 1296 3136 ἐστιν,

286 3138 371 3188 ὅπερ
396 3141 455 3175 καὶ
472 3140 660 3198 ρ-ἰ-ρσενικῶς
677 3140 822 3189 λέγεται.
852 3139 937 3188 Σοφ.
959 3143 1021 3189 μὲν
1039 3141 1103 3190 γὰρ
1119 3143 1177 3177 καὶ
1189 3141 1300 3190 “Ηρό-

287 3186 385 3226 δοτος
402 3188 460 3222 καὶ
478 3193 638 3235 Εενοφῶν
656 3186 823 3236 θηλυκῶς
842 3188 940 3223 εἷπον
952 3188 1073 3236 μελίνη
1092 3192 1145 3222 cll.
1167 3201 1199 3232 p.
1214 3188 1295 3231 256,

287 3232 308 3265 5
326 3241 361 3267 et
379 3237 472 3268 Suid.
494 3247 526 3269 V.
549 3234 671 3282 μελίνη
690 3241 844 3278 spectant
860 3237 946 3268 illud
966 3238 1176 3278 Triptolemi.
1205 3238 1297 3276 Quae

287 3284 386 3314 verba
403 3284 443 3323 si,
466 3287 506 3317 ut
529 3283 673 3324 Videtur,
696 3285 819 3316 senarii
834 3289 964 3324 partem
981 3286 1167 3325 faciebant,
1189 3286 1298 3317 media

288 3331 437 3361 vocabuli
472 3331 598 3369 syllaba
621 3331 828 3370 producitur.
866 3332 1036 3363 Accentus
1061 3332 1212 3370 regulam
1238 3332 1297 3363 ad—

285 3376 481 3408 iectivorum
515 3378 687 3408 materiam
707 3378 971 3417 significantium
1005 3380 1170 3419 sequitur.
1218 3375 1296 3422 [Pro

285 3421 404 3468 κνήμη
422 3425 552 3455 volebat
570 3424 696 3455 Nauck.
716 3423 848 3468 κνήκου
867 3435 898 3455 V.
921 3424 1052 3469 supra]

1077 147 1265 209 Μέλεος
1289 184 1358 190 -
1382 149 1562 204 Μέλλω

2007 155 2011 159 ’
2067 163 2115 215 [11
2128 180 2163 213 p.
2179 166 2288 206 θο-ἰ

1404 268 1608 307 Μέλισσα
1633 276 1717 315 apis.
1756 271 1885 321 ξουθῆς
1913 272 2077 322 μελίσσης
2102 287 2149 322 κη
2173 274 2288 310 όπλασ

1334 316 1373 364 ὄρ
1398 331 1478 353 ανον
1488 320 1617 360 Polyid.
1640 318 1772 360 fr.464,
1795 319 1828 354 5.
1856 323 1931 353 mel.
1955 319 2090 364 ὕδατος,
2106 333 2149 367 με
2175 322 2288 369 ίσσηςΙ

1334 329 1403 398 489
1420 368 1461 399 de
1479 368 1584 399 melle·
1596 369 1730 400 libando
1747 369 1859 400 Furiis
1883 366 1941 414 [de
1974 379 2040 411 quo
2065 368 2260 417 μελικράτῳ
2285 382 2288 415 j

1333 414 1447 455 rando,
1469 415 1511 446 cf.
1534 417 1675 447 Aristot.
1702 415 1851 457 Metaph.
1873 426 1906 457 p.
1928 414 2024 461 807].
2055 417 2164 450 Schol.
2186 415 2254 452 ἀπὸ
2278 430 2288 465 ⁶}

1332 462 1394 494 τοῦ
1412 464 1590 499 ποιοῦντος
1607 461 1646 495 τὸ
1659 461 1884 507 ποιούμενον;
1915 465 1973 505 qui
1990 464 2081 496 idem
2119 461 2256 510 λώσσης
2280 477 2288 511 Ι

1333 505 1432 555 λίσση
1464 507 1512 554 τῷ
1534 508 1781 555 κατερρυηκότι
1809 510 1892 542 Ach.
1922 512 1999 544 Am.
2023 511 2063 543 fr.
2117 508 2162 543 67
2200 509 2288 557 μέλιι

1333 565 1391 596 pro
1418 553 1498 600 μέλι
1530 556 1657 588 dictum
1681 557 1914 589 illustraturus
1946 559 2054 590 affert.
2107 559 2214 597 Quem
2247 569 2287 592 us

1333 608 1566 644 exposuerunt
1584 604 1698 636 Herm.
1719 605 1753 635 in
1774 605 1883 636 Wollii
1901 605 2016 637 analeo
2031 606 2061 637 is
2078 606 2130 637 lit.
2152 607 2216 638 vol.
2233 603 2255 638 2
2272 615 2288 648 p

1334 659 1367 690 p.
1389 646 1434 682 67
1452 655 1486 682 et
1504 651 1584 683 Lob.
1607 652 1647 682 ad
1665 651 1789 691 Phryn.
1811 662 1843 692 p.
1869 649 1947 684 187.
2147 652 2195 696 (ΙΙ
2212 663 2247 694 p.
2268 651 2288 686 7

1404 704 1456 751 [²⁸²]
1478 704 1515 742 M
1526 719 1541 741 ε
1551 706 1627 742 λλό
1637 721 1655 755 γ
1666 721 1720 754 αμ
1730 721 1746 743 ο
1759 721 1774 747 ς
1792 720 1940 751 sponsas.
1961 708 2154 757 ἀχνύμενος
2171 714 2235 757 τῆς
2255 722 2288 756 με

1334 752 1489 801 λογοίμου
1507 754 1646 801 νύμφης
1663 754 1800 794 ταλίδος
1819 756 1925 803 μόρον
1943 755 2141 804 Ἀντιγόνης
2163 759 2245 791 Ant.
2278 754 2288 792 Ι

1324 803 1410 834 ‘libri
1434 811 1549 834 omnes
1583 804 1726 844 habent,
1765 805 1798 835 in
1825 806 1949 846 quibus
1983 806 2094 837 Verbis
2128 807 2193 837 etsi
2225 804 2288 851 νύμ

1334 855 1449 890 aperte
1475 851 1725 890 interpretando
1742 848 1880 889 ταλίδος
1906 853 2098 893 appositum
2124 857 2196 892 est,
2234 858 2288 886 tan

1335 897 1434 928 Tricl.
1473 894 1588 940 [quem
1613 899 1768 939 sequitur
1786 897 1910 944 Dind.]
1939 901 2002 945 τῆς
2063 896 2258 946 ελλογάμου

1333 944 1423 982 iecit,
1462 945 1616 985 quamvis
1641 947 1794 985 agnitum
1819 956 1837 977 a
1861 946 1996 978 Polluce
2063 971 2070 988 ‚
2099 943 2145 978 45
2178 951 2213 978 et
2245 946 2288 985 Ei

1333 1001 1366 1032 p.
1389 987 1476 1032 669,
1503 988 1566 1024 26:
1601 1002 1679 1023 nam
1703 993 1792 1034 quod
1824 993 1879 1025 hic
1908 991 2152 1039 μελλόνυμφος
2175 988 2288 1038 τοιλίς,1

1335 1038 1435 1079 Soph.
1456 1043 1638 1080 memorat,
1667 1041 1855 1072 certissimo
1870 1041 1995 1072 indicio
2021 1044 2092 1081 est,
2113 1037 2288 1084 memorial

1334 1090 1471 1126 ceptum
1489 1086 1659 1117 hominem
1678 1084 1898 1133 μελλόγαμος
1916 1088 2022 1120 fuisse
2040 1089 2234 1128 dicturum,·
2253 1085 2288 1141 a}

1333 1133 1383 1163 dit
1401 1133 1502 1164 etiam
1522 1133 1645 1165 Suidae
1670 1137 1871 1175 auctoritas,
1907 1135 1995 1176 apud
2017 1145 2118 1177 quem
2145 1133 2252 1181 μελογ

1333 1181 1497 1221 scriptum
1515 1190 1545 1211 v.
1574 1178 1684 1217 τᾶλις.
1737 1182 1776 1212 In
1803 1182 1876 1214 cod.
1906 1182 2003 1215 Leid.
2032 1182 2156 1215 Suidae
2180 1187 2251 1215 tota
2275 1218 2280 1221 ¹

1332 1228 1497 1268 particula
1514 1228 1635 1259 omissa
1653 1234 1715 1259 est.
2280 1231 2288 1255 ’-

1402 1282 1604 1319 Μελλόνυ
1617 1298 1730 1332 μφος
1755 1297 1905 1328 sponaaa.
1953 1278 2085 1334 τέλείαν
2104 1286 2223 1335 ψῆφον
2237 1315 2246 1330 ,
2266 1279 2288 1330 ξ

1335 1330 1579 1378 μελλονύμφου
1606 1335 1688 1366 Ant.
1718 1331 1785 1366 633
1812 1334 1978 1367 dec-retum
2004 1335 2043 1366 de
2067 1339 2170 1368 morte
2194 1333 2288 1377 sponj

1334 1381 1416 1412 Inde
1449 1381 1631 1420 puellarem
1654 1392 1681 1412 s.
1710 1382 1857 1413 nubilem
1889 1383 2077 1422 significat:
2106 1379 2124 1415 ὁ
2151 1380 2257 1427 μελλό

1336 1438 1410 1466 φος,
1432 1426 1467 1461 ἐν
1487 1425 1524 1460 δὲ
1540 1426 1653 1465 κοινὸς
1679 1425 1830 1473 ἀρσένων
1855 1426 1918 1462 ’ίτω
1941 1426 2077 1476 κλαγγοί
2111 1430 2166 1461 Tr.
2195 1426 2286 1477 206ιζ

1335 1461 1620 1520 ἇμελλόνυμφος
1643 1475 1768 1516 Musgr.
1798 1477 1961 1509 malebat:
1991 1477 2216 1509 masculinum
2268 1476 2270 1478 ’

1335 1523 1492 1554 universe
1510 1523 1598 1554 dicto
1616 1525 1792 1555 convenit:
1815 1525 1960 1565 quisquis
1975 1524 2096 1556 nubilis
2113 1527 2168 1556 eat.
2182 1534 2214 1556 V.
2228 1522 2273 1565 ,Η

1335 1566 1454 1613 [Dind.
1484 1570 1658 1609 coniungit
1683 1568 1787 1615 δόμος
1814 1568 1832 1604 ὁ
1857 1568 2101 1616 μελλόνυμφος
2126 1575 2165 1603 ut
2183 1572 2228 1603 sit

1335 1626 1459 1648 sorores
1474 1614 1634 1661 nubilem]
2273 1627 2284 1645 ι’

1407 1670 1707 1713 Μελλόποσις.
1743 1673 1951 1721 μελλόποσιν
1974 1675 2032 1710 τὸν
2057 1674 2164 1723 ἄνδρα
2189 1666 2277 1716 ὢνιή

1339 1719 1426 1767 Σοφ.
1447 1720 1504 1765 (fr.
1525 1723 1591 1754 inc.
1620 1719 1706 1766 910)
1739 1720 1893 1756 Pollux3
1908 1748 1916 1764 ‚
1936 1720 1993 1755 45.
2038 1724 2112 1756 Νοη
2136 1726 2263 1766 υἱιηιηι,ι

1337 1770 1507 1810 universe,
1530 1770 1589 1801 sed
1605 1772 1739 1810 nuptias
1764 1770 2012 1802 celebraturum.
2269 1769 2272 1771 ⁴

1410 1825 1582 1862 Μέλλω.
1628 1829 1679 1860 De
1714 1830 1817 1861 forma
1841 1830 1954 1870 verbi,
1992 1830 2080 1870 quod
2105 1839 2172 1862 non
2202 1830 2284 1866 fles„

1337 1886 1390 1916 ap.
1414 1874 1530 1917 soph„
1553 1877 1620 1907 nisi
1637 1877 1835 1917 imperfecto
1853 1881 1966 1917 tenus,
1988 1886 2055 1908 non
2074 1881 2126 1909 est
2144 1877 2232 1918 quod
2264 1892 2265 1895 ¹

1338 1927 1404 1954 tur.
1434 1924 1518 1954 Nam
1536 1924 1638 1954 etiam
1655 1924 1750 1964 impf.
1779 1928 1915 1956 auctum
1933 1925 2026 1956 nulla
2043 1924 2109 1956 fide
2127 1930 2198 1965 est,
2218 1927 2267 1956 et*

1338 1971 1391 2001 sui
1405 1975 1501 2002 nocet
1514 1970 1570 2002 OR
1584 1967 1664 2001 967.
1688 1967 1789 2002 1385.
1819 1967 1967 2003 Ai.443.
1992 1967 2095 2004 1287.
2124 1971 2242 2011 Signiss

1338 2027 1420 2048 num
1438 2018 1547 2058 prima
1564 2022 1616 2048 est
1633 2017 1647 2059 ΙΙ
1665 2019 1700 2048 in
1716 2027 1751 2049 eo
1769 2022 1826 2058 est,
1846 2021 1883 2049 ut
1900 2017 1978 2059 quid
1995 2018 2115 2059 facias,
2134 2018 2203 2049 sed
2228 2031 2236 2045 a
2252 2023 2254 2025 ’

1337 2074 1401 2095 ease
1418 2064 1619 2104 adyressam.
1649 2065 1912 2104 Adsignificatur
1929 2069 2016 2109 certa
2031 2065 2181 2105 faciendi
2194 2075 2234 2098 vo
2248 2067 2249 2070 ’
2268 2070 2272 2072 ’

1337 2116 1367 2143 et
1384 2112 1571 2143 consilium.
1617 2111 1750 2143 Primus
1768 2113 1951 2144 illustravit
1976 2113 2167 2144 Hemsterh.
2197 2113 2235 2144 ad
2252 2107 2258 2138 ἶ

1338 2159 1416 2190 dial.
1439 2162 1534 2190 mort.
1556 2169 1588 2190 V.
1610 2155 1632 2190 2
1650 2169 1683 2200 p.
1705 2156 1773 2190 546
1792 2159 1866 2200 Bip.
1894 2177 1938 2183 —
1971 2155 2126 2205 Εὐρύτου
2146 2157 2252 2193 πόλιν.

1338 2204 1527 2250 στρατεύειν
1553 2203 1655 2238 αὐτὸν
1671 2202 1694 2249 ἢ
1725 2203 1863 2251 μέλλειν
1888 2204 1936 2239 ἔτι
1962 2206 2016 2239 Tr.
2039 2204 2095 2239 75.
2141 2203 2255 2253 μέλλι*ι

1335 2251 1428 2299 αὐτῷ
1441 2251 1574 2299 τεύγειν
1602 2251 1732 2298 σφαγὰς
1748 2250 1858 2299 κῆρυξ
1874 2250 1970 2287 ἵκετο
1997 2251 2076 2286 756.
2121 2250 2232 2298 μέλλιι

1337 2297 1404 2333 αἰεὶ
1422 2298 1504 2344 δρᾶν
1517 2294 1552 2332 ’τι
1569 2297 1629 2337 τὰς
1648 2299 1752 2337 οὔσας
1769 2299 1807 2334 τέ
1826 2311 1892 2345 μου
1910 2299 1968 2334 καὶ
1985 2298 2046 2338 τὰς
2063 2299 2218 2338 ἀπούσας
2235 2300 2242 2303 ’

1337 2345 1397 2384 δας
1423 2344 1604 2392 διέφθορεν
1632 2348 1684 2380 El.
1705 2345 1785 2379 305.
1831 2348 1904 2379 Non
1929 2353 1981 2379 est
2005 2351 2156 2381 cunctor:
2185 2348 2254 2387 hoe>

1336 2394 1429 2425 hibet
1447 2395 1598 2426 additum
1616 2392 1697 2440 δρᾶν
1714 2405 1758 2434 τι,
1788 2395 1846 2427 sed
1859 2395 2011 2435 polliceri
2040 2396 2191 2435 proximo
2227 2403 2254 2421 ι“

1337 2445 1479 2481 tempore
1496 2442 1677 2481 facturum.
1707 2443 1810 2473 Plane
1828 2443 1874 2473 ita
1892 2439 1924 2474 εἴ
1943 2452 2000 2486 μοι
2017 2439 2060 2474 τὰ
2084 2440 2126 2474 σοὶ
2151 2438 2255 2486 μέλλ

1336 2485 1440 2521 οἴσειν
1459 2486 1539 2534 δῶρ’
1557 2483 1608 2534 ἐφ’
1630 2486 1697 2521 οἶσι
1714 2491 1773 2521 νῦν
1798 2486 1920 2535 χλιδᾷς
1948 2485 2027 2521 369.
2071 2490 2100 2520 si
2123 2498 2212 2520 nanc
2236 2489 2254 2497 ’

1337 2539 1418 2566 esset
1430 2537 1621 2575 praesentia
1638 2536 1819 2576 oblaturus,
1833 2540 1867 2567 et
1881 2533 2046 2579 μέλλουσι
2062 2534 2127 2582 γάρ
2145 2545 2182 2568 σε
2200 2533 2217 2568 ἐ

1337 2580 1496 2628 πέμψειν,
1526 2579 1610 2616 ἔνθα
1629 2581 1678 2628 μή
1706 2577 1786 2617 ποθ’
1809 2580 1910 2627 ἡλίου
1932 2580 2067 2629 ’φέγγος
2090 2580 2197 2628 προσό
2232 2590 2254 2607 ³²
2278 2599 2280 2601 >

1337 2633 1468 2661 tantum
1484 2639 1552 2661 non
1569 2633 1646 2660 suni
1673 2632 1708 2662 in
1725 2639 1772 2670 eo,
1792 2634 1829 2661 ul
1846 2631 1991 2661 mittam.
2021 2627 2137 2675 γύναι,
2157 2627 2189 2662 τί
2226 2650 2228 2652 -
2248 2631 2250 2642 ²
2281 2673 2284 2674 ⁷

1335 2674 1489 2720 κομίζειν
1516 2674 1631 2720 δόμων
1653 2671 1742 2709 τόνδ’
1770 2675 1856 2718 ἔσω,
1886 2675 1944 2708 OR
1961 2673 2029 2708 678
2046 2677 2097 2708 ch.
2142 2677 2263 2708 Erat?-

1336 2724 1466 2755 abitura
1483 2725 1576 2755 intus
1600 2725 1737 2756 Iocasta.
1787 2721 1900 2756 τελεῖν
1921 2717 1948 2755 δ’
1973 2717 2021 2756 ὅσΊ
2040 2720 2080 2756 ἂν
2107 2720 2260 2769 μέλλῃςῖ

1336 2774 1403 2803 νῶν
1421 2768 1458 2803 εὖ
1478 2768 1679 2816 ξυμφέροντ’
1696 2768 1816 2808 αὐταῖς
1834 2768 1887 2803 ἀεί
1903 2771 1958 2802 Oc
1978 2768 2068 2803 1635
2093 2780 2178 2812 quae
2201 2773 2247 2801 αι’·
2273 2799 2275 2801 ,

1337 2819 1552 2849 constitutum
1577 2822 1623 2849 est
1649 2818 1771 2858 facere.
1817 2815 1933 2863 δράσω
1967 2816 2024 2850 καὶ
2047 2815 2128 2851 τάδε
2145 2814 2211 2851 ,καὶ
2239 2835 2242 2838 «

1338 2861 1434 2898 ὁπόσ’
1451 2860 1491 2897 ἂν
1511 2862 1628 2909 μέλλω
1647 2863 1807 2909 πράσσειν
1826 2863 2004 2910 πρόσφορα
2023 2861 2112 2896 1774
2128 2874 2182 2898 an.
2279 2863 2284 2869 ‘⁴

1336 2909 1379 2956 δὴ
1397 2909 1537 2944 κούκέτι
1547 2909 1666 2956 μέλλω
1674 2913 1755 2943 Ant.
1771 2908 1838 2943 939
1847 2921 1900 2943 an.
1922 2921 1987 2952 quo
1997 2912 2152 2952 exemplo
2168 2911 2249 2942 Via
2279 2910 2283 2913 ’

1336 2959 1375 2990 ad
1393 2959 1544 2990 tralatam
1568 2959 1746 2990 cunctandi
1772 2960 1850 2990 vim.
1896 2959 1972 2989 Huc
1994 2960 2082 2990 refer
2104 2958 2190 2999 parti
2273 2959 2283 3000 ‘J

1337 3002 1474 3050 μέλλων
1500 3003 1571 3049 βίος
1589 3005 1644 3037 OC
1665 3002 1750 3037 1691
1763 3016 1808 3037 m.
1837 3003 1964 3051 ἄπορος
1981 3002 2033 3038 ἐπ’
2043 3003 2142 3039 οὐδὲν
2156 3002 2262 3051 ἔρχ
2281 3022 2284 3025 ’

1338 3049 1465 3096 μέλλον
1485 3054 1564 3084 Ant.
1586 3049 1652 3084 361
1672 3053 1724 3084 ch.
1752 3051 1789 3085 τό
1802 3046 1830 3085 τ’
1840 3051 1957 3085 ἔπειτα
1972 3050 2076 3085 καὶτὸ
2087 3049 2226 3096 μέλλον.
2239 3049 2284 3097 ζ’,ζῇ

1335 3096 1412 3145 πρίν
1430 3095 1493 3130 611
1516 3099 1566 3131 ch.
1597 3096 1769 3143 μέλλοντα
1784 3102 1891 3132 ταῦτα
1911 3095 2011 3130 1334.
2039 3096 2082 3131 τὰ
2100 3097 2161 3143 μὲν
2180 3109 2199 3131 ο
2226 3108 2246 3138 '4

1335 3139 1421 3178 λοντ’
1450 3144 1560 3183 οὐδεὶς
1578 3144 1688 3192 ἐφορᾷ
1706 3147 1760 3178 Tr.
1786 3143 1875 3177 1270
1891 3155 1945 3177 an.
1992 3144 2103 3182 οὐδεὶς
2129 3142 2288 3190 μάντι-η,

1335 3189 1533 3237 μελλόντων
1550 3194 1605 3225 Ai.
1630 3190 1719 3226 1420
1736 3203 1790 3225 an.
1825 3197 1893 3226 τῶν
1913 3189 2107 3236 μελλόντων
2123 3188 2215 3236 ταμί
2227 3191 2247 3214 ³?

1335 3242 1375 3270 fr.
1397 3237 1476 3280 515,
1498 3237 1531 3270 3.
1576 3238 1676 3277 εἰδὼς
1693 3238 1731 3273 τὸ
1750 3237 1876 3284 μέλλον
1893 3239 1922 3272 εἰ
1939 3237 2061 3284 κέρδος
2081 3237 2174 3285 φέρει

1334 3283 1415 3327 725,
1427 3283 1460 3318 2.
1484 3304 1516 3310 -
1544 3286 1558 3328 ΙΙ
1575 3291 1700 3318 certum
1715 3290 1746 3318 et
1762 3289 1977 3318 constitutum
1993 3296 2058 3318 esse
2073 3285 2196 3317 secund
2227 3295 2285 3330 '³552

1334 3333 1394 3364 fati
1411 3333 1466 3364 Vel
1483 3339 1623 3365 naturae
1639 3335 1886 3365 necessitatem.
1928 3333 1968 3364 V.
1998 3332 2147 3364 Nitzsch.
2175 3331 2214 3365 ad
2230 3335 2283 3377 ³Jj

1333 3379 1395 3411 Od.
1417 3381 1432 3411 1
1449 3376 1530 3412 232.
1567 3379 1615 3417 ὥς
1633 3377 1660 3412 σ’
1678 3378 1741 3413 οὐκ
1759 3378 1904 3425 ἔμελλον
1923 3373 1986 3425 ἄρ’,
2016 3378 2044 3412 ὧ
2060 3377 2184 3418 τάλας,

1333 3423 1499 3466 οὐδέποτε
1515 3427 1575 3459 Ph.
1601 3425 1687 3459 1083
1707 3437 1750 3458 m.
1800 3424 1909 3471 ὄρνις,
1931 3426 1976 3459 ὦν
1997 3423 2180 3472 ὑφηγητῶν
2230 3466 2234 3470 ἡ
