2288 3600
11 1575 91 1637 ’7ιῖ
101 1542 341 1638 βίφββἈ
352 1614 377 1647 μ
389 1596 411 1637 ἅ
420 1614 445 1650 χ

0 1650 130 1732 {ff
148 1647 158 1651 ’

69 3169 75 3179 Ι
105 3148 123 3177 ’Ἰ

68 3182 73 3191 ,

64 3198 73 3213 ι7
84 3196 97 3216 Α,

57 3216 65 3239 s
81 3217 89 3231 1

0 3223 34 3277 t)
52 3248 57 3258 .
80 3244 93 3264 -·

45 3263 51 3283 i
68 3268 94 3303 'ss

3 3303 5 3305 ,
38 3286 47 3332 f
158 3316 163 3328 ‚

39 3342 42 3377 ³
84 3353 90 3365 “
139 3335 356 3476 φρομ

147 3464 157 3480 ι.

149 3481 157 3501 2

232 97 296 146 38

230 213 343 246 Cassio
357 216 491 246 auctore
509 222 602 245 usus.
625 212 856 245 Adverbiascit
872 211 1081 243 accusativus
1092 209 1151 241 Ph.
1164 205 1245 240 231.

230 261 311 293 Ant.
333 257 420 292 914:
451 254 585 294 τοιαῦτὨ
600 257 854 306 ἁμαρτάνουσιν
874 255 941 303 ἔπη
960 258 1014 288 Ai.
1037 253 1126 288 1096
1150 265 1249 296 prae-

228 308 348 348 gnanti
365 317 466 339 sensu
486 308 613 339 dictum
631 316 689 348 pro
706 308 847 339 τοιαῦτα
859 303 1015 351 λέγουσιν
1030 302 1250 349 ἁμαρτάνον-

228 361 292 388 τες.
323 353 492 401 ἁμαρτίαν
511 353 674 400 ἁμαρτών
687 353 749 385 Ph.
765 350 854 384 1249
871 363 946 384 suas
965 352 1110 383 rationes
1134 351 1247 390 habet,

229 403 270 434 de
303 403 427 443 quibus
453 402 540 434 dixit
571 403 651 433 Lob.
677 402 713 432 in
738 409 884 440 monogr.
915 401 971 439 fig.
999 408 1136 438 gramm.
1161 398 1252 429 edita

230 461 259 482 a.
290 446 392 482 1832.
414 450 541 481 Tamen
560 450 684 481 factum
702 448 793 480 inde.
819 451 856 478 ut
873 447 1007 488 passive
1025 447 1192 477 diceretur
1208 442 1252 478 τὰ

229 495 473 542 ἡμαρτημένα.
494 497 535 527 In
554 497 610 528 Tr.
628 492 717 527 1136
735 498 825 526 recte
845 494 1005 526 distinxit
1022 494 1139 524 Herm.
1161 489 1251 524 ἅπαν

229 543 267 578 τὸ
284 540 389 591 χρῆμ’
405 553 413 560 ·
433 541 567 589 ἥμαρτε
584 540 720 591 χρηστὰ
739 540 899 591 μωμένη.
933 542 1099 581 peccavit,
1121 540 1253 571 honesta

234 600 392 632 quaerens
404 602 414 621 :
434 591 510 622 haee
527 594 597 622 tota
613 599 674 621 res,

296 657 342 695 ‘A
355 658 498 706 μοίρτη
511 671 565 704 μα
597 659 766 691 delictum.
810 657 850 692 ίὼ
885 661 1018 704 φρενῶν
1053 654 1251 702 δυσφρόνων
1269 676 1271 682 »

233 707 469 754 ἁμαρτήματα
487 709 567 739 Ant.
593 703 678 738 1261
700 717 744 737 m.

296 775 343 813 ‘A
389 776 515 824 αρτία
541 787 640 809 error.
662 776 829 808 delictum.
859 773 882 819 η
903 772 928 807 δ’
950 773 1101 821 ἁμαρτία
1117 771 1168 806 τίς
1184 771 1247 813 ἦν,

231 827 292 858 Ph.
323 823 338 857 1
368 823 424 858 25.
479 825 542 871 τὴν
569 822 739 870 ἁμαρτίαν
765 821 910 870 αἰσχρὰν
944 820 1107 867 ἁμαρτών
1146 794 1247 853 1248.

228 871 397 919 ἁμαρτίας
414 870 543 905 ὄνειδος
560 869 658 905 οὐδέν
678 871 733 903 OC
751 868 831 902 967.
870 867 900 902 εἴ
917 880 948 902 τι
964 865 1057 914 τήνδ’
1080 866 1250 915 ἁμαρτίαν

227 919 343 964 νέμεις
361 921 417 952 Tr.
439 917 519 952 483.
547 919 671 960 plurali
689 916 853 964 ἁμαρτίαι
872 914 1063 964 σφάλλουσι
1088 915 1152 956 τὴν
1181 925 1251 949 σω-

229 965 350 1014 τηρίαν
375 967 495 1008 Eriph.
517 967 558 998 fr.
579 963 659 998 204.

292 1021 518 1070 Ἀμαυρός
540 1022 596 1068 (υ)
622 1022 732 1068 [Curt.
762 1023 819 1055 Et.
848 1020 944 1067 497].
992 1019 1164 1056 σκοτεινόν
1189 1031 1251 1053 ex-

230 1074 358 1115 plicant
382 1074 501 1104 lexica.
547 1072 644 1104 Unde
670 1081 784 1103 caecus
810 1070 964 1112 Sophocli
993 1074 1054 1101 est.
1102 1067 1252 1115 ἀμαυρῴ

227 1118 333 1166 κώλῳ
359 1116 476 1163 (ἕπεο)
517 1119 572 1151 OC
601 1116 667 1151 182
693 1129 736 1150 m.
766 1115 899 1164 ψαύσας
929 1115 1101 1163 ἀμαυραῖς
1132 1114 1248 1163 χερσίν

231 1164 319 1200 1639
339 1169 381 1200 cf.
393 1167 535 1207 Reisig..
557 1170 653 1209 recte&
667 1167 906 1197 defendentem
926 1165 1012 1196 hanc
1025 1165 1245 1205 scripturam:

229 1216 374 1246 Brunck.
396 1213 642 1246 inconsiderate
661 1211 832 1259 ἀφαυραῖς
849 1213 996 1244 dederat.
1033 1214 1075 1243 V.
1097 1211 1187 1243 Pors.
1210 1211 1250 1242 ad

225 1319 285 1341 sus
313 1309 420 1348 coegit
444 1309 572 1340 nullius
598 1308 794 1340 auctoritate
820 1308 998 1339 lectionem
1029 1316 1071 1338 ex
1099 1306 1250 1337 Turnebi

228 1357 281 1388 ed.
302 1356 469 1397 recipere:
489 1353 522 1388 τί
537 1352 607 1402 δῆτ’
626 1353 774 1401 ἀφαυρῷ
795 1352 956 1400 [ἀμαυρῷ
967 1363 1009 1385 ex
1029 1354 1087 1384 LA
1106 1354 1249 1384 retinuit

226 1401 349 1448 Dind.]
392 1401 480 1449 φωτὶ
498 1400 720 1449 προστάσσεις
753 1403 884 1440 ποιεῖν,
924 1401 1031 1433 Creon
1065 1401 1157 1432 enim
1188 1410 1249 1431 nec

229 1451 382 1490 iqmbicis
399 1459 463 1481 nec
478 1450 648 1489 obscura-³,
669 1449 839 1491 infirmum
855 1451 968 1480 autem
985 1446 1140 1493 ἀμαυρός
1160 1457 1249 1479 nun-

229 1508 329 1539 quam
347 1498 560 1537 significavit.
605 1498 656 1528 De
681 1500 821 1528 accentu
847 1507 877 1527 v.
900 1495 1007 1528 Schol.
1031 1495 1188 1527 Cantabr.
1209 1495 1250 1526 ad

230 1545 369 1577 Hesiod.
390 1544 516 1585 Theog.
536 1541 617 1576 832.
646 1544 766 1576 Arcad.
787 1553 820 1584 p.
842 1540 899 1584 72,
920 1539 977 1575 20.

452 1614 534 1648 ητο
546 1608 561 1635 ς
587 1603 862 1643 inexpuynabilis.
906 1600 949 1636 τὰ
973 1599 1063 1636 θεῶν
1082 1599 1250 1666 ἀμάγζητα

236 1648 321 1696 βέλη
340 1651 402 1682 Ph.
426 1647 493 1684 198
510 1660 563 1682 an.
1069 1647 1101 1689 (Ι
1119 1659 1153 1690 Ρ.
1177 1646 1252 1692 do.)

293 1701 340 1743 ”A
352 1719 466 1756 μαχο
478 1714 494 1741 ς
526 1710 679 1740 invictus.
722 1706 861 1756 ἄμαχος
894 1706 958 1754 γὰρ
988 1705 1147 1752 ἐμπαίζει
1173 1705 1252 1741 θεὸς

229 1750 411 1803 Ἀφροδίτα
427 1757 510 1788 Ant.
530 1753 600 1788 800
617 1756 669 1788 ch.

294 1810 446 1860 Ἀμάω
470 1812 646 1894 (Ξξινοίο.
674 1812 766 1866 ἀμᾶν
785 1812 950 1855 ἀττικῶς,
977 1811 1121 1859 θερίζειν
1141 1810 1250 1859 ἑλλη-

228 1865 333 1895 νικῶς
349 1858 471 1894 Moeris
496 1872 529 1903 Ρ.
577 1869 609 1894 o.
639 1859 694 1902 ἀ.,
716 1859 879 1906 θερίζειν,
907 1859 998 1908 παρὰ
1021 1859 1059 1894 τὸ
1087 1857 1162 1906 ἅμα
1188 1862 1245 1893 Gr.

229 1909 335 1941 Bekk.
355 1919 389 1950 Ρ.
408 1906 488 1949 386,
510 1906 566 1941 30.
596 1907 629 1942 ἀ.
647 1921 653 1940 :
675 1906 832 1955 θερίζειν.
859 1907 926 1942 ἀπὸ
943 1910 1004 1942 τοῦ
1022 1905 1096 1952 ἅμα
1113 1906 1248 1955 ἀνέχειν

230 1956 377 1996 Hesych.
422 1957 634 1997 Repetebant
650 1957 742 1988 enim
759 1967 778 1988 a
795 1956 1014 1997 corripiendis
1032 1957 1073 1987 ad
1090 1956 1249 1995 colligan-

229 2004 311 2035 dum
327 2003 441 2044 spicis.
485 1999 696 2047 ἂς(1ιθι·1)αε)
717 2000 782 2048 ’ἥδε
859 2002 972 2049 γυμνὴ
999 1999 1148 2050 χαλκοῖς
1173 1999 1266 2060 ἦμα,

229 2047 409 2097 δρεπάνοις
442 2048 573 2082 Rhizot.
594 2051 635 2082 fr.
665 2046 746 2082 479.
792 2051 924 2082 Tralate
950 2051 1098 2082 dietum:
1130 2048 1248 2094 ἀμα-

230 2106 353 2131 σεται
394 2095 462 2130 ἀπὸ
494 2099 559 2130 τ·ς
598 2095 763 2143 ἀμήσεως
781 2123 790 2138 ,
837 2096 940 2131 οἱονεὶ
974 2095 1111 2144 σφάξει,
1158 2095 1245 2143 Σοφ.

229 2141 357 2190 Τρωίλ.
394 2142 452 2188 (fr.
483 2109 569 2188 5519)
610 2144 757 2184 Hesych.
805 2142 895 2188 [post
927 2142 1096 2191 ἀμβασινε
1134 2146 1249 2186 itaque

229 2189 252 2225 ἀ
282 2189 418 2225 ύσσεται
449 2192 504 2223 vel
545 2189 748 2235 αἱμάσσεται
779 2193 970 2233 suspicatur
1002 2192 1046 2224 M.
1069 2190 1249 2237 Schmidt]

229 2236 244 2283 [
277 2238 339 2270 dde
354 2239 464 2271 locum
489 2235 567 2272 κατ’
597 2235 639 2272 αὖ
669 2248 721 2272 νιν
746 2237 861 2285 φοινία
877 2237 967 2273 θεῶν
991 2237 1059 2273 τῶν
1083 2238 1250 2286 νερτέρων

229 2283 305 2332 ἀμᾷ
328 2283 429 2319 κοπίς
451 2286 532 2318 Ant.
553 2282 622 2318 602
645 2286 696 2318 ch.
718 2296 819 2328 quem
843 2287 891 2319 sic
913 2289 988 2327 post
1012 2287 1139 2327 Reisig.
1171 2289 1252 2319 dant

230 2333 336 2365 Dind.
347 2333 500 2366 Schndw.
511 2330 593 2365 ch.
608 2333 730 2365 Wund.
745 2333 846 2373 Seyff.
867 2332 958 2378 ἁμαῖ
972 2331 1066 2367 κόνις
1083 2334 1153 2375 LA,
1174 2344 1251 2366 nam

231 2383 271 2412 ut
287 2379 427 2413 Romani
441 2383 558 2412 metere
574 2384 609 2412 et
625 2380 782 2412 demutare
797 2381 845 2412 ita
862 2381 980 2413 Graeci
1006 2379 1098 2426 ἀμᾶν
1131 2385 1166 2413 et
1189 2378 1251 2415 θε-

233 2424 334 2473 ρίζειν
358 2427 399 2459 de
422 2437 531 2459 messe
554 2427 594 2459 ad
618 2436 735 2460 necem
760 2429 1009 2460 transtulerunt
1031 2439 1064 2460 V.
1084 2429 1247 2461 Valcken.

231 2475 329 2506 diatr.
358 2483 391 2515 p.
413 2470 494 2506 225.
538 2474 677 2506 Dorvill.
708 2475 749 2507 ad
773 2474 871 2507 Char.
900 2484 934 2516 p.
955 2472 1036 2507 422.
1080 2476 1190 2508 Wolff.
1211 2477 1252 2508 ad

230 2521 312 2554 Ant.
325 2521 348 2552 1.
363 2518 410 2566 c.]
430 2520 552 2553 Contra
564 2522 605 2554 de
615 2521 752 2562 pulvere
764 2523 889 2563 teyente
906 2521 1055 2554 humatos
1072 2523 1137 2555 etsi
1167 2533 1251 2555 nove

231 2567 358 2600 dictum
373 2565 468 2612 (nam
487 2577 578 2601 nunc
595 2569 731 2610 quidem
748 2569 896 2602 activum
913 2571 1004 2611 apud
1020 2570 1171 2602 cadentis
1193 2571 1252 2602 de-

232 2624 324 2647 mum
347 2616 466 2647 aetatis
501 2616 680 2657 scriptores
713 2617 856 2657 legitur,
894 2627 926 2648 v.
954 2617 1096 2650 Dorvill.
1124 2618 1145 2649 1.
1168 2628 1195 2650 c.
1217 2621 1252 2650 et

232 2661 350 2694 Valck.
363 2663 404 2694 ad
420 2660 544 2695 Herod.
556 2659 590 2703 8,
611 2660 693 2706 24);
716 2666 829 2695 tamen
847 2667 924 2705 apte
942 2667 977 2696 et
993 2665 1123 2705 poetice
1140 2674 1253 2697 enun-

233 2709 354 2741 tiatum
371 2712 434 2742 est.
457 2727 498 2733 --
525 2705 707 2757 Νερτέρων
725 2708 819 2744 κόνιν
836 2711 924 2742 bene
949 2711 1114 2753 explicuit
1132 2713 1249 2744 Herm.

233 2753 391 2799 [retinuit
415 2756 537 2797 Bergk.
582 2757 761 2789 Inmerito:
795 2767 873 2790 nam
899 2758 1061 2790 condendi
1088 2759 1155 2791 vim
1181 2769 1251 2792 om-

232 2804 313 2836 nino
329 2812 396 2836 non
412 2803 514 2847 habet
539 2802 706 2849 verbum}

271 2852 489 2907 ’Άμβᾶσις
520 2865 672 2894 escensio.
717 2865 810 2897 πᾶσα
834 2858 860 2895 δ’
890 2861 1038 2910 ὁρμᾶται
1070 2860 1143 2898 κατ’
1179 2863 1250 2909 ἀμ-

231 2906 554 2999 ἒὲξὲᾐρῑιαανὲιξιλων
579 2907 727 2955 ἄμβασις
743 2909 799 2943 OG
820 2906 910 2943 1068
936 2910 988 2943 ch.
1008 2911 1032 2942 i.
1054 2921 1084 2943 e.
1107 2910 1140 2945 οἱ
1164 2910 1250 2946 ἀνα-

302 3009 394 3058 [Ἀμ
404 3012 424 3059 β
434 3011 454 3047 λ
465 3013 476 3048 ί
486 3024 586 3048 σκω.
613 3025 643 3046 ν.
671 3012 894 3061 ἀμβλύσκω.]

296 3065 531 3117 Ἀμβλΰνω
557 3073 676 3105 habeto.
728 3071 812 3119 ὀργὴ
846 3072 1006 3120 γέροντος
1037 3074 1124 3108 ὥστε
1158 3074 1250 3120 μαλ-

231 3115 324 3162 θακὴ
342 3117 443 3153 κοπὶς
459 3118 494 3154 ἐν
512 3118 603 3167 χειρὶ
628 3117 748 3166 θήγει,
779 3119 837 3154 σὺν
864 3120 963 3168 τάχει
988 3118 1013 3155 δ’
1042 3120 1252 3167 ἀμβλύνεται

232 3167 273 3197 fr.
294 3167 360 3199 inc.
382 3163 463 3207 761,
491 3177 577 3208 quae
594 3176 706 3209 neque
722 3169 824 3200 bonos
842 3178 999 3201 numeros
1016 3170 1159 3211 habent,
1190 3181 1252 3203 ne-

234 3222 299 3293 qge
333 3223 435 3294 sgrgsu
460 3217 624 3247 constant.
661 3214 777 3246 Malim
793 3206 894 3298 κψπιᾴ
916 3213 1113 3263 τεθηγμένη
1133 3216 1196 3262 μὲν
1215 3215 1250 3251 ἐν

232 3270 253 3292 τ
276 3270 333 3307 χει
389 3273 400 3293 ’.

242 3331 254 3359 ,ι
302 3313 382 3362 Ἀμ
421 3316 578 3352 λύσκω.
606 3312 818 3365 ἀμβλύσκειε
849 3318 1028 3366 ἐξαμβλοῖ.
1055 3320 1183 3369 κυρίως
1212 3320 1251 3356 δὲ

356 3316 476 3401 agon.
503 3365 561 3400 καὶ
578 3363 809 3415 ἐκτιτρώσκει.
834 3364 1086 3416 Σοφ.Ἀνδρομ.
1109 3370 1149 3402 fr.
1167 3367 1245 3403 134.

874 3269 877 3279 s

938 90 1152 158 ιΑμοίρτη
1161 109 1224 154 μα
1254 119 1315 126 -
1340 86 1591 156 Ἀμενηνός

1267 505 1271 551 l

1241 786 1247 792 ·
1269 764 1271 779 ¹
1291 774 1342 804 bis
1368 776 1463 804 extat
1489 773 1529 804 de
1564 774 1634 804 loco
1666 774 1718 803 vec
1742 772 1814 804 sede
1838 772 2004 804 mutanda
2028 767 2137 811 ἔξελθ’
2162 768 2288 852 ἀμείέἴα

164 1243 198 1302 ’-,·
227 1262 353 1294 Phoen.
376 1258 468 1293 1722
485 1261 558 1293 0011.
580 1261 696 1292 valok.
718 1261 758 1292 ad
775 1257 855 1292 851.
893 1259 959 1292 sed
976 1259 1031 1290 oc
1052 1255 1142 1290 1018
1170 1268 1249 1289 sen·
1287 1258 1311 1292 φ

2028 97 2060 144 [1
2083 108 2118 142 p.
2138 95 2288 133 94⁴-st

1288 208 1357 240 Nec
1374 217 1461 249 opus
1478 205 1500 241 ἀ
1531 205 1661 251 βλίσκω
1680 207 1792 239 scribi.
1815 209 1856 238 V.
1880 207 1961 239 Lob.
1974 206 2016 238 ad
2031 205 2157 245 Phryn.
2178 213 2212 246 p.
2224 201 2288 237 210

1288 252 1336 298 [at
1355 256 1396 286 cf.
1419 254 1486 286 EM
1503 219 1568 295 80,
1600 251 1644 286 10
1671 258 1706 286 et
1724 255 1769 286 Μ.
1793 254 1953 285 Schmidt.
1975 254 2015 285 ad
2039 252 2185 292 Hesych.
2205 253 2230 284 i.
2251 262 2283 284 v.

1287 303 1432 334 librariis
1452 302 1585 334 videtur
1603 302 1719 333 deberi
1736 298 1941 345 ἀμβλύσκω.
1971 300 2072 341 Soph.
2094 301 2234 332 fortasse
2251 298 2288 332 de

1287 350 1337 381 dit
1354 346 1538 394 ἀμβλίσκει
1557 350 1608 381 vel
1629 346 1861 393 ἀμβλώσκει]

1351 412 1600 465 ’Ἃμβροτος
1634 416 1744 462 [Curt.
1775 418 1830 449 Et.
1860 415 1949 474 297]
1979 419 2186 450 immortalis.
2239 414 2288 465 ἀμ

1290 465 1389 513 βροτε
1408 462 1515 510 Φάμα
1533 467 1590 499 OR
1612 463 1678 498 158
1695 466 1746 497 ch.
1781 463 1925 510 ἄμβροτ’
1945 462 2069 500 Αθάνα
2089 462 2154 498 159
2172 464 2225 496 ch.
2255 462 2288 509 [d

1289 525 1354 555 quo
1372 515 1539 546 rarissimo
1557 515 1631 545 eius
1645 514 1799 545 attributi
1812 514 1863 544 dis
1876 514 2015 554 inpositi
2033 522 2098 544 usu
2106 523 2137 544 v.
2149 513 2187 544 L.
2204 510 2288 544 Krah

1290 563 1324 593 in
1342 561 1461 592 Philol.
1487 558 1540 601 17,
1562 558 1661 605 216]
1687 558 1870 605 ἀμβρότων
1889 558 2000 594 ἐπέων
2016 557 2207 599 εὐαζόντων
2227 560 2288 591 Ani

1291 605 1382 640 1134
1407 617 1504 639 voces
1530 611 1663 640 sanctae
1680 609 1716 639 in
1735 608 1836 639 sacris
1854 608 1965 640 editae
1981 608 2151 639 dicuntur.
2173 607 2228 640 Sic
2237 605 2288 639 LA

1291 657 1359 688 ΡΑ.
1381 653 1536 701 ἀβρότων
1555 666 1572 687 a
1587 656 1745 687 Turnebo
1763 659 1873 687 ortum
1891 652 2018 698 [recep.
2037 651 2174 699 Dind.}

1356 721 1555 770 Ἀμείβω
1581 723 1636 768 (υ)
1678 723 1788 769 [ourt.
1823 726 1879 758 Et.
1900 721 1980 757 289.
2002 721 2098 768 519J.

2151 724 2288 756 Activur

1502 818 1509 829 1

1289 818 1391 854 τάσδε
1409 826 1590 900 πετρὶηρεις
1607 818 1726 866 στέγας
1742 820 1802 851 Ph.
1828 816 1928 851 1262.
1960 819 2067 853 Schol.
2089 815 2239 852 καταλιπ

1291 868 1412 900 melius
1430 865 1485 901 δια
1499 887 1507 899 ι

2271 830 2288 851 ν

1523 866 1658 900 πάσσων.
1679 871 1838 901 νασιῶτιν
1858 864 1971 900 ἑστίαν
1990 863 2139 912 ἀμείψας
2156 866 2213 898 Tr.
2227 862 2288 899 657

1288 917 1403 947 relicta
1429 916 1550 947 insula.
1596 915 1647 946 De
1674 915 1784 946 medio
1802 915 1860 946 Gr.
1883 915 1989 946 Bekk.
2019 924 2052 956 Ρ.
2076 910 2155 954 183,
2179 910 2221 945 15
2255 911 2288 947 ἐτ

1288 964 1349 996 τοῦ
1395 961 1468 1008 άριν
1487 959 1611 995 εἰδέναι
1628 960 1688 995 καὶ
1707 960 1764 995 ἐπὶ
1779 963 1841 995 τοῦ
1866 960 1973 995 κακὸν
2001 957 2219 996 ἀντιδιδόναι.
2263 964 2288 993 cl

1289 973 1415 1051 pei&
1433 1007 1486 1042 15.
1515 1009 1660 1048 Hesych.
1683 1007 1840 1054 ἀμείβου,
1857 1006 2098 1043 ἀνταποδίδου.
2122 1008 2192 1040 Hoc
2207 1017 2286 1040 sens

1288 1061 1400 1090 exstat
1418 1057 1445 1090 ὦ
1476 1054 1640 1090 παντοίας
1664 1054 1848 1111 φιλότητος
1871 1054 2096 1101 ἀμειβόμεναι
2145 1053 2219 1103 άριν
2252 1055 2288 1087 El

1291 1101 1356 1136 134
1376 1116 1420 1136 m.
1449 1103 1487 1138 τὸ
1505 1102 1652 1151 ’χρύσεον
1672 1102 1708 1137 οὲ
1725 1107 1789 1150 τῆς
1807 1099 1914 1149 Δίκης
1931 1101 2092 1150 δέδορκεν
2133 1114 2228 1147 μμα,
2252 1101 2288 1137 τὸ

1288 1148 1314 1184 δ’
1335 1149 1454 1185 ἄδικον
1485 1145 1662 1196 ἀμείβεται
1690 1152 1742 1183 Αἰ.
1765 1151 1858 1183 Locr.
1898 1152 1937 1183 fr.
1962 1148 2017 1183 11.
2070 1149 2288 1183 Commutand

1284 1199 1345 1231 sibi
1360 1209 1479 1240 parare
1503 1199 1625 1230 deinde
1652 1200 1837 1239 significat:
1868 1196 2028 1244 (εἱλόμην
2054 1195 2095 1232 ἄν
2114 1195 2167 1242 σε)
2194 1192 2288 1242 λῴου

1316 1245 1413 1292 ρένας
1435 1249 1504 1279 τῶν
1529 1247 1588 1279 νῦν
1625 1250 1807 1291 παρουσῶν
1833 1241 1934 1279 τῶνδ’
1962 1243 2176 1291 ἀμείψασθαί
2203 1242 2288 1278 ποθε

1288 1295 1345 1326 Tr.
1366 1291 1446 1326 737.
1486 1295 1538 1326 De
1564 1293 1667 1325 verbis
1685 1294 1820 1325 alternis
1846 1296 1881 1324 et
1908 1294 2144 1334 responsione:
2166 1289 2288 1347 δηχθεὶ

1287 1340 1371 1387 πρὸς
1405 1339 1596 1386 άξήκουσεν
1631 1336 1688 1374 ὧδ’
1715 1338 1890 1386 ἠμείψατο
1923 1340 1984 1372 Ρ1ι.
2011 1337 2090 1373 378.
2136 1339 2183 1374 ὧν
2217 1339 2235 1374 δ
2270 1337 2288 1373 ἂ

1287 1387 1415 1436 ἀμείβῃ
1435 1385 1465 1433 μ’
1489 1386 1588 1421 αὖθις
1606 1386 1706 1432 βαιάν
1723 1399 1781 1432 μοι
1793 1386 1906 1432 πέμπε
1920 1385 2031 1433 λόγων
2047 1386 2165 1434 φάμαν
2175 1385 2246 1420 844
2255 1387 2288 1419 ch

1288 1434 1323 1469 ἓν
1341 1435 1406 1482 γάρ
1426 1433 1456 1481 μ’
1478 1433 1622 1481 ἄμειψαι
1642 1437 1768 1480 μοῦνον
1787 1434 1834 1468 ὧν
1855 1429 1883 1467 σ’
1901 1433 2069 1481 ἀνιστορῶ
2087 1434 2143 1468 ΟΟ
2161 1431 2226 1467 991
2244 1433 2262 1468 ὁ
2281 1431 2288 1466 ί

1287 1480 1495 1530 ὑψικόμπως
1510 1481 1685 1529 ἠμείψατο
1705 1483 1759 1514 Ai.
1781 1479 1862 1514 766.

1352 1549 1507 1598 Ἀμείν
1523 1565 1578 1586 ων
1606 1551 1717 1597 [Ourt.
1739 1554 1795 1585 Et.
1817 1550 1901 1596 294]
1935 1553 2060 1584 metior.
2104 1550 2228 1586 τούτου
2261 1551 2288 1586 τί

1287 1598 1328 1634 ἂν
1347 1599 1428 1647 δρᾶν
1448 1599 1598 1645 ἀμείνων
1626 1598 1752 1647 εὑρέθη
1777 1598 1819 1633 τὰ
1844 1600 1962 1647 καίρια
1987 1600 2041 1632 Ai.
2066 1597 2143 1632 120.
2172 1598 2288 1646 τρέφει

1286 1647 1344 1681 τὸν
1363 1650 1442 1681 νοῦν
1468 1644 1494 1680 τ’
1523 1646 1655 1691 ἀμείνω
1686 1652 1755 1681 τῶν
1782 1652 1914 1694 φρενῶν
1941 1647 1988 1681 ὧν
2013 1648 2072 1680 νῦν
2105 1646 2199 1694 φέρει
2225 1648 2288 1679 Am

1290 1693 1391 1728 1090.
1436 1695 1598 1741 προνοίας
1622 1693 1720 1729 οὐδὲν
1748 1694 1945 1741 ἀνθρώποις
1961 1692 2025 1741 ἔφυ
2043 1693 2165 1741 κέρδος
2181 1692 2288 1739 λαβεῖ-

1286 1740 1426 1787 ἄμεινον
1446 1743 1499 1774 El.
1523 1740 1624 1775 1016.
1645 1741 1786 1788 ἄμεινον
1814 1740 1980 1787 ἐκμαθεῖν
2005 1739 2037 1774 τί
2064 1739 2226 1787 δραστέον
2252 1742 2288 1774 Ol

1290 1787 1391 1822 1443.
1438 1792 1533 1836 σιγᾶν
1555 1788 1695 1834 ἄμεινον
1713 1790 1767 1821 El.
1793 1787 1894 1822 1239.
1921 1808 1962 1813 —
1989 1790 2229 1822 adverbiascit:
2258 1787 2288 1834 ἆ]

1288 1835 1352 1870 οὐκ
1368 1835 1508 1882 ἄμεινον
1526 1834 1549 1882 ἢ
1569 1835 1608 1870 σὺ
1626 1836 1688 1871 τάν
1706 1834 1837 1883 Θήβαις
1855 1841 1988 1884 φρονῶ;
2012 1836 2067 1869 OC
2079 1830 2158 1869 791.
2181 1835 2218 1870 σὲ
2232 1834 2288 1872 δαί

1288 1896 1363 1929 μων
1389 1882 1530 1929 ἄμεινον
1548 1882 1572 1929 ἢ
1591 1879 1646 1929 ’μὲ
1665 1883 1864 1931 φρουρήσας
1881 1883 1983 1932 τύχοι
2007 1883 2066 1916 OR
2085 1880 2186 1916 1479.

1358 1938 1398 1977 ’A
1411 1941 1490 1988 μελ
1503 1941 1557 1977 έω
1583 1944 1725 1984 neylz'yo.
1754 1946 1829 1981 πῶς
1855 1941 1912 1977 ἐπὶ
1928 1944 2003 1981 τοῖς
2021 1940 2203 1989 φθιμένοις
2220 1942 2288 1989 ἀμε

1286 1988 1360 2024 λεῖν
1385 1988 1510 2031 καλόν,
1542 1991 1595 2022 El.
1618 1987 1688 2023 237
1704 2000 1749 2022 m.
1785 1991 1878 2023 Pasa.
1901 1988 2061 2037 ἐκφεύγει
2079 1988 2118 2024 δὲ
2133 1989 2288 2035 τάμελού

1289 2049 1390 2082 μενον
1416 2038 1474 2070 OR
1501 2035 1563 2069 111
1595 2039 1787 2079 oppositum
1811 2037 1863 2084 τῷ
1882 2036 2098 2084 ζητουμένῳ.
2141 2038 2232 2071 Hinc
2249 2048 2288 2072 su

1287 2086 1496 2126 expressisse
1514 2086 1650 2117 videtur
1667 2086 1836 2118 Plutarch.
1858 2086 1898 2117 de
1916 2085 2023 2118 Educ.
2046 2086 2157 2118 Liber.
2178 2095 2212 2127 p.
2233 2083 2257 2118 2
2277 2096 2288 2119 ι

1358 2149 1623 2201 Ἀμέμπτως
1646 2159 1743 2189 recte.
2005 2156 2011 2163 '
2052 2181 2072 2200 =.
2107 2156 2154 2188 At
2171 2159 2224 2188 est
2239 2158 2288 2190 sin

1288 2202 1450 2244 erimina]
1472 2201 1531 2237 καί
1549 2196 1583 2248 μ’
1601 2201 1746 2249 εὐπλοίᾳ
1764 2201 1902 2250 πέμψον
1920 2200 2113 2248 ἀμέμπτως
2131 2203 2192 2235 Ph.
2216 2199 2288 2236 1464

1288 2260 1341 2282 an.
1365 2248 1411 2294 [v.
1434 2251 1536 2290 Seyff.
1557 2251 1598 2282 ad
1614 2251 1648 2282 h.
1670 2248 1711 2296 1.]
1745 2251 1866 2283 Activa
1890 2251 2156 2291 significatione,
2184 2251 2288 2284 Attici

1286 2299 1450 2339 peculiari
1482 2296 1531 2341 (v,
1561 2299 1690 2331 Moerin
1715 2308 1748 2339 p.
1770 2295 1834 2342 89)
1866 2299 1955 2340 apud
1981 2298 2080 2339 soph.
2117 2308 2210 2330 nunc
2241 2308 2288 2331 no]

1287 2346 1419 2378 dicitur.

1357 2398 1586 2451 Ἀμεμφία
1611 2405 1708 2436 Laus?
1731 2397 1856 2438 τοιόνδ’
1881 2401 1964 2448 ἐμὸν
1989 2397 2167 2438 Πλούτων’
2191 2402 2288 2449 ἀμεμ

1288 2448 1367 2498 φίας
1392 2450 1493 2499 χάριν
1518 2452 1631 2483 Inach.
1662 2453 1702 2483 fr.
1723 2448 1803 2483 259.
1840 2451 1962 2483 Active
1987 2452 2116 2483 dictum
2140 2449 2288 2498 ἀμεμφῆ

1287 2499 1401 2538 tetigit
1426 2499 1556 2532 Schaef.
1586 2500 1626 2530 ad
1643 2499 1812 2531 Plutarch.
1842 2495 1866 2530 4
1888 2508 1922 2539 p.
1944 2495 2025 2531 410.
2062 2498 2129 2531 Sed
2145 2498 2288 2539 quomod

1289 2546 1388 2586 Soph.
1419 2547 1564 2587 dixerit,
1595 2556 1661 2578 non
1687 2550 1826 2578 constat.
1873 2545 2033 2578 Ceterum
2056 2543 2236 2592 ἀμέμφεια
2266 2546 2288 2580 a'

1288 2591 1455 2640 ἀμεμφής
1480 2594 1553 2625 fleri
1571 2603 1720 2633 necesse,
1750 2594 1817 2625 nisi
1835 2596 1926 2632 cogat
1943 2602 2073 2633 versus,
2094 2593 2189 2625 velut
2207 2590 2288 2626 εὐσό

1289 2638 1362 2685 βεια
1380 2645 1414 2673 et
1431 2638 1567 2686 εὐσεβία
1583 2641 1644 2673 hac
1662 2642 1728 2673 sola
1746 2641 1946 2673 necessitate
1964 2640 2216 2680 dignoscuntur.

1357 2704 1614 2756 Ἀμενηνός.
1642 2707 1771 2756 ἀσθενῆ
1802 2714 1837 2742 et
1861 2708 1998 2771 ἄψυχον
2023 2710 2169 2750 Hesych.
2199 2711 2288 2743 inter

1287 2761 1456 2799 pretatur:
1494 2760 1541 2790 sic
1565 2758 1629 2790 EM
1655 2768 1688 2799 p.
1711 2755 1775 2798 81,
1803 2755 1848 2789 53
1873 2763 1908 2790 et
1933 2759 2032 2790 Eust.
2060 2768 2095 2799 p.
2117 2754 2204 2798 641,
2224 2754 2288 2790 55(

1289 2803 1392 2850 μένος
1409 2809 1603 2846 repetentes
1621 2802 1751 2849 ἀσθενῆ
1778 2802 1900 2838 λεπτὸν
1928 2804 2074 2850 μάταιον
2092 2807 2287 2853 comparant¹

1288 2853 1347 2893 qui
1364 2863 1383 2884 a
1397 2850 1522 2897 μένειν,
1536 2852 1703 2893 Ῐὶιραοενη,
1715 2852 1914 2892 deprehensa
1923 2853 2107 2894 difficilem,
2122 2853 2288 2892 solivayun

1289 2900 1472 2940 explicant.
1496 2893 1572 2933 ἀλλ’
1590 2897 1759 2945 ἀμενηνὸν
1777 2897 1885 2945 ἄνδρα
1903 2898 1952 2945 μὴ
1971 2897 2125 2932 λεύσσειν
2142 2894 2229 2933 ὅπου
2244 2899 2288 2932 Ai

1287 2942 1367 2978 890.
1404 2946 1512 2979 Schol.
1542 2956 1643 2988 quem
1667 2947 1739 2978 Erf.
1768 2947 1923 2987 sequitur
1946 2943 2117 2992 ἀμενηνόν
2143 2946 2183 2978 ad
2207 2954 2288 2988 prae

1287 3003 1439 3033 gressum
1465 2991 1529 3038 ἐμέ
1554 2995 1675 3034 refert⁷
1704 2990 1811 3039 ἄνδρα
1828 2994 1869 3025 ad
1885 2994 2035 3035 Aiacem,
2055 2993 2144 3035 quod
2160 2990 2288 3027 durisst

1288 3050 1403 3073 mum:
1430 3042 1558 3081 Musgr.
1588 3041 1672 3073 coni.
1703 3038 1870 3086 μεμηνότ’
1896 3038 2014 3086 ἄνδρα,
2034 3041 2122 3082 quod
2147 3044 2182 3072 et
2197 3041 2288 3072 inter·

1287 3088 1392 3129 pretis
1417 3088 1588 3120 videretur
1620 3092 1655 3119 et
1688 3088 1857 3127 frigidum.
1902 3088 2086 3120 Probabilis
2115 3086 2288 3120 Hermann

1287 3136 1468 3175 sententia,
1504 3136 1614 3167 virum
1644 3133 1754 3166 morbo
1788 3134 1993 3166 debilitatum
2017 3135 2094 3166 dici.
2124 3152 2165 3158 —-
2201 3135 2288 3179 Apu«

1288 3183 1471 3214 Homerum
1488 3186 1527 3214 ut
1544 3183 1578 3213 in
1597 3182 1717 3213 lexicis
1734 3184 1816 3213 vett.
1831 3191 1995 3213 consensu
2013 3182 2170 3214 scribitur
2181 3185 2277 3214 acute

1287 3230 1429 3271 eiusque
1446 3227 1623 3266 τονώσεως
1641 3238 1774 3260 causam
1791 3230 1927 3268 attingit
1943 3229 2039 3260 Eust.
2061 3229 2082 3260 1.
2104 3239 2131 3260 c.
2153 3238 2197 3260 ex
2214 3226 2288 3273 ἀμε·

1286 3274 1343 3313 νός
1367 3277 1494 3308 inserta
1517 3276 1642 3315 syllaba
1659 3287 1701 3321 νη
1726 3279 1835 3307 ortum
1861 3276 2058 3308 vocabulum
2084 3275 2288 3308 observando

1287 3323 1383 3362 Quod
1407 3323 1472 3355 etsi
1497 3323 1675 3364 ineptum,
1703 3326 1815 3354 tamen
1833 3326 1867 3354 et
1885 3326 2037 3355 veterum
2054 3323 2233 3355 inventum
2249 3329 2288 3355 es

1286 3373 1322 3402 et
1339 3373 1461 3403 certem
1479 3370 1604 3402 indicat
1621 3370 1660 3402 de
1678 3372 1754 3402 tono
1772 3367 1970 3415 παράδοσιν.
