2288 3600
211 114 251 143 ,v
1000 89 1253 123 PRAEFArio
1279 88 1511 122 Anc'roms.

212 216 258 254 ut
288 225 384 254 eum
416 211 578 262 virum,
623 209 694 263 qui
727 208 780 251 de
811 212 901 250 tota
931 206 1186 261 antiquitate
1218 206 1353 262 perite
1395 202 1685 249 existimanda
1715 201 1877 258 ingenii
1907 202 2131 255 acumine,
2164 202 2279 246 iudi-

213 287 336 330 candi
369 286 580 341 sollertia,
616 285 834 341 praeclare
867 283 1057 339 scriptis,
1102 282 1407 338 discipulorum
1449 280 1721 323 multitudine
1752 279 1814 321 ita
1843 277 2021 333 meruit,
2069 283 2117 322 ut
2152 292 2279 335 pares

211 377 394 420 paucos,
438 362 696 419 superiorem
737 361 894 404 habeat
923 359 1137 402 neminem
1168 385 1225 389 -—
1256 364 1303 401 ut
1333 371 1446 408 eum,
1482 350 1682 411 inqffiam,
1723 369 1803 399 nec
1833 360 2057 411 poetarum
2087 359 2280 400 veterum

212 440 316 483 artis
348 439 595 494 universae,
631 452 710 481 nec
732 438 995 492 singulorum
1017 435 1226 478 dictorum
1254 438 1368 479 recte
1390 438 1709 490 perspectorum
1732 431 1990 475 documenta
2009 430 2087 476 ilra
2107 431 2282 477 dedisse

211 515 390 559 fidenter
420 515 593 571 quidam
625 513 952 571 pronuntiarint.
1018 511 1231 564 Ridicule,
1269 510 1425 566 inquis.
1476 510 1633 553 Verum
1666 513 1745 552 est.
1789 508 1875 551 Sed
1907 508 2010 563 quia
2039 509 2195 565 vulgus
2227 523 2281 554 ea

210 592 393 636 audacia
423 586 562 648 decipi
594 604 688 635 sese
718 590 895 646 patitur,
939 593 981 633 et
1020 588 1184 631 fortiter
1224 592 1372 631 eontra
1409 587 1560 630 inanes
1593 600 1697 629 suae
1728 585 2020 641 praestantiae
2050 585 2280 631 iactatores

209 668 513 725 pugnandum,
558 672 600 711 et
638 667 683 710 id
722 666 938 722 agendum
976 665 1166 718 videtur,
1211 668 1258 707 ut
1297 663 1528 719 diligenter
1558 661 1821 721 ‚exercendis
1861 661 2026 706 artibus
2058 662 2208 706 critica
2238 666 2282 707 et

209 745 511 800 grammatica,
558 744 826 799 antiquitatis
857 742 995 787 omnis
1027 740 1350 798 cognoscendae
1382 740 1596 794 fontibus,
1634 744 1780 782 tantae
1816 739 2027 782 bonarum
2058 737 2280 783 literarum

209 821 412 878 perniciei
443 821 689 865 obsistatur.
725 821 882 863 Verum
914 823 1028 862 artes
1058 819 1162 861 illae
1193 832 1278 861 non
1309 817 1415 861 satis
1447 821 1607 860 certam
1629 817 1744 860 viam
1775 816 2000 870 insistent,
2036 816 2121 861 nisi
2141 820 2282 861 mate-

209 898 294 941 ries
324 902 424 941 ante
456 902 661 953 congesta
690 896 909 939 iudicandi
941 896 1022 948 sit,
1067 909 1145 938 nec
1177 895 1283 938 satis
1313 894 1559 951 proficietur
1596 894 1640 936 in
1672 893 1877 937 universa
1907 893 2098 948 quadam
2128 893 2281 950 lingua

209 974 527 1030 cognoscenda,
574 974 657 1017 nisi
695 974 961 1030 singularum
998 976 1188 1016 aetatum
1221 976 1263 1015 et
1293 971 1621 1028 praecipuorum
1654 971 1908 1027 scriptorum
1941 984 2045 1014 usus
2077 974 2121 1014 01
2155 970 2280 1027 quasi

208 1051 328 1106 leges
360 1051 567 1094 sermonis
598 1055 795 1094 accurate
827 1051 1115 1106 explorentur.
1158 1048 1226 1091 Ad
1257 1048 1369 1091 hanc
1399 1061 1489 1091 rem
1521 1052 1568 1091 ut
1599 1052 1806 1103 quantum
1836 1048 1882 1091 in
1912 1061 1981 1091 me
2013 1051 2079 1092 est
2109 1047 2281 1092 confer-

208 1141 322 1183 rem,
358 1132 458 1170 ante
490 1127 568 1171 hos
591 1131 754 1183 septem
778 1141 912 1170 annos
936 1126 1122 1169 Lexioon
1143 1125 1421 1188 Sophocleum
1442 1139 1698 1181 componere
1720 1138 1956 1180 aggressus
1977 1139 2087 1169 sum.
2122 1117 2288 1182 Erunt,

209 1204 281 1258 qui
323 1204 431 1247 illud
470 1217 612 1247 meum
654 1204 878 1246 consilium
910 1203 1245 1259 reprehendant,
1292 1208 1392 1245 sunt
1423 1202 1560 1252 enim,
1607 1202 1679 1257 qui
1711 1202 1869 1245 exilem
1902 1206 1944 1245 et
1974 1201 2150 1246 inanem
2180 1202 2282 1246 dili—

207 1280 397 1336 gentiam
429 1280 644 1323 affirment
675 1293 793 1333 esse,
838 1293 948 1334 quae
979 1280 1022 1322 in
1054 1279 1188 1322 literis
1220 1283 1263 1322 et
1293 1279 1488 1335 apicibus
1521 1279 1682 1322 additis
1715 1280 1785 1322 vel
1816 1279 2013 1334 omissis,
2059 1279 2259 1324 vocabuli

208 1356 289 1399 hoc
329 1357 457 1400 illove
495 1356 619 1399 modo
666 1356 901 1400 scribendis
933 1361 975 1399 et
1014 1356 1365 1412 pronuntiandis,
1415 1356 1678 1411 exquirendo
1718 1361 1759 1399 et
1797 1355 2097 1413 persequendo
2129 1371 2280 1401 vocum

209 1433 336 1476 etiam
361 1433 554 1483 ,maxime
585 1433 825 1489 vulgarium
858 1439 899 1476 et
930 1433 1274 1488 quotidianarum
1307 1447 1387 1476 usu
1410 1438 1627 1478 versetur:
1667 1438 1792 1476 erunt
1813 1433 1913 1486 alii,
1950 1434 2022 1489 qui
2045 1433 2282 1490 quaerendi

208 1523 381 1552 causam
412 1523 508 1553 esse
539 1514 718 1565 negent,
755 1510 921 1565 quoties
953 1514 996 1553 et
1026 1509 1238 1564 quomodo
1271 1505 1317 1552 ἄν
1351 1514 1394 1553 01
1427 1505 1507 1568 ἄρα
1540 1515 1582 1554 01
1605 1510 1648 1552 δέ
1681 1515 1724 1553 01
1755 1511 1825 1553 καί
1846 1515 1890 1554 01
1920 1527 1963 1554 τε
1995 1511 2111 1568 apud
2142 1511 2279 1568 tragi-

207 1599 302 1628 cum
334 1585 449 1628 dicta
480 1587 698 1642 legantur:
736 1586 842 1628 illud
873 1587 986 1630 enim
1017 1587 1111 1642 agi,
1149 1592 1195 1629 ut
1227 1586 1339 1629 scias
1372 1586 1585 1641 quomodo
1619 1587 1840 1645 scriptoris
1872 1601 1977 1632 usus
2008 1602 2037 1631 a
2067 1588 2278 1632 commun‘

206 1662 393 1704 omnium
425 1663 729 1706 consuetudine
770 1662 1006 1720 discrepet,
1051 1668 1194 1706 cetera
1234 1664 1462 1709 universae
1506 1664 1680 1719 linguae
1714 1665 1864 1708 lexicis
1897 1669 1971 1708 aut
2001 1665 2238 1722 interprctu

204 1739 465 1782 reservanda
503 1752 598 1782 esse
630 1741 957 1784 commentariis.
1023 1741 1079 1783 At
1118 1754 1219 1784 vero
1259 1740 1431 1796 quando
1473 1745 1644 1798 tempus
1686 1742 1831 1785 veniet
1862 1742 2011 1786 talium
2046 1742 2277 1786 lexicorum

206 1814 543 1869 condendorum,
587 1815 670 1859 nisi
699 1816 817 1873 prius
858 1816 1038 1872 singulis
1071 1817 1347 1874 scriptoribus
1379 1832 1433 1862 ea
1463 1818 1722 1862 adhibeatur
1759 1825 1918 1875 opera?
1962 1819 2130 1864 Deinde
2171 1833 2275 1876 quo—

206 1891 332 1934 modo
362 1891 664 1947 iudicabimus,
709 1892 863 1955 quibus
894 1894 1020 1937 rebus
1053 1894 1270 1951 scriptoris
1303 1895 1527 1939 cuiusdam
1560 1901 1635 1939 aut
1654 1896 1831 1939 -aetatis
1865 1909 2005 1940 sermo
2037 1911 2065 1940 a
2094 1911 2274 1943 consue-

205 1967 352 2011 tudine
381 1969 660 2012 communiter
688 1974 860 2026 recepta
889 1970 1124 2027 discrepet,
1161 1971 1244 2015 nisi
1276 1972 1550 2028 sciverimus,
1587 1973 1761 2017 omnino
1793 1973 1896 2029 quid
1917 1973 2078 2018 dictum
2109 1974 2174 2018 illi
2206 1974 2274 2029 sit,

207 2044 308 2107 quid
339 2045 635 2101 repudiatum?
666 2045 888 2098 Quomodo
919 2047 999 2090 1100
1029 2061 1150 2103 esse,
1186 2049 1295 2092 illud
1325 2063 1411 2093 non
1442 2063 1540 2094 esse
1570 2051 1812 2107 epicorum,
1850 2051 2091 2106 atticorum,
2129 2065 2273 2096 recen-

201 2121 358 2164 tiorum
389 2121 718 2176 affirmabimus,
753 2123 835 2167 nisi
858 2124 960 2179 quid
979 2125 1034 2168 ab
1057 2125 1120 2168 eis
1151 2139 1231 2169 usu
1253 2128 1576 2183 comprobatum
1599 2127 1675 2181 sit,
1713 2127 2021 2172 didicerimus?
2050 2128 2270 2174 Enimvem

209 2211 345 2253 neque
376 2198 672 2254 copiosissima
703 2200 883 2243 lectione
914 2215 1050 2257 neque
1083 2216 1249 2246 summo
1272 2204 1444 2260 ingenio
1465 2204 1546 2248 hoc
1568 2205 1675 2248 satis
1697 2210 1899 2250 accurate
1930 2205 2131 2262 cognosci
2154 2218 2257 2263 poss

208 2287 467 2318 summorum
498 2275 683 2319 virorum
715 2277 1016 2331 Valckenarii,
1052 2280 1253 2333 Porsoni,
1289 2282 1470 2324 aliorum
1503 2295 1669 2325 errores
1706 2283 1932 2340 perspicue
1965 2282 2264 2328 demonstrant

210 2350 435 2395 Praeterea
464 2352 670 2396 lubricum
704 2358 769 2397 est
800 2358 841 2397 et
871 2354 998 2398 facile
1030 2356 1317 2412 periculosum
1339 2358 1447 2402 illud
1470 2359 1709 2403 selectioris
1741 2360 1864 2416 quasi
1898 2360 2069 2417 penoris
2101 2359 2270 2416 conqui-

209 2427 327 2470 rendi
358 2428 589 2483 negotium.
626 2430 736 2473 Nam
770 2430 1009 2487 colligendo
1041 2432 1236 2489 demum,
1284 2435 1493 2491 quidquid
1525 2442 1590 2480 est
1624 2438 1951 2494 vocabulorum,
1989 2437 2269 2495 disponendo·

209 2516 292 2557 que
323 2508 364 2546 et
393 2504 620 2549 iudicando
651 2520 704 2549 ex
736 2508 1042 2552 sententiarum
1073 2510 1238 2554 ratione
1269 2512 1325 2555 ad
1365 2513 1671 2568 elegantiorem
1715 2515 1926 2559 sermonis
1965 2528 2088 2560 usum
2121 2514 2268 2560 intelli·

210 2579 394 2633 gendum
426 2586 468 2624 et
498 2596 591 2625 cum
634 2585 936 2628 vocabulorum
967 2590 1057 2629 tum
1090 2586 1297 2631 dictorum
1332 2603 1506 2633 sensum
1550 2596 1662 2634 10010
1695 2592 2039 2649 perspiciendum
2073 2591 2267 2649 copiosio·

210 2655 420 2700 redundat
450 2658 625 2703 fructus.
691 2661 740 2704 Id
771 2661 900 2717 igitur
931 2662 1020 2718 egi,
1057 2663 1165 2706 nihil
1196 2669 1243 2707 ut
1274 2666 1586 2721 relinquerem,
1631 2682 1735 2722 nec,
1781 2669 1865 2713 nisi
1897 2669 2005 2714 forte
2037 2684 2107 2715 me
2137 2669 2255 2727 aliqu

211 2731 429 2789 fugerunt,
480 2737 816 2791 praetermisisse
854 2751 923 2782 me
963 2744 1066 2795 puto
1106 2740 1364 2796 quidquam3
1410 2743 1446 2786 si
1484 2758 1568 2787 non
1610 2746 1754 2789 onmia
1794 2747 1995 2805 exempla
2025 2745 2256 2805 apponenti

210 2807 475 2864 viderentur7
512 2812 624 2866 quod
656 2818 824 2869 praeter
853 2814 1081 2859 articulum
1111 2819 1448 2874 praepositivum
1481 2821 1525 2863 in
1558 2836 1687 2866 unam
1719 2829 1794 2867 aut
1815 2824 1925 2868 duas
1948 2825 2126 2869 voculas
2149 2823 2249 2869 cadi

210 2883 410 2929 indicavi.
473 2887 604 2932 Erant
636 2903 739 2934 sane
769 2891 962 2947 inprimis
995 2893 1216 2937 nominum
1258 2897 1527 2951 quorundam
1560 2900 1827 2956 propriorum
1859 2902 2084 2959 exempla,
2129 2901 2232 2958 quib

212 2974 296 3003 non
328 2963 522 3007 omnibus
554 2979 659 3021 opus
690 2972 782 3010 erat
812 2969 1043 3024 appositis,
1091 2970 1240 3014 addidi
1272 2976 1417 3017 tamen
1449 2974 1579 3018 etiam
1611 2977 1744 3031 haec,
1790 2978 1906 3033 quod
1938 2979 1982 3022 in
2013 2959 2210 3037 pauculis

211 3037 319 3080 raris
359 3053 386 3081 a
423 3047 647 3098 praecepto
687 3043 886 3088 universe
926 3046 1083 3102 scripto
1124 3047 1308 3093 deficere
1353 3051 1561 3096 absonum
1607 3054 1847 3099 videbatur.
1913 3055 2000 3100 Sed
2041 3061 2084 3100 et
2114 3055 2260 3113 quotie

211 3113 396 3169 quidque
417 3121 459 3159 01
481 3119 689 3171 quomodo
712 3134 950 3164 connexum
977 3137 1073 3166 011111
1095 3124 1194 3168 aliis
1215 3127 1358 3171 verbis
1390 3128 1573 3185 legatur,
1612 3133 1751 3187 retuli,
1790 3133 2130 3188 significationes
2153 3147 2254 3190 qual

212 3190 329 3245 potui
360 3192 562 3247 religiosa
592 3195 815 3252 diligentia
847 3198 1031 3254 digessi,
1079 3202 1386 3257 particularum
1418 3211 1585 3259 autem,
1620 3208 1663 3251 in
1697 3210 1854 3264 quibus
1889 3211 2041 3254 mirum
2075 3215 2255 3266 quantm

212 3267 350 3309 manci
382 3267 543 3313 indices
576 3277 688 3325 sunt,
723 3273 792 3329 qui
825 3287 937 3318 nunc
969 3282 1161 3333 exstant,
1198 3279 1549 3326 illustrandarum
1583 3286 1859 3343 praecipuam
1893 3288 2101 3333 rationem
2134 3287 2248 3332 habu

211 3342 369 3385 Addidi
402 3345 528 3387 etiam
561 3352 601 3389 et
633 3351 838 3394 vocabula
865 3353 1027 3408 aliquot
1059 3360 1101 3397 et
1131 3355 1322 3412 integras
1345 3359 1570 3416 sophoclis
1604 3365 1842 3408 sententias
1866 3365 2090 3421 quasdam,
2128 3365 2256 3422 prior·
