2288 3600
47 128 132 219 sp.
145 158 364 207 ’τω-7484

43 268 163 304 ,emili
178 267 220 300 de
236 269 370 310 imperio
382 268 518 310 ferendo
535 269 711 301 tralatione
725 263 796 302 οὐδ’
813 266 879 302 ὑπὸ
898 267 992 314 ζυγῷ
1006 266 1069 302 λό-

84 327 116 348 ν
142 313 284 350 δικαίως
307 314 404 362 εἶχον
430 316 511 348 Ant.
532 312 614 348 291.
651 316 804 348 Illustrat
821 316 883 348 hoc
899 316 1063 348 Valcken.

42 375 60 393 ‚z
77 378 82 391 ·
109 362 234 396 Phoen.
255 360 311 395 74.
351 363 450 395 Eust.
478 366 530 394 ter
554 364 697 395 afferens
715 372 788 396 eam
807 363 1011 396 sententiam
1030 373 1064 404 p.

34 405 68 439 Γὲ.
121 434 129 450 ,
159 407 216 442 32.
247 406 355 451 1536,
383 407 440 443 48.
473 406 574 450 1653,
595 407 616 441 5
642 411 801 442 memoria
832 413 883 442 ter
908 410 1069 451 deceptus

36 464 50 494 μ’·
70 459 159 491 ῶτον
182 454 338 502 εὐλόφως
366 467 426 499 pro
449 454 557 502 λόφον
584 454 724 494 δικαίως
749 457 920 489 exhibeat.
959 461 1068 491 νῶτον

35 515 49 545 g.
90 501 208 550 λόφως
232 502 346 550 φέρειν
371 504 473 536 schol.
502 504 557 536 Αἰ.
575 501 618 536 61
637 505 711 536 sine
729 507 863 536 auctore
881 505 995 544 affert,
1025 513 1066 536 ex

57 553 158 589 yxico
174 552 312 593 quippe,
346 561 412 583 non
429 551 570 591 legendo
586 551 671 583 illud
687 551 862 583 didicerat.
898 552 1068 583 Accentus

38 592 305 636 ³'q1riecticorum
331 601 384 630 est
408 602 442 630 et
467 599 508 630 ab
526 598 666 630 Arcadio
685 601 818 630 notatur
842 608 877 639 p.
901 595 979 638 122,
1003 594 1064 630 19:

54 660 62 692 Δ·
86 647 198 678 ficitur
214 647 316 678 etiam
333 646 554 686 originatione
580 645 646 677 EM
662 655 695 687 p.
717 642 798 686 411,
820 643 876 678 54.

32 715 43 749 ζ
121 701 325 751 Ζυγωτός
350 705 479 745 biiaqis.
517 702 678 750 ζυγωτῶν
703 696 868 750 ἁρμάτων
890 701 1070 737 ἐπιστάται

32 752 105 793 JEl.
127 749 205 784 702,
812 749 845 794 (Ι
862 761 896 792 p.
913 747 994 792 746,
1016 748 1070 794 5.)

121 807 223 856 Ζωή
251 814 286 843 et
315 809 378 856 ζοή
403 812 483 842 vita.
512 808 573 843 τὰν
601 803 630 843 δ’
656 805 840 855 ἀνθρώπου
868 808 959 849 ζωοίν
989 809 1065 842 Ter.

35 869 43 899 ;
65 868 92 891 r.
113 850 195 898 519,
226 855 241 890 1
270 858 372 890 Dind.
393 855 457 903 γὰρ
483 861 517 889 et
544 855 645 897 ζοάν,
666 858 730 889 etsi
762 857 803 888 ad
821 862 966 889 metrum
984 857 1069 888 nihil

26 907 53 938 ast·
72 908 204 938 terest.
226 904 292 938 Sed
303 906 494 948 postulatur
506 905 642 936 tenuior
660 905 764 935 forma
781 905 815 935 in
830 906 960 936 senario
975 904 1064 943 Scyr.

34 956 54 978 λ’
74 977 92 997 ³.
113 949 199 984 500:
222 950 320 986 οὐδὲν
338 950 402 999 γὰρ
416 949 521 998 ἄλγος
538 949 611 986 οἷον
629 949 652 996 ἡ
671 948 786 997 πολλὴ
806 949 868 997 ζοή
884 953 906 983 i.
922 962 951 983 e.
973 952 1069 991 lonq-

92 1015 93 1018 ¹
111 1010 131 1031 a
147 1001 227 1032 vita.
255 1000 294 1031 In
313 999 404 1031 hunc
421 1000 531 1031 locum
556 998 707 1031 vocabuli
736 999 943 1030 mentionem
960 999 1070 1030 distu-

34 1056 160 1087 111115,
182 1047 270 1088 quod
284 1044 358 1092 ζωή
375 1047 498 1079 Atticis
515 1046 732 1088 scriptoribus
750 1047 890 1086 tritum,
931 1044 993 1091 ζοή
1012 1045 1067 1077 in-

52 1098 138 1128 ·rta
156 1094 222 1126 fide
236 1094 380 1126 videtur.
410 1094 499 1126 Illud
517 1094 624 1125 solum
641 1094 759 1134 probat
775 1093 840 1124 EM
866 1103 900 1134 p.
925 1089 979 1133 19,
1003 1090 1065 1134 103

28 1148 49 1170 ν
101 1144 282 1182 utrumque
300 1151 334 1182 p.
351 1137 432 1181 413,
449 1138 506 1172 44.
545 1141 679 1182 Quippe
703 1140 875 1180 analogiae
901 1138 963 1184 ζοή
990 1149 1068 1172 con-

32 1199 51 1225 ,·.;
72 1189 265 1220 enientius:
293 1198 325 1219 v.
346 1189 442 1220 Eust.
464 1198 497 1229 p.
512 1185 593 1228 411,
613 1185 642 1228 1,
664 1187 723 1219 sed
740 1187 829 1219 idem
847 1188 982 1228 regulae
999 1188 1067 1218 vim

45 1235 294 1267 mansetudine
321 1237 443 1267 victam
473 1236 638 1267 observat.
687 1235 905 1267 Recentiores
938 1235 1068 1274 longius

28 1291 141 1317 usso
163 1283 329 1325 progressi
354 1282 534 1323 videntur,
562 1282 621 1323 qui
645 1282 788 1314 scenicis
814 1279 887 1326 ζωή
913 1285 1068 1323 ereptum

64 1597 71 1613 ‘
112 1582 167 1622 Ἢ
191 1588 385 1620 adverbium
403 1588 648 1620 confirmandae
662 1588 852 1619 sententiae
869 1590 904 1618 et
922 1587 1065 1619 interro-

52 1643 71 1661 ¹.
114 1636 155 1668 do
172 1645 247 1667 cum
267 1636 378 1676 aliqua
396 1635 499 1667 animi
516 1635 735 1676 persuasione
753 1635 947 1665 constituta.
978 1634 1066 1665 Illud

30 1710 36 1715 .
56 1680 332 1728 ςάβεβαιωτικόν
358 1683 530 1714 veteribus
547 1682 674 1713 dictum
691 1707 698 1721 ,
729 1692 759 1712 v.
781 1681 883 1713 schol.
905 1682 943 1712 ad
964 1682 1063 1713 Dion.

49 1734 128 1773 „syn
157 1739 191 1771 p.
212 1726 300 1770 9633
338 1733 372 1761 et
395 1739 470 1761 cum
496 1730 627 1760 miratio
650 1729 779 1760 inesset
811 1725 1067 1775 σχετλιαστικόν

31 1783 79 1821 i,
97 1774 344 1821 θαυμαστικόν,
363 1777 460 1808 Eust.
482 1786 516 1818 p.
540 1772 620 1816 174,
641 1772 682 1807 3:
711 1775 773 1807 hoc
791 1773 1063 1821 ἐρωτηματικὸν,

43 1849 59 1872 ..³
102 1824 202 1856 Eust.
222 1833 255 1864 p.
276 1820 376 1863 1678,
399 1820 444 1855 29
463 1827 498 1855 et
513 1820 775 1870 ἀπορηματικόν
793 1833 824 1854 v.
846 1823 912 1855 EM
929 1832 964 1864 p.
984 1820 1067 1862 414,

31 1881 59 1915 ’.χ
76 1868 107 1904 1.
137 1871 286 1912 Utroque
311 1871 407 1902 modo
436 1871 563 1902 dictum
594 1871 744 1912 antiquis
778 1870 867 1902 haud
885 1870 987 1902 dubie
1015 1871 1070 1901 in-

32 1913 89 1961 5'2'3-
114 1918 263 1950 tebatur:
308 1928 342 1949 ν.
370 1918 524 1959 Apollou.
553 1918 595 1950 de
626 1919 711 1950 coni.
741 1926 774 1958 p.
796 1914 885 1957 523,
915 1914 939 1949 8
963 1917 1065 1948 schol.

85 1990 93 1998 .
115 1977 136 1998 α
153 1962 208 1997 77.
232 1975 250 2010 ρ
270 1961 348 1996 143.
367 1975 388 1997 τ
405 1961 461 1996 56.
483 1966 528 1996 Io.
551 1965 651 1997 Alex.
672 1975 705 2006 p.
719 1960 777 2004 42,
795 1962 829 1997 8.
858 1964 947 2003 Quin
965 1965 1070 1996 Hero·

48 2044 56 2058 ³
71 2021 170 2044 nus
193 2012 323 2043 inflecti
353 2012 460 2044 voluit
485 2015 519 2044 et
552 2016 667 2044 contra
690 2012 867 2053 paradosin
892 2015 927 2043 et
959 2014 1071 2043 contra

75 2074 88 2086 v
122 2069 153 2091 m
177 2063 347 2099 nostrum,
377 2069 453 2091 cum
475 2060 510 2090 in
536 2060 682 2092 secundo
707 2060 855 2091 membro
885 2059 1070 2098 interroga-

32 2106 154 2145 fs'ms·
179 2106 362 2138 indirectae
387 2109 588 2147 poneretur,
615 2107 704 2148 quod
729 2103 984 2151 διαπορητικῶς
1009 2103 1071 2138 λέ-

46 2156 51 2157 ’
81 2163 122 2187 ιν
147 2153 320 2193 dicebant3
358 2153 444 2185 illud
468 2154 558 2186 enim
582 2154 696 2195 ipsum
722 2151 993 2198 έρωτηματικῶς
1018 2153 1070 2184 di-

69 2210 144 2232 -sm
170 2210 264 2232 esse:
300 2210 333 2231 v,
363 2201 464 2232 schol.
492 2201 533 2232 ΙΙ.
561 2212 584 2234 κ
610 2197 690 2233 425.
712 2198 791 2233 505.
821 2196 943 2232 π436.
972 2210 992 2232 υ
1013 2196 1067 2231 17.

70 2244 174 2279 244.
210 2248 356 2278 Rursum
380 2247 470 2279 idem
494 2245 518 2292 ἦ
545 2246 614 2293 μήν
641 2258 717 2280 cum
751 2245 887 2292 ὁρκικὸν
920 2245 1066 2292 ἐπίρρη-

67 2289 93 2322 '.
129 2295 184 2333 sit,
214 2303 279 2326 non
307 2292 604 2338 διαβεβαιωτικόν,
634 2304 700 2327 non
725 2294 970 2327 inflectendum
996 2303 1071 2325 esse

68 2345 257 2381 creverat,
287 2342 346 2373 sed
362 2342 569 2373 acuendum:
598 2342 700 2374 schol.
722 2343 761 2374 ΙΙ.
783 2354 805 2375 α
822 2338 878 2373 77.
900 2342 946 2373 lo.
967 2341 1068 2372 Alex.

33 2386 55 2431 ‘jz
80 2412 90 2421 .
107 2385 164 2428 41,
189 2385 240 2428 13,
271 2397 357 2429 quae
382 2398 442 2420 nos
468 2392 558 2421 certe
583 2390 751 2421 artissima
776 2389 884 2421 teneri
906 2389 1072 2420 affinitate

38 2435 238 2475 dimus,
271 2445 333 2467 nec
360 2436 494 2467 videtur
526 2437 585 2467 illa
617 2437 771 2477 quamvis
804 2436 892 2468 docti
925 2435 1071 2467 hominis

86 2482 222 2522 ,utentia
251 2483 445 2524 pervicisse.
469 2501 574 2515 -.--
601 2483 616 2525 11
642 2481 666 2527 ἦ
697 2481 916 2524 confirmandi
933 2492 960 2514 s.
982 2491 1071 2514 asse-

79 2571 81 2573 ι
112 2528 191 2562 andi
217 2529 251 2560 vi
275 2530 419 2561 dictum.
448 2527 472 2574 ἦ
500 2527 628 2569 δεινόν,
661 2523 690 2574 ᾧ
714 2527 802 2576 δοκῇ
826 2540 876 2576 γε,
902 2527 962 2562 καὶ
986 2527 1072 2575 ψευ-

122 2573 975 2668 {zema³3³..1i2ss35214b23223220232
1005 2573 1071 2656 εε-

130 2671 184 2702 Ai.
208 2634 309 2704 1²36&
337 2668 360 2714 ἦ
388 2645 501 2704 Ιπολλοὶ
527 2669 546 2715 β
570 2636 662 2708 δ”-τοῖς
687 2668 775 2704 ἔστιν
803 2634 928 2704 {glogow
944 2635 1071 2716 {iiam

26 2713 51 2760 ’,Υ-
104 2714 148 2750 18
163 2727 218 2750 an.
245 2715 268 2762 ἠ
296 2711 323 2749 α’
349 2717 417 2763 ἐγὼ
433 2717 493 2751 καὶ
509 2715 590 2763 rap?
608 2716 728 2762 ἔπη
741 2711 839 2751 πόλλ’
857 2716 943 2764 ἄγαν
961 2715 1072 2763 λέγειν

34 2759 149 2801 ’ῖῗῇιεῖ
173 2763 228 2797 ΕΙ.
250 2761 329 2797 622.
359 2763 382 2810 ἦ
418 2763 526 2798 δεινὸν
560 2762 597 2798 εὖ
630 2762 797 2810 λέγουσαν
831 2762 1071 2810 ἐξαμαρτάνειν

40 2800 69 2852 2⁴7³
80 2846 87 2850 ἱ
101 2807 158 2843 39.
177 2808 200 2856 ἦ
219 2809 332 2845 πολλὰ
347 2809 480 2858 χαίρειν
499 2806 534 2856 μ’
550 2809 648 2845 εἶπας
666 2809 768 2844 1456.
788 2809 811 2856 ἧ
829 2814 892 2858 τῆς
918 2809 1027 2857 ἀνάγκ
1055 2823 1071 2849 ς

34 2827 153 2892 ὲΐιὲν
186 2855 450 2905 ἐμβριθέστερον
483 2860 526 2891 fr.
555 2860 622 2891 inc.
643 2856 732 2899 696,
761 2856 794 2891 3.
839 2823 1066 2898 Ιπ1πο.856,

35 2905 144 2953 “swod
160 2907 258 2946 vulgo
275 2907 431 2938 scribitur
454 2903 477 2950 ἦ
507 2903 655 2952 σφηκιὰν
682 2903 852 2951 βλίζουσιν
869 2903 918 2948 (v,
948 2904 1071 2950 βλίζω)

40 2987 53 2995 ³³
67 2990 76 2993 -
96 2949 209 2998 ρόντες
232 2950 308 2986 τινά
331 2954 444 2984 minus
462 2956 579 2994 aptum
595 2956 690 2994 puto,
711 2963 787 2985 cum
804 2953 844 2984 de
862 2954 964 2985 variis
982 2955 1067 2986 otio-

36 2998 95 3043 {³³51
118 3008 166 3030 rm
181 3009 363 3041 puerorum
387 3001 643 3032 oblectamentis
669 3000 734 3032 dici
752 3000 916 3032 videatur.
939 3019 980 3025 —-
1000 3001 1068 3033 Eo-

39 3038 56 3083 (ζ
80 3046 81 3049 ’
99 3059 123 3072 ,..
137 3046 356 3078 asseverandi
374 3056 476 3079 sensu
490 3048 591 3078 etiam
604 3057 680 3079 cum
696 3047 772 3079 aliis
788 3048 962 3088 particulis
979 3057 1068 3079 com-

41 3074 199 3127 lsitur.
233 3091 257 3138 ἦ
339 3091 430 3139 ἄρα.
466 3091 490 3137 ἦ
519 3091 625 3127 δεινὸν
649 3090 671 3126 ἄ
694 3090 702 3103 '
739 3091 797 3133 ’ν,
825 3090 916 3138 ἡνίκ’
946 3092 988 3128 ἄν
1018 3105 1069 3131 τις

40 3131 52 3154 ⁴5
202 3138 249 3173 ὢν
274 3137 368 3184 αύτῷ
396 3138 533 3188 συνειδῇ
555 3142 622 3173 inc.
644 3104 778 3180 670‚71.
803 3157 842 3164 —
870 3138 893 3184 ἧ
924 3139 1015 3186 γάρ.
1043 3139 1066 3186 ἦ

40 3203 49 3226 ¹..
88 3215 101 3230 ᾗ,
140 3183 215 3232 εἴην
241 3184 305 3220 οὐκ
329 3184 369 3220 ἂν
396 3185 433 3220 εὖ
507 3191 594 3220 ονῶν
619 3187 674 3219 Ai.
699 3184 799 3219 1330.
824 3204 865 3210 -
884 3185 907 3231 ἠ
933 3186 1016 3221 καί.
1045 3186 1068 3232 ἦ

38 3230 45 3252 ⁶
85 3235 111 3273 {³
135 3230 153 3266 ἐ
175 3234 203 3267 ὼ
220 3230 266 3267 θα
289 3236 396 3267 σοῦσα
419 3197 489 3279 μέλ
514 3245 550 3267 ον
576 3232 624 3271 εἰς
648 3231 771 3280 λόγους
786 3231 866 3266 τοὺς
883 3232 962 3271 σοὺς
981 3232 1069 3267 1κοὶ-

93 3311 97 3319 ,
132 3288 135 3291 ’
174 3277 252 3312 1.31
283 3305 289 3312 .
311 3275 383 3335 ἧδ’
401 3278 442 3314 ἂν
460 3281 519 3313 LA
540 3291 591 3322 pr.
619 3281 679 3312 sed
695 3291 738 3312 m.
757 3284 826 3312 ant.
849 3284 1014 3313 mutatum
1032 3282 1067 3312 in

47 3335 49 3340 ¹
121 3350 131 3359 .
149 3323 332 3373 ΠοικΓῆδ
359 3325 412 3367 ἄν,
429 3328 518 3360 unde
531 3329 608 3369 quis
626 3328 750 3359 firmari
760 3329 929 3368 putaverit
941 3328 1070 3360 Monkii

43 3376 46 3379 '
90 3371 300 3406 Doederlini
315 3376 402 3407 coni.
428 3373 451 3419 ἠ
477 3372 549 3409 τᾶν.
587 3375 651 3407 Sed
669 3375 798 3406 fallitur
814 3375 871 3406 ille
887 3372 952 3408 κᾶν
978 3379 1068 3407 recte

42 3424 49 3464 J¹
202 3429 339 3462 negans.
369 3421 405 3454 Si
428 3422 591 3463 scriptum
608 3426 698 3453 esset
721 3418 745 3466 ἦ
763 3418 823 3454 τᾶν
840 3419 974 3466 (ὴτᾶν),
994 3426 1069 3462 post

912 150 1123 217 Ζυγωτός
1146 179 1215 186 --
1225 147 1248 165 Ὗ
1257 150 1297 199 Η

2033 146 2133 195 299

1104 269 1217 309 ibant,
1248 268 1344 300 velut
1368 268 1488 299 Elmsl.
1510 266 1553 298 ad
1571 265 1653 297 Eur.
1675 266 1763 298 Med.
1785 261 1864 297 946.
1903 265 2056 297 sobrium
2076 264 2132 295 iu—

1105 316 1230 348 dicium
1256 315 1395 348 Porsoni
1420 318 1510 354 erat,
1542 313 1600 354 qui
1626 313 1783 345 indicatis
1808 313 1936 353 aliquot
1961 314 2134 352 correptae

1105 363 1225 404 prioris
1243 363 1388 402 syllabae
1405 361 1575 402 exemplis
1602 358 1676 406 ζωή
1703 360 1750 391 sic
1779 360 1992 400 pronuntiari
2019 368 2130 400 posse,

1106 410 1193 451 quod
1216 409 1386 442 Brunckio
1419 409 1533 440 visum
1559 411 1648 446 erat,
1687 407 1823 446 negavit
1846 406 1884 438 ad
1911 406 1994 438 nec..
2027 402 2131 439 1090.

1106 457 1296 496 Scyriarum
1320 466 1456 488 versum
1482 455 1598 487 nescio
1617 463 1676 486 cur
1701 454 1822 486 incerti
1847 454 1993 485 nominis
2010 454 2133 494 tragico

1105 505 1237 536 tribuit.
1265 505 1306 535 In
1324 504 1406 535 Eur.
1426 504 1529 543 Hipp.
1552 498 1625 533 818
1642 498 1755 543 (811).
1785 501 1898 532 Monk.
1920 500 2037 541 quide
2056 510 2132 532 ver-

1106 552 1199 583 sibus
1217 551 1417 583 dochmiacis
1435 548 1657 582 dimetiendis
1675 547 1761 580 nihil
1778 548 1897 587 sciret,
1928 546 2008 587 ζοάν
2026 548 2134 580 edidit

1106 602 1220 630 contra
1237 599 1397 630 librorum
1413 597 1513 629 fldem
1527 609 1535 637 ς
1557 595 1621 628 sed
1638 599 1742 627 metro
1757 598 1940 636 utrumque
1958 596 2129 634 convenit,

1106 646 1192 677 sicut
1211 645 1328 677 Troad.
1341 641 1422 685 258,
1445 645 1503 676 ubi
1520 644 1562 675 cf.
1578 642 1723 676 Seidler.
1746 642 1791 673 lT
1807 639 1884 674 150.
1904 639 1984 674 827.
2000 642 2130 674 Phoen.

1108 689 1209 724 1531.
1244 693 1297 724 El.
1330 688 1406 723 121.
1446 692 1582 723 Praeter
1608 698 1718 720 annum
1746 690 1851 728 igitur
1878 689 1979 730 Soph.
2008 690 2129 727 locum,

1104 740 1246 772 alterum
1272 739 1445 779 Euripidis
1463 738 1608 782 (Hecub.
1635 732 1744 779 ,1090)
1779 734 1852 782 ζωή
1880 740 1914 768 et
1937 748 1955 768 a
1980 737 2074 768 libris
2098 740 2133 767 et

1104 797 1123 818 a
1149 796 1247 818 versu
1276 787 1357 818 satis
1384 786 1485 818 habet
1513 783 1699 826 praesid[i;
1735 793 1775 814 ex
1804 784 1934 815 duobus
1967 784 2034 815 illis
2069 781 2132 828 ζοή

1104 834 1205 865 evelli
1231 843 1297 865 non
1324 836 1447 875 potest.
1487 833 1610 864 Contra
1635 832 1721 864 Eur.
1744 830 1844 862 Here.
1872 832 1938 863 fur.
1969 827 2038 862 652
2057 828 2130 876 ζωή

1105 890 1203 913 versu
1222 881 1333 912 indice
1356 881 1558 922 postulatur.

1175 936 1311 984 Ζῶμα
1328 949 1421 971 zona.
1447 937 1504 977 δὸς
1529 937 1588 972 καὶ
1608 938 1708 983 ζῶμα
1723 934 1857 980 τούμόν
1877 937 1932 969 El.
1954 933 2036 968 452.
2058 936 2132 968 Me-

1105 991 1210 1019 morat
1222 987 1320 1018 Eust.
1342 997 1376 1028 p.
1394 983 1494 1027 1835,
1509 983 1554 1018 52
1571 991 1604 1018 et
1623 986 1767 1019 Thomas
1783 994 1816 1015 v,
1838 981 1950 1028 ζῶμα,
1971 985 2133 1016 abiiciens

1105 1032 1191 1113 {1:635
1201 1045 1255 1126 ⁹⁴33
1278 1031 1336 1078 [de
1362 1044 1426 1075 qua
1455 1034 1622 1074 scriptura
1646 1044 1679 1066 v,
1704 1034 1782 1066 Lob.
1812 1031 1854 1063 ad
1873 1032 1930 1063 Ai.
1952 1041 1974 1072 p
2008 1027 2078 1062 262
2096 1041 2128 1063 π.

1176 1136 1206 1173 Ζ
1218 1153 1246 1173 ω
1258 1138 1333 1184 στή
1346 1150 1363 1184 ρ
1390 1149 1474 1171 zona
1506 1138 1672 1183 (virorum
1697 1135 1927 1182 bellatorum).

1104 1184 1257 1233 πρισθεὶς
1277 1184 1426 1219 ἱππικῶν
1445 1184 1479 1226 ἐξ
1497 1183 1650 1232 ἀντύγων
1670 1188 1724 1219 Ai.
1749 1184 1851 1219 1030.

1175 1242 1206 1280 Z
1218 1244 1285 1279 ώω
1313 1255 1344 1276 ν.
1366 1243 1448 1284 (dm.

1982 1135 2133 1183 ζωστῆρι

1039 1448 1140 1516 Η.

1869 1586 1879 1594 v

1102 1597 1186 1627 opus
1204 1591 1294 1619 esset
1312 1588 1429 1619 inferri
1447 1586 1555 1632 κάγώ.
1581 1606 1621 1611 -
1639 1585 1662 1632 τ’,
1682 1586 1832 1632 κάρτα.
1861 1598 1880 1619 ·r
1902 1587 2013 1633 κάρτα
2030 1586 2127 1632 λαμ-

1103 1633 1173 1680 πρὰ
1189 1629 1279 1679 Ἰόλη
1298 1628 1448 1668 ’καλεῖτο
1467 1635 1522 1666 Tr.
1542 1631 1621 1667 379.
1642 1633 1664 1679 ἠ
1683 1633 1795 1679 κάρτα
1812 1614 1936 1668 πολλοὶ
1953 1637 2011 1668 νῦν
2031 1633 2128 1679 φίλοι

1103 1683 1158 1714 Ai.
1176 1678 1276 1713 1359.
1290 1679 1312 1726 ἶ]
1327 1680 1439 1727 κάρτα
1450 1678 1515 1714 κᾶν
1530 1679 1665 1715 ἄλλοισι
1676 1679 1853 1727 θυμοίμην
1867 1680 1948 1715 ἰδών
1960 1683 2010 1714 El.
2020 1679 2125 1714 1278..

1104 1730 1143 1760 In
1162 1728 1274 1761 Colch.
1297 1730 1338 1760 fr.
1359 1726 1428 1761 314
1446 1738 1538 1760 nunc
1555 1733 1645 1761 recte
1668 1727 1726 1762 καὶ
1751 1727 1862 1774 κάρτα
1878 1726 1995 1773 [immo
2013 1730 2129 1774 κρᾶτα.

1104 1776 1208 1808 Dind.
1230 1786 1257 1807 c.
1280 1773 1421 1820 Bergk]
1447 1776 1613 1807 scribitur.
1652 1776 1851 1817 Quanquam
1876 1777 1910 1808 in
1937 1777 1989 1808 his
2015 1775 2131 1822 κάρτα.

1105 1823 1209 1862 magis
1226 1833 1303 1854 cum
1322 1824 1556 1864 sequentibus,
1587 1833 1687 1864 quam
1706 1833 1782 1855 cum
1799 1824 1964 1864 particula
1981 1825 2129 1855 coniun-

1105 1871 1206 1910 gitur.
1228 1871 1299 1902 Hoc
1315 1880 1392 1902 vero
1410 1871 1595 1902 necessario
1612 1871 1650 1901 fit
1677 1871 1711 1901 in
1729 1879 1883 1911 responso
1900 1871 2081 1911 reddendo,
2101 1868 2127 1914 ἦ

1105 1915 1151 1950 κά
1193 1928 1214 1949 α
1230 1918 1283 1949 ΕΙ.
1302 1914 1371 1949 312
1387 1919 1498 1959 utique
1511 1927 1601 1949 sune.
1631 1919 1672 1949 V.
1687 1918 1803 1950 Valck.
1826 1918 1866 1949 ad
1884 1918 1965 1949 Eur.
1982 1918 2120 1959 Hippol.

1109 1961 1151 1996 10
1203 1990 1210 1996 .
1234 1981 1275 1987 —
1301 1963 1324 2009 ἦ
1351 1963 1446 2009 μήν.
1473 1963 1496 2009 ἦ
1525 1964 1593 2010 μὴν
1617 1962 1640 2008 ἢ
1666 1962 1759 2010 λόγῳ
1777 1962 1952 2002 πείσαντες
1969 1963 2072 2005 ἄξειν,
2099 1962 2125 2009 ἢ

1107 2010 1192 2057 πρὸς
1219 2009 1336 2058 ἰσχύος
1362 2010 1488 2056 κράτος
1512 2012 1573 2043 Ph.
1590 2008 1671 2043 593.
1699 2010 1721 2057 ἡ
1742 2010 1811 2056 μὴν
1838 2010 1877 2045 σὺ
1895 2009 1999 2046 κᾶνευ
2016 2010 2124 2045 τῶνδε

1105 2055 1273 2104 λυπηθεὶς
1300 2057 1369 2092 ἔσει
1395 2059 1450 2091 OC
1468 2056 1548 2091 816.
1579 2056 1768 2103 διώμοσεν,
1797 2057 1820 2104 ἠ
1847 2057 1918 2103 μὴν
1940 2057 1999 2093 τὸν
2023 2058 2047 2093 οἱ
2067 2069 2127 2105 χι-

1107 2108 1218 2152 στῆρα
1234 2103 1421 2139 δουλώσειν
1440 2104 1488 2139 ἔτι
1506 2106 1560 2138 Tr.
1574 2103 1654 2138 256.
1675 2103 1698 2150 ἦ
1719 2105 1788 2152 μὴν
1854 2104 2006 2139 ἐκτελεῖν
2021 2105 2037 2138 1
2064 2105 2123 2140 87.

1107 2154 1235 2185 Horum
1261 2154 1492 2194 exemplorum
1518 2163 1583 2185 sec.
1605 2153 1833 2186 Herodianum
1858 2154 2053 2186 inflectetur
2070 2155 2127 2187 OG

1107 2197 1189 2241 816,
1210 2200 1436 2241 asseverandi,
1458 2210 1523 2232 non
1541 2201 1676 2232 iurandi
1693 2202 1762 2232 vim
1781 2200 1920 2232 habens.
1943 2218 1983 2224 —
2002 2199 2025 2246 ἦ
2045 2212 2126 2235 που

1107 2248 1130 2279 i.
1151 2257 1184 2288 q.
1211 2244 1318 2280 ὄντως
1342 2258 1407 2280 που
1435 2249 1656 2279 coniecturam
1680 2248 1777 2289 ponit
1801 2247 2034 2290 adsiym'ficata
2048 2259 2127 2289 pcr-

1106 2296 1256 2326 suasz'om
1273 2295 1391 2333 (sicher
1407 2294 1504 2334 wohl,
1523 2296 1626 2326 latine
1648 2304 1740 2334 sane,
1759 2296 1902 2335 opinor).
1939 2296 2046 2327 Nimis
2063 2306 2126 2328 an-

1107 2345 1204 2382 guste
1230 2343 1307 2373 finit
1320 2342 1494 2381 Wyttenb.
1522 2343 1563 2374 ad
1588 2342 1678 2374 Plut.
1699 2343 1740 2374 de
1758 2346 1850 2374 recta
1870 2343 1947 2374 aud.
1970 2352 1996 2374 r.
2026 2353 2058 2384 p.
2081 2340 2127 2375 44

1106 2389 1144 2429 F,
1174 2387 1432 2430 affirmationem
1458 2390 1630 2421 continere
1654 2391 1826 2430 ironicam,
1855 2399 1968 2421 revera
1997 2399 2124 2430 myrm-

1107 2439 1183 2468 tem.
1212 2437 1326 2476 Longe
1355 2437 1481 2468 rectius
1498 2437 1613 2468 Herm.
1635 2446 1727 2468 cens.
1748 2437 1836 2469 Med.
1858 2437 1977 2468 Elmsl.
1997 2437 2121 2478 Opusc.

1107 2480 1138 2523 3,
1164 2480 1241 2515 161.
1270 2483 1389 2515 Matth.
1417 2484 1473 2516 Gr.
1497 2483 1554 2516 Gr.
1575 2481 1596 2526 S
1614 2480 1694 2516 604.
1724 2484 1839 2516 Stallb.
1868 2484 1908 2515 ad
1935 2484 2020 2516 Plat.
2042 2485 2122 2523 Lys.

1106 2540 1140 2572 p.
1161 2527 1271 2562 207d.
1300 2527 1323 2573 ἦ
1351 2541 1416 2564 που
1451 2528 1578 2564 ἐλεινὸν
1603 2528 1689 2575 ὁρᾷς
1729 2531 1790 2562 Ph.
1814 2527 1904 2563 1130
1921 2541 1967 2562 m.
2002 2529 2025 2575 ἦ
2059 2542 2124 2564 που

1108 2575 1215 2610 πολὺν
1239 2571 1365 2622 γέλωθ’
1391 2571 1447 2623 ὑφ’
1473 2575 1604 2622 ἡδονῆς
1629 2575 1721 2622 ἄγεις
1736 2579 1791 2609 Ai.
1813 2574 1893 2610 382.
1922 2576 1945 2623 ἠ
1965 2588 2030 2611 που
2055 2588 2124 2611 πα-

1106 2622 1190 2670 λαιᾷ
1209 2623 1271 2669 μὲν
1307 2621 1470 2670 ἔντροφος
1501 2623 1616 2670 ἁμέρᾳ
1647 2622 1715 2657 622
1740 2626 1792 2657 ch.
1819 2622 1842 2669 ἦ
1869 2635 1936 2658 που
1967 2622 2120 2666 τάλαινα,

1106 2668 1184 2715 ἥσει
1209 2669 1315 2716 μέγαν
1332 2669 1490 2704 κωκυτόν
1508 2669 1588 2704 850.
1617 2670 1640 2717 ἧ
1659 2669 1726 2705 πού
1745 2682 1788 2717 με
1806 2669 1976 2716 Τελαμὼν
2003 2666 2125 2710 δέξαιτ’

1107 2715 1149 2751 ἂν
1167 2715 1391 2764 εὐπρόσωπος
1409 2716 1510 2751 1008.
1539 2720 1782 2760 Interrogative
1800 2720 2030 2760 proferebatur
2045 2722 2125 2751 ante

1108 2765 1223 2797 Herm.
1253 2766 1354 2797 Tricl.
1376 2770 1488 2797 autem
1507 2770 1595 2798 recto
1614 2770 1727 2798 monet
1745 2767 1869 2798 ironice
1887 2766 1964 2806 dici,
1995 2770 2047 2797 est
2063 2776 2126 2797 au-

1108 2816 1176 2845 tem
1194 2813 1228 2844 id
1245 2823 1353 2845 unum
1369 2813 1514 2844 ironicae
1533 2813 1687 2845 dictionis
1713 2823 1766 2854 ap.
1788 2813 1888 2854 Soph.
1911 2814 2118 2854 exemplum.

1106 2857 1129 2904 ἠ
1148 2870 1214 2892 που
1231 2858 1370 2906 τραφεὶς
1388 2857 1427 2893 ἂν
1442 2859 1571 2906 μητρὸς
1585 2857 1741 2906 εὐγενοῦς
1757 2857 1825 2893 ἄπο
1838 2853 1943 2905 ὑψήλ’
1962 2858 2125 2904 ἐκόμπεις

1106 2907 1161 2938 Ai.
1187 2903 1288 2940 1229.
1313 2925 1354 2931 -
1374 2907 1510 2948 Aliquid
1536 2908 1758 2939 dubitationis
1783 2907 1866 2938 haec
1883 2907 2018 2938 habent.
2047 2905 2123 2940 ἀλλ’

1106 2950 1129 2997 ἦ
1157 2963 1222 2987 που
1248 2952 1378 2988 maim
1404 2947 1460 2987 ὑπ’
1491 2951 1643 3000 ἀνάγκας
1667 2952 1733 3010 ῥοᾷ
1757 2951 1920 2999 τηλωπὸν
1947 2952 2031 2987 ἰωάν
2057 2954 2118 2986 Ph.

1105 2997 1229 3032 215111.
1251 3002 1305 3034 Sic
1315 3002 1446 3041 Herm,
1464 3005 1503 3033 ut
1517 3002 1560 3033 sit
1578 2999 1904 3047 παραοιαζευκτικὸς
1922 2998 2120 3046 σύνδεσμος,

1106 3057 1183 3079 eum
1200 3052 1359 3089 sequatur
1383 3044 1406 3091 ἢ
1432 3046 1512 3085 ναὸς
1537 3046 1653 3088 ἄξενον
1679 3045 1785 3094 ὅρμον
1812 3045 1989 3094 αὐγάζων,
2018 3057 2080 3080 nec
2095 3046 2120 3092 ἧ

1106 3104 1182 3126 cum
1207 3092 1296 3128 ἀλλά
1323 3095 1492 3127 conciliari
1509 3099 1632 3136 potest.
1662 3095 1716 3128 Sic
1734 3092 1965 3134 διαζευκτικός
1983 3096 2047 3126 erit
2065 3095 2120 3127 OC·

1108 3138 1196 3173 1059
1223 3142 1274 3173 ch.
1303 3139 1326 3186 ἥ
1354 3152 1419 3174 που
1441 3140 1500 3175 τὸν
1526 3139 1715 3188 ἐφέσπερον
1740 3140 1865 3186 πέτρας
1889 3139 2032 3187 νιφάδος
2058 3152 2122 3174 πε-

1104 3185 1202 3228 λῶσι,
1223 3193 1357 3230 propter
1374 3189 1577 3230 praecedens
1596 3186 1748 3233 έμμίξειν
1772 3183 1884 3222 τούσδ’
1907 3186 1971 3221 ἀνὰ
1987 3189 2118 3235 χώρας.

1107 3235 1199 3266 Libri
1223 3233 1246 3280 ἡ
1273 3246 1338 3268 που
1351 3260 1359 3275 ,
1391 3245 1453 3267 nec
1469 3236 1611 3267 dubium
1636 3239 1688 3267 est
1704 3236 1921 3267 distinctione
1938 3237 2122 3276 praemissa

1106 3284 1287 3322 utrumque
1312 3292 1376 3314 non
1395 3283 1508 3314 minus
1526 3287 1616 3314 recte
1634 3283 1724 3315 ferri.
1754 3283 1857 3314 Recte
1871 3279 1929 3325 [ex
1940 3283 2000 3314 LA
2015 3283 2118 3314 Dind.

1105 3326 1240 3373 Herm]
1263 3326 1286 3374 ἠ
1313 3339 1380 3362 που
1405 3327 1490 3362 ὀλοὰ
1519 3327 1646 3370 στένει,
1682 3326 1707 3407 Ξ
1732 3339 1797 3362 που
1824 3327 1948 3362 ἀδινῶν
1979 3327 2120 3376 χλωρὰν

1103 3373 1213 3420 τέγγει
1246 3373 1404 3420 δακρύων
1435 3373 1543 3421 ἄχναν
1577 3377 1633 3408 Tr.
1661 3373 1684 3409 8
1709 3372 1730 3407 6
1762 3374 1880 3420 [schol.
1910 3373 2017 3413 ὄντως
2053 3374 2116 3421 δή;

1105 3430 1215 3462 apogr.
1253 3419 1276 3465 ἦ
1311 3419 1405 3466 που].
1443 3423 1495 3454 Ad
1519 3432 1655 3455 sensum
1681 3427 1864 3465 utrumque
1889 3427 2023 3464 aptum,
2059 3423 2122 3454 sed
