2288 3600
313 152 412 200 606

310 269 371 301 Ph.
393 263 474 300 967.
519 267 598 306 imp.
627 262 734 310 πάρες
759 263 820 295 Ph.
851 260 931 295 661.
974 263 1028 296 El.
1060 260 1161 295 1482.
1206 260 1326 308 παρείς

311 316 372 347 Ph.
396 310 474 346 132.
503 312 560 345 OC
579 308 670 344 1212
687 311 740 343 eh.
767 311 821 342 El.
843 307 922 342 732.
945 310 1000 343 Tr.
1018 307 1086 342 939
1104 311 1252 355 παρεῖσα
1269 310 1324 341 ΕΙ.

311 359 394 395 819.
421 360 476 393 OC
495 356 576 392 363.
618 359 735 390 Futur.
756 355 904 402 παρήσω
921 357 980 389 0ss
997 354 1076 390 345.
1105 358 1188 389 Ant.
1220 353 1323 389 1043.

316 405 416 440 1193.
440 425 482 432 -
510 405 642 440 Passiv.
664 404 796 446 Plsqpf.
823 415 872 438 πα
894 407 965 438 εῖτο
982 405 1036 436 ΕΙ.
1057 401 1137 437 545.
1161 421 1203 427 -
1223 407 1239 443 ιι
1258 403 1328 435 Me-

312 457 416 488 dium.
438 456 517 486 Aor.
538 451 708 499 παρείμην
726 452 782 484 OC
801 448 867 483 166
897 450 986 495 .—-.]
1025 452 1142 484 Activz‘
1159 451 1173 493 ΙΙ
1192 451 1329 493 Proprie

312 503 574 543 significationes
600 499 687 532 duae
715 504 814 539 sunt⁷
850 499 955 531 altera
983 501 1158 539 praeteriri
1182 498 1323 538 sinendi,

314 550 400 592 quod
414 553 506 581 extra
522 552 579 589 est,
601 549 703 580 altera
721 556 838 586 corpus
851 546 1054 587 applicandi.
1106 544 1223 592 παρεὶς
1241 543 1329 579 κλύ-

313 591 399 631 δων’
437 594 586 643 ἔφιππον
613 592 648 627 ἐν
676 592 772 640 μέσῳ
804 594 1008 637 κυκώμενον
1033 594 1087 625 ΕΙ.
1116 591 1204 634 732,
1242 593 1328 634 quod

315 645 545 676 Winshemius
564 643 732 674 Brunckio
750 642 872 673 melius
899 642 1002 673 vertit
1022 642 1102 672 sinit
1126 640 1330 682 praetervehi

313 692 491 733 procellam
524 693 717 731 equestrem.
777 688 846 720 Nec
887 688 988 720 schol.
1034 692 1123 720 recte
1165 685 1239 721 ἀντὶ
1268 689 1330 720 τοῦ

314 738 426 786 ἀφείς,
447 735 553 783 ἤγουν
570 734 789 770 καταλιπών·
825 734 863 768 τὸ
889 733 953 781 γὰρ
979 734 1136 781 παρεὶς
1163 734 1181 768 ὃ
1208 733 1267 768 λοῖ
1290 733 1330 767 τὸ

316 784 444 824 ἐνδούς.
470 803 509 809 -
529 781 720 829 πλευρόθεν
740 781 890 829 πλευρὰν
915 780 1031 830 παρείς
1055 784 1111 815 Tr.
1141 780 1184 814 93
1214 808 1221 814 .
1276 782 1330 814 Si-

315 834 387 866 mili
405 833 500 865 modo
517 834 720 872 interpretor
748 827 838 863 άλλὰ
862 829 945 877 τῆδε
971 841 995 862 π
1019 829 1056 868 ὸς
1080 828 1172 877 πύλη
1200 823 1328 876 παρεῖσ’

315 878 469 927 ἐμαυτὴν
488 877 613 926 ἄφιλος
631 876 748 912 αὐανῶ
767 875 839 923 βίον
866 863 918 910 E'l.
939 841 1021 909 819).
1051 895 1092 901 —
1121 863 1223 909 Recte
1253 877 1330 918 qui-

315 930 391 961 dem
410 926 494 972 πρὸς
511 924 604 974 πύλῃ
623 928 770 971 παρεῖσα
795 925 968 965 iungenda
994 925 1076 956 dicit
1101 925 1217 957 Herm.
1235 950 1242 964 ‚
1274 924 1333 956 sed

315 975 477 1018 quomodo
502 974 721 1006 alienissimis
746 973 847 1004 rebus
873 972 1062 1004 subauditis
1095 973 1177 1004 haec
1202 975 1333 1004 constet

317 1023 504 1055 sententia:
533 1031 584 1053 me
598 1022 794 1062 permittens
807 1021 830 1051 i.
853 1029 882 1052 e.
910 1021 974 1051 mei
991 1021 1119 1060 copiam
1133 1019 1263 1060 faciens
1289 1018 1333 1050 ad

316 1071 452 1113 quodvis
483 1069 611 1101 malum
643 1067 877 1108 inferendum,
909 1076 976 1099 non
1001 1068 1179 1108 perspicio.
1240 1067 1330 1098 Ante

318 1121 459 1150 ianuam
473 1118 665 1157 proiectam,
686 1117 732 1147 sic
748 1117 871 1156 statim,
893 1117 998 1146 vitam
1015 1124 1048 1146 se
1073 1114 1234 1155 deponere
1251 1114 1335 1144 velle

316 1166 409 1198 dicit.
431 1181 536 1196 —.—
556 1163 570 1206 ΙΙ
588 1164 641 1194 Ab
658 1163 711 1194 his
729 1163 863 1203 proprie
880 1163 980 1194 dictis
998 1171 1113 1193 rursus
1132 1161 1254 1202 duplex
1265 1164 1335 1192 tm-

319 1215 401 1245 latio
417 1216 487 1244 orta
505 1215 568 1243 est.
622 1211 739 1242 Altera
765 1210 960 1251 exemplum
976 1219 1085 1240 unum
1104 1209 1223 1240 habet:
1255 1206 1335 1241 τού-

318 1259 383 1305 μὸν
400 1258 532 1305 παριεὶς
555 1256 615 1291 καὶ
631 1253 884 1302 καταμβλὺνων
900 1255 985 1303 κέαρ
1007 1256 1065 1288 OR
1090 1253 1171 1289 688.
1192 1253 1335 1300 [παρίης

316 1306 375 1341 καὶ
399 1303 652 1351 καταμβλύνεις
684 1305 787 1336 Dind.
823 1314 852 1336 ο.
880 1301 1066 1348 Hartung.]
1104 1305 1147 1344 gl.
1185 1301 1330 1342 ἐκλύων,

316 1352 580 1399 καταμβλὺνων,
600 1349 736 1396 ἄθυμον
760 1354 881 1385 ποιῶν.
928 1353 1039 1384 laxari
1063 1355 1098 1383 et
1122 1352 1241 1382 resolvi
1258 1359 1337 1391 pre-

318 1403 412 1434 cibus
430 1402 581 1433 animum
607 1410 708 1432 suum
735 1398 818 1430 Oed.
848 1399 949 1439 dicit,
979 1399 1068 1440 quod
1092 1399 1251 1430 effectum
1268 1398 1337 1428 illis

321 1453 384 1490 est,
407 1458 451 1481 ne
469 1448 576 1480 Creon
594 1448 753 1487 debitam,
775 1456 861 1487 quae
879 1447 1015 1487 quidem
1033 1446 1221 1485 videretur,
1255 1454 1336 1486 poe-

319 1506 397 1528 nam
415 1497 555 1528 subiret.
608 1495 663 1526 Ex
691 1494 937 1535 lexicographis
962 1494 1135 1525 veteribus
1161 1493 1240 1524 huic
1256 1492 1337 1523 illu-

320 1544 475 1576 strandae
492 1543 732 1583 significationi
750 1541 914 1582 quaedam
926 1542 1023 1573 affert
1031 1540 1172 1573 Dor-vill.
1187 1540 1227 1571 ad
1235 1539 1334 1571 Char.

320 1602 354 1634 p.
376 1588 444 1623 600
462 1591 556 1632 Lips.
586 1607 627 1614 -
654 1590 812 1622 Alterum
837 1598 946 1629 genus
972 1598 1047 1620 cum
1077 1588 1118 1620 ad
1142 1588 1337 1629 loquentem

323 1643 471 1681 spectat,
502 1635 807 1678 ρτασιεπηίῑιεπάὶ,
846 1635 1030 1675 omittendi,
1056 1634 1245 1675 myliyendi
1271 1636 1338 1665 vim

323 1696 401 1728 prae
419 1695 454 1717 se
478 1687 557 1725 fert,
579 1694 655 1717 cum
673 1684 713 1715 ad
731 1684 836 1715 alium
854 1684 1034 1724 quendam,
1056 1682 1187 1714 sinendi
1213 1686 1247 1714 et
1262 1690 1339 1722 per-

321 1733 486 1766 mittendi.
522 1734 664 1779 παρῆκα
688 1728 827 1775 θεσμῶν
863 1728 960 1764 οὐδέν
996 1731 1050 1762 Tr.
1080 1726 1160 1762 682.
1214 1726 1245 1762 εἴ
1281 1738 1340 1773 μοι

323 1779 435 1826 θέμις,
458 1777 592 1825 θέλοιμ’
610 1776 669 1812 ἄν·
697 1777 728 1811 εἰ
745 1775 783 1810 δὲ
803 1775 851 1823 μή
867 1804 874 1816 ,
894 1776 1002 1823 πάρες
1020 1776 1082 1810 Ph.
1104 1773 1183 1808 661.
1229 1778 1340 1808 omitte

322 1830 347 1861 i.
368 1838 399 1860 e.
420 1837 463 1860 ne
482 1828 595 1859 facias.
638 1825 687 1873 μὴ
706 1824 818 1872 παρῇς
834 1824 874 1858 τὸ
919 1824 943 1870 ἡ
963 1823 1000 1858 οὐ
1021 1823 1149 1870 φράσαι
1173 1823 1230 1855 OR
1255 1819 1337 1855 283.

323 1874 381 1910 καὶ
415 1873 484 1921 μὴν
518 1872 664 1921 παρήσω
698 1867 723 1920 γ’
761 1870 860 1907 οὐδέν
885 1838 966 1905 3¹45.
1012 1872 1096 1904 nihil
1120 1881 1188 1903 non
1217 1870 1339 1902 dicam.

324 1920 448 1957 κούδὲν
472 1920 620 1968 παρήσω
642 1923 707 1968 τῆς
731 1917 899 1966 ἀληθείας
925 1918 1007 1956 ἔπος
1032 1921 1115 1951 Ant.
1138 1914 1240 1950 1193.

326 1969 388 2016 μὲν
406 1966 601 2016 παθήματα
628 1995 635 2000 .
659 1994 666 2001 .

325 2019 439 2050 omitto
454 2025 647 2049 memorare.
698 2015 770 2048 Hoc
795 2015 957 2056 loquendi
981 2023 1088 2055 genus
1114 2014 1246 2055 copiose
1263 2012 1344 2044 illu-

324 2066 444 2098 stravit
467 2065 584 2097 Valck.
613 2063 710 2095 diatr.
739 2073 773 2104 p.
794 2060 835 2095 71
866 2072 938 2104 sqq.
991 2062 1065 2093 Non
1083 2061 1184 2103 plane
1211 2060 1343 2102 perspi-

324 2123 397 2153 cua,
419 2111 480 2145 sed
496 2111 585 2143 haud
603 2111 716 2152 dispar
734 2111 906 2142 sententia
932 2110 1067 2141 videtur
1091 2106 1150 2141 καὶ
1175 2105 1218 2153 δή
1236 2118 1268 2140 τι
1285 2105 1344 2140 καὶ

326 2161 475 2207 παρεῖκα
483 2161 553 2192 τῶν
566 2155 770 2203 ἀρτυμάτων
789 2154 855 2191 ὑπὸ
872 2159 932 2190 τοῦ
944 2154 1063 2193 δέατος
1075 2155 1191 2188 Cedal.
1202 2155 1243 2186 fr.
1259 2151 1340 2187 305.

325 2209 420 2240 omisi
428 2205 548 2239 addere
556 2206 772 2247 interpretor.
794 2205 974 2236 Praeterea
986 2213 1092 2236 unum
1104 2203 1269 2245 quoddam
1281 2211 1342 2233 ex-

326 2255 477 2297 emplum
493 2257 546 2285 est
557 2253 650 2285 verbi
659 2253 721 2284 hac
737 2255 904 2294 potestate
923 2261 999 2283 cum
1017 2252 1162 2291 yenitivo
1179 2250 1244 2282 dici
1263 2249 1340 2289 visi,

326 2303 387 2336 τοῦ
405 2299 544 2347 μετρίου
568 2297 689 2346 παρείς
714 2299 769 2332 OC
797 2295 887 2331 1212
905 2299 982 2339 c-h.;
1013 2299 1100 2339 quod
1125 2307 1201 2330 eum
1227 2297 1345 2328 multis

328 2352 524 2391 suspectum
539 2350 639 2388 esset,
670 2347 784 2379 Reisk.
807 2347 952 2379 coniecit
968 2344 1054 2380 τούκ
1073 2342 1213 2390 μετρίου
1227 2370 1235 2384 ,
1256 2343 1343 2385 quod

329 2406 407 2429 oum
432 2394 530 2435 ζώειν
555 2394 780 2434 colligandum
803 2394 949 2434 iudicat,
987 2393 1084 2425 Both.
1112 2394 1173 2426 τοῦ
1199 2387 1345 2437 μητρὶου

328 2441 424 2490 πάρα
440 2453 486 2475 sc.
505 2435 641 2490 χρῄζει,
661 2441 820 2473 Doederl.
841 2451 884 2473 ex
901 2441 963 2472 hoc
981 2440 1252 2472 subaudiendum
1266 2447 1346 2470 oen-

330 2494 382 2523 sat
405 2491 617 2522 infinitivum
642 2481 797 2536 χρῄζειν,
826 2492 861 2520 et
891 2488 984 2520 hune
1010 2487 1128 2520 Elmsl.
1167 2486 1342 2527 sequitur3

329 2538 456 2579 Reisig.
477 2534 623 2574 πλέονος
639 2538 700 2570 τοῦ
728 2533 865 2582 μετρίου
890 2533 989 2574 ζώειν
1013 2529 1134 2581 χρῄζει
1159 2533 1342 2572 coniungit,

332 2582 452 2632 παρείς
469 2594 511 2616 ex
529 2584 715 2616 abundanti
731 2582 901 2615 adiectum
918 2583 1101 2614 affirmans.
1139 2581 1204 2614 Sed
1223 2581 1347 2612 rectius

331 2632 446 2665 Herm.
484 2632 533 2664 sie
561 2631 693 2664 ordinat
725 2631 947 2662 sententiam:
986 2627 1076 2666 ὅστις
1107 2629 1169 2661 τοῦ
1203 2624 1348 2663 πλέονος

333 2678 459 2726 μέρους
474 2670 616 2727 χρῄζει,
636 2675 754 2725 παρεὶς
791 2674 890 2716 ζώειν
923 2679 985 2710 τοῦ
1021 2674 1159 2722 μετρίου
1191 2667 1345 2722 χρῄζων.

336 2726 537 2768 Quanquam
578 2729 755 2766 uteunque
802 2724 1010 2765 explicueris
1053 2723 1170 2755 durior
1208 2725 1350 2753 senten-

333 2774 400 2806 tiae
439 2775 526 2806 ratio
574 2773 652 2804 erit.
700 2789 740 2796 —
783 2768 875 2805 ἀλλά
909 2781 968 2816 μοι
1008 2768 1116 2815 πάρες
1160 2766 1225 2802 κᾶν
1269 2778 1349 2811 σμι-

334 2832 357 2856 κ
381 2819 418 2854 ὸν
443 2818 551 2854 εἰπεῖν
575 2819 629 2852 ΕΙ.
652 2815 752 2852 1482.
781 2820 851 2851 εἰπε
871 2818 1022 2859 paucula
1041 2816 1128 2858 loqui.
1151 2826 1215 2848 me.
1267 2808 1350 2848 ἀλλ’

336 2831 423 2910 οἷδ’,
454 2861 507 2901 ὅτ’
524 2864 626 2904 αὐτὸς
642 2863 781 2912 ἤθελον,
803 2862 966 2910 παρίεσαν
986 2865 1041 2897 OC
1067 2860 1147 2896 591.
1200 2859 1277 2896 οὐδ’
1304 2861 1352 2898 ὣς

339 2940 347 2948 .
370 2941 377 2949 .
402 2941 409 2947 .
437 2911 579 2949 θάπτειν
603 2912 751 2960 παρήσω
781 2914 899 2946 κεῖνον
929 2913 1010 2944 Ant.
1040 2907 1141 2943 1043.
1211 2908 1278 2956 ἐγὼ
1313 2906 1351 2941 δὲ

338 2961 424 3008 πρὸς
440 2963 522 2995 ναῦν
540 2958 622 3005 εἶμι,
643 2959 696 2994 σοὶ
712 2958 832 3006 παρεὶς
848 2957 929 2993 τάδε
946 2959 1007 2991 Ph.
1033 2954 1111 2990 132.
1139 2959 1187 2989 rei
1202 2955 1352 2997 ayemiae

336 3009 402 3042 tibi·
411 3009 492 3042 data
505 3011 676 3050 potestate.
728 3007 792 3040 Hia
809 3007 936 3039 similia
961 3009 1043 3038 sunt
1069 3004 1118 3051 μὴ
1137 3002 1248 3052 παρῇς
1266 3014 1352 3036 σαυ-

337 3057 398 3090 τοῦ
415 3054 552 3102 βροτοῖς
569 3052 700 3101 ὄνειδος
715 3055 777 3086 Ph.
806 3050 888 3086 967.
916 3055 966 3085 tut·
983 3054 1203 3093 iynominiam
1218 3061 1260 3083 ne
1272 3059 1351 3091 per-

337 3105 450 3143 mitte.
462 3104 486 3135 i.
506 3112 538 3134 e.
557 3112 600 3135 ne
615 3103 685 3134 aine
703 3105 734 3134 te
752 3102 938 3141 iqnominia
955 3101 1124 3141 cooperiri.
1169 3098 1234 3138 Et,
1262 3098 1353 3139 quod

340 3151 439 3183 aliter
455 3154 571 3182 tamen
588 3149 717 3182 dictum
739 3147 779 3182 τὸ
798 3146 854 3181 σὸν
893 3149 1026 3181 ενναῖον
1051 3145 1086 3179 ἐν
1105 3143 1242 3191 σμικρῷ
1257 3142 1298 3178 λό
1323 3156 1352 3190 ῳ

339 3199 494 3244 παρῆκεν
520 3195 607 3230 ὥστε
634 3193 767 3242 βραχέα
793 3205 852 3241 μοι
897 3191 1012 3228 εἴσθαι
1036 3192 1162 3239 φράσαι
1186 3191 1243 3226 OC
1269 3189 1291 3223 5
1315 3189 1349 3223 O.

339 3248 469 3277 ostensa
484 3248 542 3285 eat,
561 3244 616 3275 vel
631 3244 765 3275 micuit
777 3243 1056 3284 interpretantur.
1100 3241 1238 3272 Rectius
1263 3240 1354 3271 Doe-

342 3291 426 3324 daoel.
453 3301 473 3322 a
496 3288 651 3337 παριέναι
675 3299 743 3322 non
775 3300 795 3321 a
818 3287 986 3335 παρήκειν
1011 3287 1236 3328 repetendum
1261 3286 1354 3318 iudi-

342 3342 413 3379 cat,
441 3338 504 3370 hoo
528 3344 651 3370 sensu:
687 3340 748 3369 tua
777 3337 967 3368 humanitas
995 3335 1117 3375 paucis
1148 3333 1256 3366 verbis
1276 3342 1355 3374 per-

341 3386 432 3417 miei&
442 3386 471 3418 i.
500 3394 530 3416 e.
550 3384 675 3426 effecit,
695 3387 734 3416 ut
757 3392 831 3416 mea
845 3393 896 3415 rea
913 3383 1002 3415 brevi
1023 3383 1172 3414 oratione
1194 3379 1352 3420 indigeat.

345 3449 386 3457 -
414 3431 589 3465 Pauivum
615 3440 684 3464 uno
707 3431 779 3463 loco
809 3431 933 3470 legitur
964 3427 1155 3470 myliyendi
1180 3428 1234 3460 vel
1259 3428 1356 3459 omit-

690 1994 696 1999 .
727 1965 860 2014 παρεῖσ’
886 1965 978 2001 ἐάσω
1002 1966 1058 2000 OO
1084 1962 1163 1998 363.
1216 1928 1344 2004 ιιισιεῑ)τοο,ι

1056 143 1264 211 Παρίημι
1295 172 1354 182 -
1386 142 1649 211 Παρίστημι

2142 0 2234 48 πῖ,

2063 149 2231 200 [Πρῶίΰ
2251 138 2267 206 *¹

1364 261 1455 294 tendi
1474 261 1738 301 significatione:
1766 259 1791 307 ἢ
1807 261 1859 308 τῷ
1867 259 2019 296 πανώλει
2041 259 2147 308 πατρὶ
2159 251 2251 295 «ὤν’
2264 267 2270 305 j

1364 306 1452 352 ἐμοῦ
1476 305 1608 342 παίδων
1635 305 1747 346 πόθος
1763 310 1926 354 παρεῖτο,
1948 304 2116 343 Μενέλεω
2132 302 2166 342 δ’
2205 327 2209 333 .
2255 311 2263 351 '.

1364 353 1445 388 545.
1467 373 1510 379 —-
1539 354 1687 387 Medium
1712 365 1779 388 non
1803 357 2031 398 frequentius.
2085 354 2117 390 εἰ
2140 353 2180 389 δὲ
2264 379 2278 385 ⁷.

1365 406 1501 449 φρονῶν
1518 400 1648 448 λέγειν,
1669 401 1734 436 οὐκ
1750 400 1791 436 ἂν
1809 402 1981 450 παρείμην
2007 400 2076 438 οἶσι
2101 401 2152 448 μὴ
2177 418 2204 429 ..
2227 420 2230 425 ι

1363 452 1435 483 νεῖν
1461 449 1516 482 OC
1543 446 1646 482 1666.
1696 451 1878 490 Phrynich.
1907 461 1985 492 app.
2017 450 2119 492 Soph.
2147 459 2180 492 p.
2208 450 2237 477 ι’
2263 465 2266 467 -

1364 495 1494 530 οὐδέν
1521 507 1598 530 σου
1624 495 1858 543 παρίεμαι;
1887 495 1987 532 οὐδὲν
2005 497 2236 544 παραιτοῦμαι.
2255 490 2283 538 >J

1363 542 1617 589 ἀποτρέπομαι.
1648 544 1824 587 Similiter,
1845 545 1904 578 sed
1913 546 2049 578 bravius
2067 545 2226 578 Timaeus

1365 589 1600 637 παρίεμαι,
1631 594 1882 638 παραιτοῦμαι,
1920 603 2008 634 quae
2039 594 2172 635 copiose
2196 591 2248 623 iu

1366 639 1502 671 Ruhnk.
1565 638 1740 679 Significat
1765 641 1801 671 in
1823 650 1914 672 meae
1934 643 2047 681 portes
2070 639 2232 672 adducere
2262 640 2283 677 s

1365 687 1446 718 inde
1488 696 1597 720 exoro.
1657 687 1778 719 Elmsl.
1809 685 1950 721 ἐκείνων
1983 687 2160 720 subaudiri
2191 695 2236 718 vu
2267 692 2282 726 ’ζ

1368 734 1471 765 etiam
1505 743 1580 764 eum
1606 736 1799 767 accusativo
1823 736 1919 775 iungi
1952 736 2094 767 verbum
2124 733 2210 766 illud
2241 748 2246 760 ·

1367 781 1563 822 exemplum
1582 792 1600 813 a
1618 781 1753 814 Ruhnk.
1774 782 1916 814 allatum
1927 782 2014 814 Plat.
2035 783 2123 823 legg.
2145 778 2178 814 5.
2199 790 2232 822 p.
2258 802 2283 830 ,χι

1438 847 1578 899 Πάρις
1613 864 1646 885 n.
1682 863 1733 894 pr.
1764 849 1968 900 Πάριν...

1370 898 1473 933 1426.

1440 968 1708 1017 Παρίστημι.
1745 971 1772 1002 Ι.
1803 971 1953 1003 Formae.
1981 969 1996 1012 ΙΙ
2021 971 2130 1002 Activz'
2156 973 2255 1011 prae'

1369 1019 1494 1060 fectum
1511 1024 1546 1051 et
1562 1020 1725 1050 aoristum
1743 1018 1885 1050 alterum
1903 1017 1997 1049 nulla
2012 1026 2090 1058 pars
2108 1017 2242 1057 legitur.
2251 1043 2256 1053 7,

1371 1071 1468 1099 sunt:
1499 1065 1742 1112 παρέστατε
1760 1066 1917 1107 imperat.
1946 1064 2003 1096 Αἰ.
2033 1060 2136 1097 1183.
2165 1074 2241 1098 πα
2272 1055 2282 1098 s

1369 1116 1515 1147 ναιΑἰ.
1541 1112 1618 1146 117.
1672 1110 1895 1157 παρεστός
1913 1110 1971 1144 OR
1995 1107 2075 1144 633.
2127 1110 2211 1152 Legi
2238 1106 2282 1146 '‘.ss

1370 1161 1547 1208 παρεστώς
1580 1165 1615 1192 et
1641 1162 1688 1192 sic
1712 1160 1818 1192 Florr.
1872 1159 1937 1192 Sed
1963 1157 2131 1205 παρεστός
2155 1158 2215 1191 La
2248 1162 2268 1181 -'

1371 1210 1457 1250 quod
1474 1209 1638 1241 Elmsleio
1663 1208 1875 1239 librar-Iorum
1899 1208 1982 1238 vitio
2007 1207 2168 1239 accidisse
2193 1206 2240 1237 vi

1372 1256 1431 1288 sed
1449 1258 1577 1297 recepit
1593 1256 1709 1287 Herm.
1731 1265 1750 1286 a
1768 1255 1898 1286 Buttm.
1925 1254 2106 1286 defensum
2123 1263 2206 1294 grau
2224 1266 2240 1280 ιι
2266 1281 2270 1285 .

1373 1301 1452 1336 158.
1482 1304 1648 1345 copiosius
1666 1303 1770 1334 etiam
1796 1313 1815 1333 a
1839 1301 2044 1334 Schneidero
2061 1302 2102 1333 ad
2119 1301 2205 1334 Plat.
2241 1297 2278 1344 -ῗῇ

1372 1362 1405 1393 p.
1439 1348 1528 1391 564,
1557 1360 1575 1382 e
1600 1348 1643 1394 (t.
1666 1346 1698 1381 3.
1730 1359 1764 1390 p.
1786 1346 1874 1388 88.).
1934 1359 1983 1381 πα
2004 1351 2151 1386 εστιῑιτος
2182 1347 2273 1380 Ph.

1373 1398 1598 1443 παρεστώσης
1622 1397 1682 1428 Ph.
1712 1393 1793 1428 734.
1822 1396 1878 1429 OC
1909 1392 1975 1428 103
2004 1421 2012 1430 .
2074 1405 2175 1442 παρε
2211 1413 2213 1419 =

1375 1443 1477 1478 1047.
1523 1445 1606 1484 Mys.
1628 1446 1669 1476 fr.
1691 1440 1771 1476 358.
1817 1442 2048 1488 παρεστώτοιν
2065 1443 2120 1476 ΕΙ.
2139 1439 2276 1476 1367

1374 1492 1519 1526 στώσαιν
1538 1491 1592 1524 OG
1613 1488 1715 1523 1111.
1737 1508 1778 1514 -
1795 1491 1946 1523 Alterius
1958 1492 2060 1524 haec:
2081 1487 2223 1537 παρέσ
2251 1494 2255 1495 ⁷

1375 1537 1431 1572 92.
1462 1536 1563 1572 1384.
1624 1536 1775 1584 παρέστη
1805 1539 1863 1572 Ai.
1890 1535 1948 1571 48.
2010 1548 2096 1583 παρ
2111 1533 2269 1572 aetat?

1374 1583 1455 1619 491.
1497 1586 1552 1619 Sic
1569 1587 1746 1619 emendate
1764 1587 1830 1618 duo
1846 1595 1979 1628 apogr:
2008 1589 2120 1618 cetera
2145 1594 2222 1621 oum
2250 1588 2258 1609 ἱ

1377 1633 1582 1681 ρασταίμην.
1633 1631 1863 1680 παραστάς
1881 1633 1938 1665 Tr.
1961 1629 2040 1667 195.
2068 1633 2124 1666 Oc
2149 1623 2228 1665 993.

1378 1685 1485 1716 στᾶσα
1516 1681 1571 1713 El.
1611 1677 1693 1713 295.
1761 1678 1995 1727 παραστάντες
2029 1681 2113 1712 Ant.
2145 1676 2280 1723 1215.

1378 1730 1507 1761 Passim·
1541 1730 1686 1762 aorz'stus
1726 1723 1985 1773 παρεστάθη
2018 1727 2077 1760 OR
2101 1723 2182 1759 911.
2231 1746 2253 1762 ,ν
2277 1730 2279 1738 ·’

1379 1773 1589 1822 σταθήτω
1616 1775 1670 1808 OC
1699 1771 1802 1808 1269.
1821 1774 2260 1816 ——.-11Mediipraesen

1379 1822 1553 1857 ίστασαι
1587 1824 1644 1855 Tr.
1673 1819 1753 1855 748.
1782 1821 1837 1855 OG
1855 1818 1938 1854 916.
1993 1821 2237 1867 *napinoerat

1379 1868 1461 1905 288.
1489 1868 1573 1915 [nisi
1594 1870 1771 1902 Menandri
1790 1867 1873 1914 est.]
2233 1898 2246 1911 ,Λ

1451 1919 1495 1950 ΙΙ.
1524 1919 1576 1950 De
1600 1927 1664 1949 usu
1687 1919 1835 1959 primum
1857 1918 2009 1949 omnium
2033 1920 2192 1948 notamus
2221 1914 2270 1950 ιζ’

1380 1970 1506 2007 partes,
1529 1974 1615 2006 quae
1632 1966 1813 1997 transitive
1832 1964 1998 2005 dicantur,
2029 1973 2095 1996 non
2114 1964 2182 2004 legi
2211 1977 2214 1989 ι
2235 1980 2237 1988 v

1380 2014 1601 2045 Intransitive
1637 2013 1890 2053 significantes,
1925 2012 1966 2044 ad
1991 2021 2075 2053 quas
2113 2009 2214 2043 medii
2235 2014 2261 2054 J

1380 2061 1530 2100 aecedit‚-
1541 2063 1557 2099 ΙΙ
1573 2061 1708 2101 proprie
1726 2058 1884 2091 adstandi
1901 2060 1971 2090 vim
1988 2062 2178 2091 monstrant
2201 2072 2205 2085 ι

1381 2108 1582 2152 παραστᾶσα
1607 2107 1660 2138 El.
1689 2103 1768 2139 295.
1812 2105 1907 2152 σφῷν
1925 2100 1953 2139 δ’
1970 2104 2103 2140 ἐννέπω
2116 2100 2180 2151 ’γὼ
2196 2103 2263 2138 ‘tt-²²

1381 2154 1523 2188 στώτοιν
1545 2150 1647 2187 1367.
1686 2151 1806 2199 κύκλῳ
1823 2151 1888 2199 γὰρ
1906 2151 2008 2187 αὐτὸν
2026 2149 2183 2194 Μηλιεὺς
2199 2148 2223 2186 ἃ
2246 2159 2258 2193 ζῇ

1380 2200 1488 2248 κρίνει
1506 2199 1680 2248 παραστάς
1699 2202 1756 2233 Tr.
1779 2196 1856 2233 195.
1911 2197 2011 2245 ὑμεῖς
2027 2198 2066 2233 δὲ
2083 2198 2133 2245 μὴ
2193 2209 2212 2233 ν
2245 2196 2261 2235 2²

1382 2247 1514 2307 ἀνδρῶν
1542 2246 1648 2286 πέλας
1677 2246 1866 2294 παρέστατε
1891 2248 1948 2281 Ai.
1982 2244 2084 2281 1183.
2143 2210 2192 2280 ἆυ
2227 2258 2265 2285 ·,

1380 2307 1505 2330 κτεινοι
1523 2294 1697 2342 παραστάς
1715 2295 1770 2328 OC
1789 2291 1869 2328 993.
1925 2293 2158 2341 παραστάντες
2182 2304 2202 2328 τ
2231 2311 2249 2331 «;
2283 2323 2285 2325 ,

1386 2341 1487 2376 1215.
1519 2361 1559 2367 -
1588 2343 1749 2376 Accedere
1778 2343 1990 2383 significatur
2011 2341 2034 2388 ἦ
2061 2339 2120 2376 καὶ
2142 2332 2263 2387 napi]

1381 2386 1485 2437 τέρμ’
1509 2388 1671 2436 ἀφίκετο;
1701 2391 1757 2422 Ai.
1786 2386 1844 2422 48.
1872 2399 1938 2422 non
1968 2387 2112 2435 τέρματι
2136 2397 2216 2423 πα
2233 2407 2257 2423 ·.

1383 2436 1491 2483 ἡμῖν,
1522 2438 1610 2479 quod
1636 2439 1782 2469 refertur
1807 2437 1847 2469 ad
1872 2437 2045 2469 Minervae
2062 2437 2201 2478 ver-bap
2225 2446 2266 2471 ι’.

1386 2495 1484 2517 versu
1511 2485 1657 2526 prolata,
1687 2482 1823 2530 νύκτωρ
1849 2481 1911 2530 ἐφ’
1937 2481 2026 2529 ὑμᾶς
2055 2482 2216 2530 ὁρμᾶται.
2242 2516 2244 2519 ,

1385 2533 1517 2564 nullum
1537 2530 1694 2577 φράσεως
1711 2542 1809 2564 causa
1825 2532 1994 2564 adiectum
2011 2533 2152 2564 verbum
2176 2531 2219 2563 ha
2264 2527 2280 2574 ’γ

1385 2581 1420 2611 in
1448 2580 1502 2611 El.
1523 2575 1604 2611 295.
1634 2579 1688 2611 Tr.
1720 2576 1799 2611 195.
1838 2579 1986 2611 instandi
2009 2582 2045 2611 et
2063 2580 2241 2619 immoqu-

1385 2627 1484 2667 9e‘ndi
1523 2627 1616 2658 inest
1649 2627 1860 2666 significatio.
1929 2625 2077 2658 Medium
2116 2635 2174 2657 αι·
2197 2640 2202 2651 ι
2230 2647 2231 2650 ¹
2255 2659 2257 2662 ,

1386 2677 1549 2706 monstrat
1568 2674 1621 2705 Tr.
1643 2670 1746 2705 748.:
1769 2674 1836 2706 ποῦ
1847 2670 2088 2718 δ’ἐμπελάζεις
2104 2668 2222 2717 τάνδρὶ

1387 2731 1527 2761 στασαι;
1556 2738 1661 2752 -.——-
1688 2723 1704 2758 n
1726 2721 1992 2760 Adsignificatur
2015 2719 2099 2752 adiu
2216 2725 2223 2728 ··
2248 2726 2259 2758 f

1387 2767 1434 2806 ὡς
1451 2766 1489 2801 εὖ
1507 2766 1677 2814 παρέστης
1703 2768 1759 2799 Ai.
1787 2764 1845 2799 92.
1898 2766 1952 2800 σοὶ
1976 2760 2003 2798 δ’
2028 2764 2187 2812 ἐφίεμαι,
2232 2769 2259 2809 ej

1388 2826 1447 2859 μοι
1464 2814 1650 2862 σύμμαχον
1668 2812 1889 2859 παρεστάναι.
1905 2811 1983 2846 117.
2010 2814 2058 2846 Et
2073 2813 2187 2846 standi
2207 2826 2210 2840 z
2231 2830 2232 2835 =
2250 2852 2254 2854 ,

1387 2863 1565 2904 aliquando
1584 2863 1684 2902 plane
1709 2863 1885 2894 obliterata
1902 2862 2065 2894 cernitur.
2111 2858 2216 2905 μόνος

1386 2906 1502 2967 χερσίν
1526 2910 1582 2941 Ai.
1613 2905 1713 2942 1384.
1773 2905 1879 2945 *θεὸς
1905 2906 1943 2941 δὲ
1965 2910 2040 2946 τοῖς
2064 2905 2222 2955 ἀργοῦσιν
2262 2921 2265 2927 ·

1388 2967 1516 2990 ισταται
1531 2957 1606 2998 Iph.
1626 2957 1669 2988 fr.
1689 2953 1771 2988 288.
1796 2955 1875 2997 [nisi
1890 2955 2070 2988 Menandri
2088 2951 2172 2999 est]

1388 3003 1552 3036 adscendo
1570 3003 1677 3035 facilis
1695 3004 1862 3035 transitus
1880 3007 1933 3034 est
1949 3003 1991 3034 ad
2007 3001 2168 3034 „manendi
2192 3003 2231 3033 ets
2249 3001 2279 3038 ’,ζ

1388 3053 1439 3083 οἱα
1456 3061 1532 3082 cum
1548 3052 1662 3091 aliquo
1679 3050 1840 3082 miscendi
1865 3050 2161 3089 significationem.
2231 3064 2236 3069 „
2258 3087 2259 3090 Ἴ

1389 3096 1549 3144 δράσαντι
1566 3095 1704 3143 θαρσῶν
1730 3093 1770 3129 ἂν
1790 3095 2003 3141 παρασταίην
2022 3094 2091 3141 ἐγώ
2115 3094 2170 3127 OG
2185 3090 2230 3127 49
2279 3094 2283 3095 ⁷

1398 3143 1532 3189 {Adesse
1560 3147 1765 3184 praesentem
1795 3144 1837 3175 de
1863 3144 1991 3175 homine
2020 3143 2154 3175 dicitur.
2220 3152 2242 3165 ..-

1388 3189 1578 3228 πανάθλιος
1605 3188 1718 3224 θανὼν
1748 3187 1789 3223 ἂν
1822 3188 1898 3235 εἴην
1932 3189 2026 3236 σφῷν
2051 3186 2259 3234 παρεστώ
2284 3231 2286 3233 ¹

1393 3236 1494 3271 1111.
1532 3238 1585 3271 Sic
1610 3239 1767 3270 similiter
1792 3247 1868 3269 cum
1898 3233 2178 3282 προσωποποιῖας
2202 3230 2260 3274 ‘ss

1391 3287 1501 3318 sivum
1518 3285 1646 3317 dictum
1664 3281 1779 3322 Αἰδὼς
1801 3309 1807 3315 .
1832 3310 1838 3315 .
1863 3310 1869 3315 .
1905 3283 1962 3316 καὶ
1980 3282 2064 3329 πρὸς
2098 3281 2167 3323 σοί,

1393 3329 1599 3378 ρασταθήτω
1610 3331 1665 3363 OC
1682 3328 1781 3365 1269.
1809 3332 1860 3362 De
1869 3330 1964 3362 rebus
1979 3340 2069 3363 nune
2085 3331 2197 3370 ipsum
2211 3341 2224 3346 ”
2240 3326 2258 3342 ”
2274 3359 2283 3365 ,,

1391 3379 1616 3470 ἒὲἕἭῗὲἒ
1629 3373 2222 3470 ἕὲἷζῖἷῗὴῖῗιῗρξῖτῗέἆαξὲῗξ

2011 853 2165 898 νοσφιεῖς
2203 847 2249 895 βί“

2244 901 2270 920 Α.

1389 3142 1396 3188 υ-
