2288 3600
950 143 1037 212 Μή
1933 144 2032 193 443

0 263 92 307 ῑ15;
128 265 319 298 Atticorum
348 265 548 304 scriptorum
574 263 778 304 paucissima
807 272 882 295 esse
910 263 984 294 iure
1022 261 1072 307 μὴ
1104 258 1234 308 φύγητε
1268 259 1416 307 μηδαμῇ
1447 258 1536 302 789,
1571 262 1658 302 quod
1694 271 1753 293 cur
1782 262 1893 303 intpp.
1920 271 2037 294 omnes

0 303 62 356 [xit
76 313 167 346 Pors.
187 312 229 344 sd
244 311 375 344 Hecub.
398 307 488 342 1166
513 310 586 342 coll.
607 311 726 342 Elmsl.
748 310 790 342 ad
806 310 895 342 Med.
916 305 984 342 389
1021 318 1079 350 pro
1096 309 1278 341 indicativo
1295 309 1496 349 habuerint,
1524 310 1582 350 qui
1599 309 1696 348 longe
1720 309 1953 349 ineptissimus
1970 312 2034 349 est,

0 363 41 400 fit.
65 357 95 401 1,
125 360 222 392 cuius
239 362 353 391 tamen
378 359 415 390 in
433 357 599 399 Eupolide
617 358 811 397 corrigendo
828 360 982 390 conatum
1022 357 1145 388 nescio.
1175 353 1319 401 ἐλέησον
1337 355 1366 388 ὦ
1383 358 1457 395 παῖ,
1477 354 1536 389 καὶ
1556 354 1604 401 μὴ
1624 355 1737 404 παρῇς
1754 357 1879 389 σαυτοῦ
1899 354 2037 400 βροτοῖς

0 407 39 447 ῥυ
55 408 167 449 probo.
196 406 310 439 Unum
330 405 500 446 Sophoclis
517 407 570 436 est
595 416 620 449 μ
698 406 815 445 εῦσον,
844 403 872 438 ὦ
891 401 983 438 Ζεῦ·
1021 401 1151 440 ὄνειδος
1179 399 1260 434 967.
1281 405 1388 444 παῦε,
1418 402 1467 448 μὴ
1491 400 1592 449 λέξῃς
1616 400 1705 448 πέρα
1730 400 1831 435 1275.
1860 400 2033 443 πείθεσθε,

0 452 25 501 ᾗ
53 447 89 500 μ’
115 450 154 487 ἔλ
181 464 199 494 ς
227 450 308 487 ἄνευ
338 449 438 498 δορός
464 452 535 484 Pel.
562 453 604 483 fr.
718 462 772 493 ap.
793 451 895 484 schol.
922 451 981 483 Ar.
1023 449 1073 495 μὴ
1098 448 1231 495 δείσητε
1257 449 1315 482 OR
1333 447 1435 483 1414.
1464 448 1604 497 στρέψαι
1631 448 1881 495 στράτευμα
1902 449 1961 483 καὶ
1987 449 2035 495 μή

0 498 146 544 hesmss
169 498 210 539 0;
233 501 330 532 cuius
347 499 541 531 memoriam
559 500 705 531 servavit
721 500 822 531 etism
835 499 981 530 Antiatt.
1023 508 1059 530 σε
1085 496 1246 553 διεργάσῃ
1270 496 1327 529 OC
1347 494 1447 530 1417.
1480 494 1669 543 πρόσελθε,
1701 495 1750 542 μὴ
1776 495 1887 544 φύγῃς
1910 495 1971 531 τού
2001 496 2037 531 ὸν

0 549 80 589 ῂέὶ.
100 557 133 589 p.
157 545 235 586 107,
257 544 314 580 30.
352 547 471 579 Gravis
497 549 549 578 est
573 549 686 578 autem
711 546 872 578 Matthiae
896 554 987 578 error
1021 543 1129 579 κακόν
1148 546 1204 578 Τι.
1233 541 1305 577 (96.
1327 542 1413 590 σίγα,
1434 542 1566 586 τέκνον,
1588 542 1637 587 μὴ
1655 543 1800 590 κινήσῃς
1818 542 1939 590 ἀγρίαν
1956 543 1974 578 ὀ
1998 542 2038 577 ύ-

0 595 161 636 RJHecub.
185 591 286 627 1160.
316 594 399 626 Nam
416 594 458 625 de
474 594 570 624 tertia
588 594 714 633 aoristi,
735 603 835 634 quam
852 594 983 632 dicunt,
1021 603 1084 638 νην
1103 590 1171 624 974
1189 602 1242 624 an.
1271 593 1371 636 γενοῦ
1391 603 1451 636 μοι
1474 594 1555 630 παῖς
1582 590 1754 637 ἐτήτυμος
1778 592 1885 638 γεγὼς
1910 590 1970 626 καὶ
1988 590 2038 636 μὴ

0 640 113 683 §tuom
123 642 262 674 minime
279 642 406 673 cavisse
421 641 649 680 grammaticos
667 641 793 673 clarum
810 643 882 672 est:
902 649 985 681 quo·
1021 639 1061 673 τὸ
1078 638 1208 686 μητρὸς
1225 637 1334 683 ὄνομα
1350 637 1562 687 πρεσβεύσῃς
1579 637 1683 674 πλέον
1699 636 1800 671 1065.
1829 638 1956 685 πατρὸς
1973 636 2038 673 άλ-

0 691 68 734 ᾒοᾶο
86 688 188 730 Soph.
209 689 298 720 dixit
315 685 401 733 ἐμοῦ
421 685 458 721 δὲ
477 685 602 732 μήποτ’
620 682 811 766 ἀξιωθῃτω
823 685 899 721 τόδε
917 697 987 720 πα-
1022 685 1085 721 λου
1110 689 1210 733 γενοῦ
1235 696 1297 720 του
1310 713 1317 726 ,
1347 680 1428 741 μηδ’
1455 684 1537 731 ἐμὸς
1553 684 1691 733 κληθῇς
1716 683 1766 719 ἔτι
1786 684 1886 725 1205,
1908 687 1966 718 ubi
1984 695 2038 718 re·

0 736 82 784 ρῷον
99 733 182 771 ἄστυ
201 734 329 775 ζῶντος
346 733 487 779 οἰκητοῦ
504 744 556 768 τυ·
572 736 623 768 εῖν
640 732 730 767 031
758 732 815 766 49.
836 732 987 780 φύλασσε
1023 735 1109 767 otius
1135 736 1275 766 fortasse
1310 733 1359 779 μὴ
1389 731 1427 766 οέ
1459 735 1633 766 scribetur.
1679 731 1832 778 πρόσθου
1866 732 2034 779 δάμαρτα,

0 782 66 830 ῃδέ
83 793 119 816 σε
144 780 318 828 κινησάτω
342 793 393 820 τις
409 783 464 814 Αἰ.
488 779 526 813 11
556 774 589 815 0.
612 779 693 827 μηδ’
717 779 741 826 ἡ
761 780 818 827 βία
835 790 871 814 σε
887 792 988 827 νικη-
1026 778 1107 827 μηδ’
1132 779 1325 826 ἀπιστήσῃς
1348 778 1448 826 πατρί
1480 778 1580 813 1224.
1611 779 1755 820 δέξασθέ
1781 791 1823 826 με
1903 779 1962 814 καὶ
1987 778 2037 825 μή

0 829 67 873 jem
86 827 188 863 1334.
202 847 306 862 -.—
326 830 358 862 d.
380 830 527 861 Rursum
544 831 791 862 coniunctlvum
804 830 988 869 praesentis
1026 823 1061 874 μ’
1077 826 1200 873 ἄτιμον
1217 826 1314 874 τῆσδ’
1330 826 1556 873 ἀποστείλητε
1572 831 1637 875 γῆς
1655 829 1708 861 El.
1730 826 1787 860 71.
1835 826 1951 874 ράζου,
1980 828 2040 862 καί

0 878 180 918 μιιιιιιιιιίσί
197 878 363 910 soloecum
381 877 518 909 dicunt:
540 878 636 909 cuius
648 878 782 917 generis
796 886 872 908 cum
890 877 987 916 longe
1025 887 1068 922 με
1094 874 1144 921 μή
1171 869 1251 910 ποθ’
1277 873 1415 920 ὕστερον
1439 873 1599 909 παθοῦσα
1627 873 1748 923 μέμψῃ
1767 873 1812 907 38
1840 900 1847 907 .
1876 876 1951 907 Uno
1969 876 2040 908 loco

0 927 95 967 Biora
111 928 192 959 sunt
209 924 383 966 exempla,
411 927 490 956 tum.
502 924 581 956 libri
598 925 713 966 scripti
731 925 920 963 fluctuant,
949 927 989 955 ut
1024 927 1168 964 utraque
1202 924 1392 955 sententiae
1426 933 1503 964 pars
1529 924 1657 964 aliquid
1691 924 1846 964 prohibet
1870 923 1963 962 fleri,
2000 927 2040 955 ut

0 968 66 1012 fiete
89 967 164 1005 illos
189 972 402 1013 praecepisse
425 971 570 1003 dubitari
596 981 663 1003 non
686 972 803 1012 possit.
834 971 885 1003 Cf.
907 971 987 1003 Por·
1025 972 1188 1012 utrinque
1207 968 1256 1014 μή
1275 971 1422 1010 positum
1440 972 1495 1002 sit.
1524 969 1583 1004 καὶ
1602 969 1650 1015 μὴ
1669 968 1834 1016 βράδυνε,
1865 963 1946 1015 μηδ’
1964 968 2038 1003 ἐπι-

0 1026 47 1073 p.
67 1020 107 1053 ad
124 1019 254 1052 Hecub.
272 1015 373 1051 1166.
393 1019 511 1050 Matth.
532 1019 572 1050 ad
591 1019 680 1051 Med.
697 1015 777 1050 218.
800 1018 932 1050 Schaef.
949 1018 989 1050 ad
1027 1016 1187 1065 μνησθῇς
1205 1015 1254 1051 ἔτι
1267 1015 1392 1063 Τροίας
1407 1018 1467 1050 Ph.
1484 1015 1585 1050 1400.
1608 1018 1674 1051 Sed
1687 1019 1788 1050 etiam
1802 1019 1838 1050 in
1851 1018 1913 1049 hoc
1922 1027 2039 1050 exem-

0 1067 72 1108 loeeg.
88 1068 112 1099 1.
125 1077 154 1099 c.
169 1067 252 1098 etin
267 1067 337 1098 ind.
355 1076 387 1097 v,
406 1063 468 1110 μή.
484 1083 587 1097 -—.—
601 1076 631 1098 e.
652 1065 863 1098 coniunctim
877 1066 991 1097 aoristz·
1026 1067 1080 1107 plo
1108 1064 1157 1110 μὴ
1185 1063 1329 1111 βράδυνε
1359 1065 1524 1096 hortantis
1550 1069 1620 1105 est,
1659 1068 1698 1097 ut
1722 1066 1899 1097 confestim
1925 1066 2037 1105 faciat,

0 1108 63 1153 ise
81 1114 227 1147 maxime
244 1113 452 1154 prohibenda
468 1113 762 1154 praecavendaque
788 1122 887 1145 suum
916 1122 989 1144 esse
1028 1107 1108 1158 μηδ’
1134 1108 1351 1158 ἐπιμνησθῇς
1377 1113 1545 1153 caventis,
1581 1122 1624 1144 ne
1651 1113 1717 1144 alia
1740 1113 1978 1154 Neoptolemus
2004 1113 2040 1144 in

0 1166 100 1198 mnus
125 1162 205 1193 satis
230 1161 385 1192 exsecuti
411 1163 493 1192 sunt
515 1161 631 1192 Herm.
652 1161 677 1192 l.
700 1170 728 1192 c.
757 1164 791 1192 et
808 1160 930 1192 Frank.
952 1169 984 1201 p.
1027 1163 1175 1192 mentem
1190 1160 1338 1192 inducat.
1842 1160 1891 1202 (ΙΙ
1908 1170 1942 1200 p.
1964 1156 2042 1203 99.)

0 1204 33 1251 β.
62 1207 112 1254 μή
140 1201 175 1253 μ’
191 1204 284 1252 ὄκνῳ
302 1205 471 1244 δείσαντες
489 1205 684 1254 ἐκπλαγῆτε
702 1208 763 1239 Ph.
785 1204 867 1239 225.
896 1205 988 1252 φρά-
1113 1207 1127 1249 ss
1145 1203 1214 1252 Μή
1241 1216 1330 1238 cum
1355 1206 1606 1246 infinitivo,
1628 1224 1732 1239 -.--
1768 1217 1797 1238 a.
1823 1208 1970 1247 primum
1994 1207 2042 1238 ita

21 1267 38 1295 ς
63 1266 122 1301 μοι
149 1253 198 1300 μὴ
216 1252 305 1300 πέρα
321 1251 400 1286 332.
458 1252 481 1299 ὴ
500 1252 603 1302 λίπῃς
623 1248 658 1299 μ’
675 1251 765 1288 οὕτω
784 1252 887 1300 μόνον
905 1251 986 1286 468.
1027 1255 1152 1286 dicitur
1175 1260 1213 1286 ut
1245 1254 1442 1286 substantivi
1464 1254 1604 1286 verbalis
1627 1253 1740 1295 officio
1764 1255 1904 1286 articulo
1929 1253 2042 1286 addito

0 1314 2 1316 ’
55 1300 90 1349 μ’
111 1300 204 1349 ἀφῇς
229 1299 358 1347 ἔρημον
375 1266 457 1334 486,
487 1299 536 1346 μὴ
562 1304 621 1335 νῦν
648 1299 682 1345 μ’
705 1300 766 1350 ἔρῃ
789 1299 833 1335 τὸ.
850 1298 992 1334 πλείονα
1028 1302 1195 1342 sanentur
1219 1305 1254 1333 et
1275 1302 1327 1333 vel
1353 1302 1542 1333 subiectum
1568 1302 1758 1333 sententiae
1784 1302 1848 1341 sit,
1878 1302 1932 1332 vel
1948 1302 2040 1332 obie-

32 1375 58 1391 ,-
86 1347 136 1394 μή
167 1358 210 1394 με
240 1347 408 1395 διαβάλῃς
436 1347 568 1394 στρατῷ
591 1346 670 1381 582.
704 1348 753 1393 μὴ
784 1347 885 1395 φείσῃ
916 1346 990 1393 βίου
1028 1353 1132 1381 etum.
1161 1342 1258 1382 πάντ’
1283 1346 1474 1394 ἐκπορίζει,
1503 1345 1595 1394 πλὴν
1617 1347 1655 1382 τὸ
1682 1346 1731 1393 μὴ
1755 1350 1870 1382 νοσεῖν
1897 1346 1959 1392 ἐμέ
1977 1349 2038 1380 Ph.

48 1423 56 1430 .
86 1395 183 1444 ἔχετε
199 1395 239 1430 τὸ
263 1397 426 1442 πρᾶγμα·
481 1395 505 1441 ὴ
523 1393 654 1442 φύγητε
673 1394 821 1443 μηδαμῇ
838 1392 917 1428 789.
941 1393 990 1440 μή
1028 1392 1109 1428 299.
1137 1395 1176 1430 τὸ
1203 1395 1251 1441 μὴ
1279 1393 1449 1441 φθονερὰν
1475 1392 1597 1434 ἐξῶσαι
1621 1393 1777 1441 γλώσσας
1802 1393 1926 1429 ὀδύναν
1953 1393 2039 1427 1141

51 1442 244 1491 καταλίπῃς
269 1441 371 1488 μόνον
397 1407 480 1476 809...
512 1443 570 1477 τὸν
594 1441 666 1489 βίον
692 1442 741 1488 μή
768 1454 835 1487 μου
859 1440 991 1489 ἀφέλῃς
1029 1444 1080 1476 ch.
1110 1441 1175 1477 οὐκ
1190 1441 1252 1487 ὴνε
1292 1441 1389 1488 -όμην
1414 1441 1452 1476 τὸ
1481 1442 1529 1488 μὴ
1548 1440 1747 1489 ἀποκλῇσαι
1770 1441 1899 1488 τούμὸν
1919 1439 2042 1476 ἄθλιον

23 1494 39 1518 tf.
63 1489 124 1536 [cf.
140 1488 296 1537 ἀφαιρέω
313 1494 347 1522 et
363 1491 386 1522 i.
404 1501 435 1522 v.
459 1489 527 1536 ἐγώ
545 1501 576 1531 p.
601 1488 668 1522 190
686 1492 718 1529 b,
743 1487 812 1535 11].
836 1489 884 1535 μὴ
903 1499 993 1534 παρ-
1031 1489 1136 1535 δέμας
1155 1490 1212 1523 OR
1232 1453 1333 1522 1ss8.
1365 1488 1482 1534 μόνοις
1508 1487 1585 1535 παρ’
1611 1487 1691 1533 ὑμῖν
1716 1487 1824 1535 ηὗρον
1849 1489 1908 1524 καὶ
1930 1489 1968 1524 τὸ
1993 1488 2043 1534 μὴ

8 1547 25 1585 ,ἃ
46 1540 173 1572 σαυτοῦ
198 1536 217 1583 β
242 1540 334 1575 οτοῖς
359 1535 488 1575 ὄνειδος
506 1535 587 1570 967.
617 1535 667 1582 μὴ
686 1535 810 1585 ἔλθῃς,
850 1535 991 1571 ἱκετεύω
1030 1535 1276 1583 ψευδοστομεῖν
1294 1537 1349 1569 OC
1371 1534 1470 1569 1127.
1499 1535 1559 1571 καὶ
1582 1535 1691 1582 πάρος
1710 1535 1863 1583 ἀπέφυγε
1887 1535 1931 1571 τὰ
1948 1536 2044 1583 σφῷν

82 1595 128 1618 m.
158 1583 209 1630 μὴ
222 1549 327 1632 ςιέξῃς
344 1582 432 1631 πέρα
452 1582 553 1617 1275.
583 1585 632 1631 μὴ
651 1582 722 1618 ’πεύ
785 1582 872 1630 πέρα
888 1581 988 1616 1286.
1029 1583 1068 1618 τὸ
1086 1584 1134 1630 μὴ
1154 1583 1282 1618 πίτνειν
1298 1588 1418 1621 κακῶς
1445 1581 1536 1617 1740
1552 1585 1603 1617 ch.
1624 1595 1674 1617 res
1691 1588 1815 1617 vestrae
1831 1585 1958 1617 malum
1974 1587 2043 1616 exi—

3 1635 15 1687 T.
50 1629 162 1679 μεθῇς
180 1629 685 1712 β’έλος113οίὲῂιιᾷῒέ9φροντίσῃς
704 1629 746 1690 14
792 1657 804 1687 '.
829 1631 885 1689 ,μὴ
903 1642 993 1676 παρ-
1031 1636 1100 1664 tum
1127 1632 1334 1673 effuyerunt,
1371 1632 1458 1672 quod
1477 1641 1556 1663 sane
1583 1633 1687 1672 magis
1711 1633 1832 1664 Latine
1857 1633 1981 1664 dicitur
2003 1641 2045 1664 nc

15 1678 151 1760 'te-'3356'³
171 1688 402 1772 ΐήφιβαῒὶῖλῇ
421 1689 792 1774 κτάνῃςμῃήᾙξνῶἒξι
805 1687 994 1770 ιζῒῗίῦῖρέθ
1031 1730 1092 1758 est.
1123 1725 1224 1772 φασὶν
1249 1723 1508 1772 ἐκκεκηρῦχθαι
1531 1725 1570 1760 τὸ
1596 1726 1645 1772 μὴ
1669 1725 1769 1773 τάφῳ
1786 1724 1941 1772 καλύψαι
1958 1727 2039 1758 Ant.

49 1784 90 1808 :w
105 1772 213 1821 μηδὲν
232 1772 267 1811 ἐς
282 1770 394 1817 θυμὸν
412 1770 556 1822 βάλῃς9
582 1771 615 1806 5.
635 1772 684 1819 μὴ
704 1771 831 1817 ματεύσ
859 1785 875 1811 ς
892 1775 993 1807 τοῦτο
1030 1771 1087 1805 27.
1123 1772 1162 1806 τὸ
1193 1773 1242 1818 μὴ
1272 1770 1447 1819 ’πιχωρεῖν
1476 1775 1549 1810 τοῖς
1575 1772 1770 1808 ἀπιστοῦσιν
1799 1772 1882 1807 τάδε
1909 1770 1977 1806 219
1995 1783 2040 1806 sc.

12 1821 39 1849 ⁴1:
74 1847 82 1855 .
123 1820 182 1901 μτὶ
199 1819 288 1867 δῆτα
323 1819 382 1854 τὸν
411 1819 554 1867 γέροντά
583 1819 617 1866 μ’
647 1819 762 1868 αἰκίσῃ
800 1818 839 1853 11
869 1818 901 1853 3.
944 1818 993 1865 μὴ
1032 1814 1335 1865 tuM.
1389 1818 1510 1866 ἔφλεγε
1534 1820 1573 1854 τὸ
1593 1820 1642 1866 μὴ
1669 1820 1794 1855 εἰδέναι
1809 1818 1880 1853 263
1904 1819 2045 1867 [ἔφευγε

2 1867 7 1908 Ϊ
96 1880 112 1902 ε
139 1867 156 1901 1
187 1866 240 1901 14.
271 1865 313 1913 μ’
350 1879 408 1913 μοι
440 1865 579 1915 προσθῇ
611 1867 777 1914 μέριμναν
812 1865 913 1900 1459.
945 1866 993 1913 μή
1030 1870 1096 1905 πᾶς
1113 1867 1152 1901 τὸ
1170 1867 1219 1913 μή
1238 1868 1306 1900 Din
1335 1865 1372 1912 ..]
1401 1869 1510 1908 Vulgo
1527 1866 1649 1913 ἔφευγε
1665 1867 1704 1902 τὸ
1723 1867 1772 1914 μὴ
1790 1866 1927 1909 εἰδέναι,
1958 1869 2045 1908 quod

3 1946 29 1963 ,
63 1913 216 1963 περιίδῃς
235 1912 302 1947 150
336 1940 343 1955 ,
366 1917 396 1948 si
422 1917 587 1956 scriptura
612 1921 702 1948 certa
719 1913 880 1963 [παρίδῃς
905 1913 990 1958 LA]
1031 1919 1082 1947 est
1098 1917 1329 1947 conscientiam
1347 1925 1417 1947 non
1433 1914 1574 1955 defuyit.
1603 1916 1675 1948 Erf.
1697 1914 1819 1961 ἔφευγε
1837 1915 1886 1960 μὴ
1905 1913 2041 1955 εἰδέναι,

4 1967 7 1974 ““
34 1986 42 2000 ι
59 1959 90 2009 μ’
119 1960 288 2010 ἀτιμάσῃς
312 1963 367 1996 00
385 1959 442 1994 49.
473 1961 521 2007 μὴ
547 1961 686 2009 γένησθ’
711 1961 908 2009 ἀγνώμονες
933 1956 991 1994 86.
1031 1963 1089 1994 alii
1114 1961 1164 2007 τῷ
1182 1961 1231 2008 μὴ
1257 1960 1400 2002 εἰδέναι,
1430 1963 1589 1994 simulans
1613 1973 1680 1995 sese
1695 1965 1829 1995 nescire.
1858 1964 2046 1995 Hermanni

6 2026 9 2056 ;
33 2022 104 2056 με
134 2003 309 2056 προσίδητ’
343 2008 474 2054 ἄνομον
503 2007 570 2042 142
586 2019 640 2042 sn.
671 2009 741 2055 μή,
775 2008 846 2055 μή,
879 2008 928 2054 μή
960 2003 995 2053 μ’
1012 2032 1013 2043 ,
1029 2010 1217 2041 emendatio
1258 2010 1457 2051 probabilis:
1494 2010 1609 2042 urebat
1640 2020 1717 2050 nos,
1765 2010 1851 2052 quod
1879 2013 2046 2041 auctorem

9 2054 86 2106 ,ἄζῃ
110 2054 180 2090 210
197 2065 241 2089 ιιι.
275 2055 324 2102 μὴ
355 2054 489 2104 ἀνοίξῃς
518 2054 587 2090 515
605 2067 649 2089 m.
686 2056 735 2103 μή
767 2068 833 2101 μου
863 2054 995 2102 δεηθῇς
1031 2057 1274 2096 ἰρηοταόατηυε.
1314 2055 1353 2090 τὸ
1380 2054 1563 2101 μανθάνειν
1592 2051 1690 2091 πόλλ’
1707 2056 1846 2104 αἰσχρὸν
1864 2055 1964 2091 οὐδὲν
1987 2057 2046 2090 καὶ

9 2095 40 2154 J
77 2129 86 2139 .
122 2103 170 2150 μή
221 2102 229 2115 '
253 2102 387 2150 ἀνάγκῃ
413 2101 612 2151 προσβάλῃς
639 2102 739 2136 1178.
771 2102 820 2149 μή
848 2101 882 2148 μ’
905 2102 995 2138 ἀπο·
1030 2102 1068 2137 τὸ
1094 2102 1142 2148 μὴ
1168 2101 1287 2136 τείνειν
1311 2101 1397 2149 ἄγαν
1423 2101 1502 2136 711.
1532 2102 1718 2149 αἰτουμένη
1744 2115 1811 2138 που
1833 2102 1984 2142 τεύξεται
2007 2103 2046 2138 τὸ

92 2150 134 2198 ῆς
153 2149 197 2184 12
221 2149 254 2183 2.
284 2151 333 2198 μή
362 2149 396 2196 μ’
422 2149 612 2196 ἀτιμάσητέ
638 2162 675 2197 γε
696 2148 797 2183 1409.
827 2149 876 2195 μὴ
896 2148 994 2184 πόλιν
1032 2149 1081 2196 μὴ
1100 2148 1217 2184 θανεῖν
1235 2148 1315 2182 778.
1335 2149 1374 2184 τὸ
1401 2149 1450 2196 μὴ
1476 2148 1648 2185 πυθέσθαι
1665 2154 1732 2185 ποῦ
1748 2146 1849 2192 ’στίν,
1878 2149 2045 2198 αἰσχύνην

10 2190 37 2214 ⁸
69 2197 140 2246 ’σἰσῃ
168 2195 270 2231 1417.
298 2197 358 2233 καὶ
383 2197 432 2243 μή
461 2195 494 2242 μ’
521 2196 666 2243 ἐπίσχῃς
692 2209 729 2244 γε
750 2195 851 2230 1432.
874 2196 923 2242 μή
941 2208 995 2231 τοι
1032 2196 1128 2244 φέρει
1151 2198 1206 2230 Τι’.
1229 2195 1285 2230 66.
1313 2197 1351 2232 τὸ
1378 2198 1427 2243 μὴ
1453 2196 1627 2233 πυθέσθαι
1652 2193 1686 2243 μ’
1711 2197 1886 2245 ἀλγύνειεν
1902 2196 1944 2232 ἄν
1961 2195 2042 2231 458.

10 2250 57 2281 *0¹2
89 2243 215 2293 ιμάσῃς
238 2246 319 2278 Ant.
341 2242 420 2278 544.
452 2243 500 2290 μή
528 2258 585 2290 μοι
603 2244 713 2293 θάνῃς
737 2243 776 2278 σὺ
793 2244 894 2279 κοινά
910 2242 991 2277 546.
1030 2243 1069 2279 τὸ
1096 2244 1145 2290 μὴ
1171 2238 1343 2290 ’πιθυμεῖν
1369 2244 1512 2290 περισσὰ
1545 2244 1626 2291 δρᾶν
1651 2244 1837 2292 (φύλασσε)
1862 2243 1941 2278 617.
1979 2244 2046 2280 *τὸ

25 2306 36 2321 ψ·
54 2291 118 2329 ίνύν
135 2303 218 2326 ποτε
236 2291 361 2348 φρένας
386 2287 439 2339 ὑφ’
466 2290 596 2336 ἡδονῆς
615 2291 734 2337 δαμεὶς
780 2291 917 2329 υναικὸς
934 2289 995 2326 οὕ-
1033 2291 1081 2338 μὴ
1101 2294 1240 2338 φρονεῖν
1256 2290 1320 2338 γὰρ
1337 2287 1434 2338 κάρτ’
1451 2291 1624 2326 ἀνώδυνον
1640 2291 1749 2326 κακόν
1767 2294 1821 2326 Ai.
1839 2290 1909 2324 554
1925 2295 1946 2325 b
1969 2291 2046 2337 [de-

20 2383 21 2386 ,
51 2384 53 2388 ,
67 2337 218 2387 ἐκβάλῃς
236 2337 316 2372 648.
344 2342 445 2374 τοῦτο
463 2339 512 2385 μὴ
532 2338 633 2388 δόξῃς
650 2338 734 2373 ποτέ
774 2337 829 2372 62.
860 2338 909 2384 μὴ
934 2337 995 2372 έκ-
1031 2341 1097 2371 lev,
1115 2337 1245 2383 Brck.].
1262 2338 1302 2373 τό
1314 2350 1351 2372 τε
1370 2339 1418 2385 μὴ
1438 2337 1576 2384 βλέπειν
1594 2338 1714 2385 ἑτοίμα
1722 2341 1775 2372 El.
1789 2337 1880 2372 1078
1890 2340 1942 2372 ch.
1960 2338 2047 2386 φεύ-

18 2420 24 2426 „
73 2396 115 2436 ῃς
138 2384 239 2432 λόγον
259 2389 313 2420 Τι.
335 2384 415 2420 436.
438 2386 487 2432 μὴ
515 2385 625 2433 φύγῃς
642 2385 770 2431 τούμὸν
786 2385 893 2420 κακόν
912 2383 990 2418 797.
1031 2397 1111 2432 γεις,
1141 2383 1180 2420 οὐ
1202 2386 1241 2420 τὸ
1267 2386 1316 2432 μὴ
1334 2384 1450 2420 κλύειν
1473 2391 1592 2424 κακῶς
1610 2389 1650 2420 fr.
1673 2388 1774 2427 Synd.
1797 2384 1875 2428 152,
1897 2384 1930 2419 3.
1959 2385 2042 2432 δρᾶν

56 2454 72 2460 »-
87 2433 151 2478 νήσ
179 2446 195 2472 ς
212 2431 281 2466 974
298 2445 352 2466 an.
374 2433 423 2479 μὴ
441 2432 479 2467 τὸ
498 2433 628 2480 μητρὸς
650 2432 760 2478 ὄνομα
783 2431 995 2480 πρεσβεύσῃς
1031 2431 1089 2466 καὶ
1105 2432 1143 2467 τὸ
1162 2433 1211 2477 μὴ
1227 2431 1309 2477 δρᾶν
1327 2434 1411 2466 Ach.
1428 2435 1540 2466 Amat.
1565 2432 1642 2475 162,
1664 2432 1696 2466 9.
1725 2432 1858 2479 λῷστον
1939 2433 1988 2479 μή
2007 2446 2045 2479 γε

106 2478 148 2514 10
174 2480 206 2514 5.
237 2479 286 2526 μὴ
304 2479 392 2526 δῆτα
407 2479 464 2514 τὸν
483 2478 647 2527 δύστηνον
666 2479 735 2515 ὧδέ
752 2475 782 2527 γ’
799 2479 916 2526 αἰκίσῃ
934 2481 990 2512 Ai.
1032 2478 1140 2514 πλείω
1157 2478 1255 2514 τῶνδ’
1273 2479 1365 2527 ἔχειν
1383 2479 1581 2527 δυσφημίας
1599 2483 1676 2514 Hel.
1697 2479 1774 2522 185,
1792 2478 1824 2513 2.
1853 2479 1893 2514 τὸ
1913 2481 1961 2527 μὴ
1980 2480 2045 2528 γὰρ

31 2538 52 2559 ,¹
85 2526 147 2574 μή,
175 2526 224 2574 μή
244 2525 289 2573 μ’,
316 2526 410 2569 ἄναξ,
439 2527 549 2562 κακὰν
575 2527 673 2575 φάτιν
700 2525 766 2575 ἄρῃ
787 2525 851 2561 191
871 2528 922 2560 ch.
944 2526 993 2573 μή
1031 2525 1118 2561 εἶναι
1140 2529 1300 2573 κρεῖσσον
1325 2525 1348 2572 ἢ
1373 2527 1412 2561 τὸ
1430 2527 1492 2574 ζῆν
1517 2533 1636 2566 κακῶς
1653 2529 1724 2561 Pel.
1746 2526 1826 2560 436.
1846 2546 1887 2552 —-
1908 2529 1971 2561 Est
1987 2530 2046 2561 ubi

20 2585 50 2629 ζ’,
86 2576 190 2623 ιώσῃς
213 2574 333 2629 λαβεῖν
349 2573 429 2607 494.
451 2573 500 2620 μὴ
527 2573 688 2633 ὑβριστὴς
713 2574 795 2634 γένῃ
816 2572 917 2608 1091.
937 2573 996 2633 τον,
1031 2584 1126 2607 casus
1150 2579 1287 2616 quartus
1310 2576 1423 2607 addito
1446 2577 1594 2607 efficitur
1619 2576 1780 2616 articulo,
1808 2576 1866 2607 ubi
1883 2578 2046 2616 yenitivus

77 2641 92 2696 ’.
111 2620 285 2716 ἅῖἷτῖξὲξ
303 2621 434 2701 ἓὶῗλῗὶῗ
463 2619 589 2714 ᾗῇΒῗ-ᾴν
607 2634 657 2703 ‘252³
670 2632 991 2717 Jw‘ss‘ss‘sssswff.
1031 2625 1302 2701 ἓίῗῗὲιξῖἷῖξὲῗῖ
1320 2626 2045 2716 Τιέῗέἓῗοέῆνῗέῗὲιέἓ.Ἷξὲρὲἓέἷέἶιᾷειὲἓῖ

11 2710 132 2764 ”Γ;.»οθ’
155 2715 292 2762 ὕστερον
317 2714 478 2750 παθοῦσα
504 2714 625 2764 μέμψῃ
644 2714 725 2749 383.
753 2715 812 2750 καὶ
839 2715 889 2761 μὴ
909 2714 996 2762 ἐφῇς
1032 2714 1233 2762 δραγμένος,
1251 2715 1300 2749 ,τὸ
1328 2716 1376 2761 μὴ
1396 2713 1520 2750 παθεῖν
1538 2714 1579 2750 ἂν
1602 2715 1690 2750 ἄλλο
1713 2715 1804 2761 πλὴν
1820 2717 1859 2751 τὸ
1877 2715 2044 2761 μόρσιμον

73 2769 82 2791 ’5
94 2762 144 2808 μή
163 2775 205 2809 με
228 2765 287 2797 νῦν
305 2762 431 2808 μηκέτι
462 2763 663 2811 παραγάγῃς
679 2761 747 2795 854
765 2774 810 2795 ιιι.
841 2761 890 2808 μὴ
909 2761 996 2809 δ’τα
1031 2764 1113 2795 Ant.
1135 2760 1215 2795 236.
1238 2781 1279 2787 -
1311 2764 1414 2795 Casus
1430 2766 1594 2802 yenitivus
1611 2765 1723 2796 addito
1741 2765 1880 2796 articulo
1897 2766 2044 2796 efficitur

22 2813 78 2853 ,ιιι
108 2806 143 2856 μ’
169 2809 271 2857 ἐργάσ
324 2807 424 2843 1206.
455 2809 504 2855 μὴ
534 2808 625 2858 Ἐέλῃ
651 2809 694 2844 τὰ
717 2808 862 2856 φίλτατα
889 2807 932 2842 12
957 2808 990 2841 8.
1032 2821 1050 2842 a
1066 2811 1201 2842 nomine
1218 2811 1391 2851 pendens:
1419 2808 1510 2844 θεῶν
1533 2822 1594 2844 του
1614 2808 1739 2855 μελέτῃ
1765 2813 1826 2844 τοῦ
1851 2810 1900 2855 μὴ
1919 2810 2044 2856 πρότε-

22 2841 64 2901 ,ᾗ
88 2854 98 2868 ‘
121 2855 268 2902 ἀποστερ
297 2868 358 2904 σῃς
385 2854 474 2889 1276
492 2868 536 2889 ιιι.
566 2855 610 2902 ἣν
635 2856 674 2890 σὺ
702 2856 750 2903 μὴ
777 2855 891 2904 δείσῃς
913 2854 995 2890 ποτέ
1033 2867 1090 2902 ρον
1113 2859 1223 2890 τεῖναι
1247 2855 1290 2890 τὰ
1312 2855 1402 2890 θεῶν
1428 2855 1595 2904 ἀμάχητα
1619 2856 1703 2903 βέλη
1726 2858 1787 2890 Ph.
1811 2855 1889 2898 197,
1918 2859 1977 2890 ubi
2000 2868 2044 2890 ne

28 2927 91 2952 ὦ.
125 2904 175 2951 μή
200 2915 233 2938 τι
257 2902 324 2939 θαυ
355 2903 441 2951 άσῃς
467 2906 507 2936 fr.
536 2905 652 2937 Oreus.
674 2902 764 2944 325,
795 2902 824 2935 1.
863 2903 912 2949 μή
940 2915 995 2937 πω
1032 2905 1209 2936 subaudias
1236 2901 1355 2944 ἕνεκα,
1384 2906 1580 2937 memineris
1611 2903 1714 2949 μελέτ
1766 2907 1827 2938 τοῦ
1857 2903 1907 2950 μὴ
1935 2907 2044 2938 τεῖναι

30 2947 180 3000 ἐἴπῃς
197 2953 274 2991 Tyr.
296 2950 317 2983 5
343 2949 364 2984 3
380 2953 413 2983 b.
444 2950 492 2996 μή
512 2962 571 2996 μοι
587 2953 756 2997 κρυφαῖον
775 2949 884 2996 μηδὲν
911 2948 996 2990 ἐξεί-
1031 2952 1202 2991 coniungi.
1230 2951 1395 2983 Dativus:
1422 2950 1456 2984 ἐν
1481 2951 1530 2997 τῷ
1548 2950 1596 2997 μὴ
1623 2950 1726 2986 δύνασ
1753 2963 1787 2985 αι
1811 2950 1863 2996 [ἐν
1889 2951 1939 2997 τῷ
1955 2950 2044 2996 μήτε

30 2989 156 3042 Υἔπος
181 2999 236 3031 inc
253 2996 332 3034 673.
358 2996 389 3051 1.
418 2998 495 3030 Huc
518 2995 604 3056 οἶσθ’
630 2997 677 3035 ὡς
703 2997 751 3056 μὴ
779 2995 914 3044 σφαλῇς
939 2998 994 3030 OG
1033 3000 1156 3032 σωκεῖν
1173 2996 1296 3042 Dind.]
1320 2992 1406 3043 μήθ’
1429 2997 1510 3044 ὁρᾶν
1536 2999 1591 3047 OC
1608 2996 1689 3031 496.
1728 2999 1779 3032 Cf.
1800 3000 1972 3039 Wyttenb.
2002 3000 2043 3031 ad

32 3072 63 3140 ζ’
64 3044 91 3141 3
93 3068 101 3077 ⁰
111 3055 170 3124 1313
183 3043 232 3124 Ἦ]
246 3043 413 3134 §gaggis
428 3042 520 3124 &133
531 3042 995 3138 nssgsbixleffbgioddsglgebssss
1031 3043 1799 3125 Ηυξ.Ρέίιεῖῗιιῐίῗὲἀθιίὶιῗιιὲᾶέοξάτά2εόείιέἷριίατη
1823 3096 1998 3133 neyantem
2021 3103 2043 3125 a

92 3155 107 3166 Δι
142 3162 150 3177 „
166 3135 250 3179 fctum
271 3141 480 3171 conium-tivo
510 3141 712 3170 consociatus
734 3139 920 3180 reperitur,
948 3140 995 3170 ita
1030 3139 1125 3170 verbo
1150 3142 1309 3180 tanquam
1331 3140 1491 3172 obiectum
1510 3140 1672 3180 pendere:
1698 3141 1902 3180 infinitivus,
1922 3141 1959 3171 in
1977 3150 2043 3181 quo

39 3181 71 3194 ‘⁶
84 3179 91 3210 ².
120 3199 144 3227 ·,
162 3189 203 3219 ut
218 3195 272 3218 res
290 3195 447 3228 praesens
466 3186 630 3226 quaedam
648 3186 721 3217 fieri
739 3187 832 3217 iussa
847 3186 915 3226 illo,
938 3195 994 3216 ca-
1031 3186 1082 3217 vis
1100 3187 1308 3226 sententiae,
1333 3196 1391 3218 cur
1409 3185 1457 3231 μή
1476 3188 1628 3219 additum
1646 3188 1776 3227 habeat,
1797 3188 1894 3218 facile
1912 3188 2043 3218 intelli-

32 3267 34 3271 ’
71 3233 384 3312 ἱιιὲθῃῗῗιῖἓῗῗ
400 3234 519 3311 ῗέῗιῖί
539 3233 717 3311 ἔέῐῗοῖοξ
724 3233 996 3311 ’ἓῗᾱοιῖἓᾚιῖἓῐ
1030 3231 1278 3313 {usgasaw
1295 3230 1365 3288 γὰρ·
1375 3231 1478 3312 ²⁰²5?
1493 3231 1601 3312 {23³⁹
1620 3232 1681 3288 ‘³⁷³-
1693 3231 1718 3272 ’ξ
1735 3232 1890 3288 ἀπ’ῗπτου
1909 3231 2042 3312 ⁹513?

291 3331 326 3359 ..
502 3289 575 3358 15¹..
780 3303 820 3358 ι.
1029 3290 1437 3371 structuras...
1466 3291 2042 3373 2502.’32:833‘2320233023353

34 3373 44 3418 ζ
107 3375 228 3406 ‘umen
246 3375 432 3406 accuratius
449 3374 627 3415 quaesivit.
656 3371 840 3418 ἀπάμησον
869 3371 916 3410 ὡς
932 3370 995 3406 τά-
1029 3370 1201 3408 ποιεῖσθαι
1218 3371 1298 3406 551.
1325 3372 1383 3408 τὸν
1401 3371 1529 3420 φθόνον
1548 3372 1584 3407 δὲ
1602 3373 1814 3417 πρόσκυσον,
1844 3373 1893 3420 μή
1912 3384 1965 3408 σοι
1981 3385 2039 3421 γε-

38 3460 43 3467 M
140 3418 190 3465 μὴ
215 3418 316 3469 φείσῃ
341 3417 417 3466 βίου
441 3421 502 3453 Ph.
524 3416 604 3453 749.
643 3418 740 3468 ἔχετε
763 3418 802 3453 τὸ
827 3421 991 3466 πρᾶγμα·
1029 3417 1148 3455 νέσθαι
1164 3417 1329 3454 πολύπον’
1346 3418 1434 3455 αὐτά
1450 3419 1530 3454 777.
1551 3419 1640 3455 κατὰ
1654 3420 1824 3467 σημασίαν
1841 3422 1968 3455 dictum
1982 3432 2041 3464 pro

1029 1681 1117 1711 male
1141 1679 1343 1719 exciderent,
1373 1679 1432 1710 sed
1456 1680 1621 1711 obiective
1646 1680 1773 1712 dictum
1797 1680 1904 1711 nihilo
1930 1680 2045 1711 minus

2260 1714 2288 1761 'J

2106 1764 2125 1798 J
2241 1768 2288 1786 a...

2071 1766 2173 1880 καί
