2288 3600
55 128 119 141 ι,

191 152 236 202 ]

167 174 216 190 ,.“

42 219 46 231 p

22 250 124 300 ἷῧὶ.
154 258 220 296 139
237 261 288 294 ch.
324 257 402 295 οὔτε
424 258 489 307 γὰρ
520 262 602 298 παῖς
631 254 754 307 Ἀγαμε
783 257 917 297 νονίδας

27 318 33 320 “
140 334 156 351 ,,
185 304 259 343 οὔθ’
282 305 301 341 ὁ
318 305 412 353 παρὰ
433 306 492 341 τὸν
508 301 699 355 Ἀχέροντα
714 303 754 340 θε
777 317 793 344 ς
811 305 918 340 ἀνάσ-

9 393 16 401 „
97 357 150 390 cha
189 352 267 390 οὔτε
285 356 474 409 σωφρονεῖν
493 350 554 388 οὔτ
587 352 740 399 εὐσεβεῖν
758 352 917 411 πάρεστιν

31 421 83 484 fi.
113 398 463 494 ἒῖἒτὸὲμῗΐὶἶιέάέῗῗ
483 398 530 482 ἐξ
550 398 918 489 Ξμιῗὲεῗὲςῗμῗιῖῗῖἶῦ

1 502 3 505 ’
18 496 38 505 ”
96 514 113 525 ⁷
151 493 247 535 ξένου
261 492 343 529 800.
371 492 448 528 οὔτε
461 506 521 529 του
538 507 557 528 τ
582 506 648 542 φου
663 492 822 532 ἀντιάσας
840 492 917 528 οὔτε

80 536 278 624 ’,ωὲλάῖἓΨ
307 541 325 576 ὁ
348 544 433 621 ὄῖἓς
462 539 559 621 <pilai
578 544 766 621 ἷοιοὲζταὸἒτ
789 540 914 583 α’σσειν,

73 657 78 665 ³
119 633 128 648 ’
144 634 212 682 ἔπη
227 599 358 681 τῖλῗᾷς
377 599 527 670 έπαιὲεῖν
540 663 548 678 ,
562 599 639 670 ιδῖιθ
657 614 723 682 ἐγὼ
739 615 819 673 τοὺς
837 634 916 673 σοὺς

72 648 174 717 1550.
213 679 315 716 κοῦτε
343 680 426 716 λουτ
450 685 501 720 οῖς
532 680 701 728 ἐκόσμησ’
726 679 804 741 οὔτε
821 693 917 740 παγμ-

0 727 407 836 ψνωὲῗιὶῗέῗζῗόΐέἓ
424 727 746 822 ιῗριῗὲθέἶιῗῖαβῗι
767 740 915 810 ῗέοὲῗτὲ

11 821 134 861 [οὗθ’
159 821 253 862 ὅπως
280 822 354 872 ἀφῇ
377 820 474 867 (οὔτ’
499 821 670 870 ἀφεθῆναι
695 822 786 867 πῶς)
804 820 910 863 θέλει,

3 903 59 918 ...·
91 873 183 917 εροῖν
199 869 238 905 τὸ
261 874 382 917 κτῆμα
399 868 573 916 σύμφορον
601 869 711 916 μένειν
729 871 812 903 Ach.
826 871 909 919 'Am.

7 921 29 945 2*
45 927 48 943 ³
65 882 113 952 70.
149 913 226 952 οὔτε
249 916 314 965 γὰρ
337 916 447 963 γάμον
473 914 553 951 οὔτ’
574 915 615 951 ἂν
633 915 735 963 ὄλβον
754 914 844 956 εὐΕαὶ
874 928 913 951 αν

72 975 135 1001 us.
155 961 242 1007 324,
265 963 296 998 1.
333 961 410 998 οὔτε
429 961 472 1010 μ’
495 963 543 1001 εἰς
561 960 727 1002 Δώδωνος
746 961 822 998 οὔτε
872 975 914 997 υ-

3 1019 78 1058 ⁵23.
94 1022 143 1050 τις
159 1008 199 1046 ἂν
216 1010 359 1046 πείσειεν
378 1012 486 1053 Niptr.
508 1008 589 1053 401,
612 1010 643 1044 1.
681 1009 750 1045 οὔτ’
768 1009 866 1051 ἐξεπο
897 1029 912 1034 -

4 1062 59 1105 31¹
79 1055 88 1071 ²
105 1055 218 1105 ἐπαυχ
246 1057 333 1104 ήσας
351 1056 450 1104 φίλος
467 1059 582 1098 Polyx.
603 1055 685 1099 470,
705 1056 737 1091 4.
768 1056 816 1095 οἷς
835 1069 912 1092 ουτε

22 1111 24 1113 ’
36 1101 134 1146 ὀὔτε
149 1115 199 1144 τις
215 1071 305 1140 gerba
386 1103 460 1139 ποτ’
485 1102 525 1139 ἂν
541 1103 684 1151 νείμειεν
703 1103 797 1145 ἀξίαν
813 1103 913 1152 χοίριν

18 1152 97 1197 “ri-³,
113 1149 148 1186 2.
175 1148 246 1187 οὔτ’
262 1149 320 1187 ἀπ’
339 1150 503 1199 εὐγενέων
521 1150 657 1193 ἐσθλός,
679 1149 748 1185 οὔτ’
765 1149 912 1209 ἀχρείων

15 1197 160 1257 ξζριαξός
178 1199 255 1254 ᾞγῐ.
283 1197 350 1233 583
365 1210 394 1240 a,
415 1196 449 1232 2.
479 1197 514 1238 ὃς
532 1196 610 1233 οὔτε
626 1197 818 1237 τούπιεικες
836 1196 913 1233 οὔτε

7 1271 30 1319 3*
48 1243 435 1344 [ροέίὸῑιὶῐιῃῖτέῖιῖιῖίιὲας
454 1290 523 1327 οὔτ’
541 1291 681 1340 ἔνορκος
698 1291 822 1335 οὐδενί,
843 1289 913 1326 οὔτ’

93 1334 229 1382 ς,2ὔτε
245 1342 306 1375 τοῦ
324 1341 461 1386 πρώτου
481 1338 603 1374 στόλου
622 1341 683 1372 Ph.
705 1337 760 1373 72.
791 1338 912 1386 δέδρα-

13 1385 47 1412 ῗ”·>
65 1384 78 1400 ’
105 1385 190 1435 ἐμοῦ
223 1385 411 1429 καταξίως,
439 1383 523 1422 οὔθ’
548 1387 595 1421 ὧν
620 1385 778 1433 πέφυκας
796 1385 910 1428 αὐτός,

69 1430 223 1484 ,χθονός’
233 1434 289 1468 Oc
306 1431 386 1468 911.
422 1433 515 1480 μένει
539 1432 603 1481 γὰρ
628 1431 706 1468 οὔτ’
732 1431 832 1468 αἰόλα
855 1433 915 1474 νὺξ

70 1512 72 1516 .
98 1478 176 1516 οὔτε
193 1477 311 1528 Κῆρες
336 1478 414 1515 οὔτε
438 1479 586 1519 πλοῦτος
611 1482 667 1514 Tr.
691 1478 757 1513 132
774 1482 825 1514 ch.
862 1483 914 1514 De

90 1538 139 1571 sq.
176 1529 234 1570 qui
256 1529 349 1561 locus
372 1529 438 1561 huc
454 1529 624 1571 pertinere
651 1529 789 1561 fortasse
816 1529 915 1560 alicui

86 1585 119 1608 v.
146 1576 235 1608 infra
260 1585 311 1608 nr.
332 1573 365 1609 3.
404 1573 471 1622 ἐρῶ
490 1586 526 1608 σε
551 1574 659 1609 δεινὸν
686 1573 804 1616 οὐδέν,
833 1571 915 1609 οὔθ’

68 1625 69 1628 ’
91 1633 127 1660 ς
145 1619 347 1709 ἐῗλήλίαεῖἓιι
363 1619 614 1704 χθονός’ἓόἴιιῒ
631 1621 720 1702 ὡςέὸὸ
733 1619 861 1680 ’ζυδεὺς
880 1621 914 1680 έν

69 1694 77 1745 ζ
93 1679 227 1751 Ῠῖἓιιῑδῖι
242 1680 544 1757 ἒῖῃιιῗτῗὲιὲ,”1”-
554 1681 602 1748 ἓῗῗ
618 1680 916 1749 ὗίιιιιιὲἷσὲιῖῗωτέἶ

24 1762 54 1792 Τῗι
76 1786 80 1790 -
107 1767 198 1805 tum,
228 1764 315 1805 quod
334 1774 365 1795 v.
385 1761 419 1797 3.
448 1764 666 1796 interiectum
690 1764 818 1796 duobus
838 1760 914 1797 οὔτε

16 1801 70 1859 ‘v'j3
95 1808 186 1858 οὐδέ.
214 1828 260 1835 -
299 1810 314 1853 ΙΙ
343 1809 467 1849 Quatcr
491 1811 651 1852 deinceps
675 1812 812 1852 ponitur
837 1807 915 1844 οὔτε

18 1845 60 1892 ‘f'
106 1854 183 1892 οὔτε
208 1855 349 1902 βαθειᾶν
382 1855 534 1892 κυλίκων
556 1860 673 1902 νεῖμεν
698 1855 776 1916 ἐμοὶ
798 1855 914 1916 τέρψιν

91 1901 168 1939 οὔτε
196 1902 323 1952 γλυκὺν
354 1903 468 1939 αὐλῶν
497 1902 617 1949 ὄτοβον
653 1901 714 1938 οὔτ
757 1902 914 1952 ἐννυχιαν

98 1961 145 1985 ειν
162 1952 217 1984 Ai.
241 1948 342 1984 1199.
359 1977 368 1992 ‚
397 1962 462 1994 quo
479 1956 593 1984 tamen
609 1952 679 1983 loco
698 1949 736 1985 οὐ
754 1953 789 1984 in
807 1954 915 1994 primo

67 1996 207 2040 Herm-3
235 1999 317 2031 item
334 2000 416 2031 Ant.
437 1996 471 2031 4.
500 1996 599 2032 οὐδὲν
624 1995 687 2044 γὰρ
712 1992 781 2032 οὔτ’
799 1997 915 2046 ἀλγει-

61 2036 151 2098 ᾔτης
167 2043 247 2091 ἄτερ
265 2039 334 2079 οὔτ’
352 2044 492 2092 αἰσχρὸν
511 2042 579 2079 οὔτ’
596 2043 718 2089 ἄτιμόν
736 2044 824 2087 ἐστι,
853 2056 913 2078 ve-

67 2093 93 2138 ἰ
114 2092 188 2133 hoc,
210 2093 239 2125 si
255 2097 344 2125 recte
361 2093 491 2125 duabus
509 2093 650 2134 virgulis
668 2093 914 2135 circumpositis

85 2155 91 2166 ι
121 2149 142 2172 a
158 2141 278 2172 ceteris
296 2141 543 2181 segregavimus
554 2165 562 2181 ,
591 2140 632 2172 ad
650 2142 702 2171 ter
718 2141 819 2182 positi
837 2137 913 2174 οὔτε

67 2186 302 2242 2-Vreferendum
326 2187 401 2219 erit.
423 2205 486 2242 -ο
500 2186 515 2229 ΙΙ
539 2186 727 2242 ‘Quinquies
750 2188 910 2242 positum,

23 2312 58 2340 f„
82 2234 639 2332 ,effifflaffissffi‘ffi‘offlssssifflfl
658 2235 915 2314 ἒὲιῖιιῖᾝξὶἶῗ

29 2319 66 2352 §¹
687 2326 750 2373 νὴς
775 2327 916 2385 στρατὸς

840 585 917 622 οὔτε

26 2337 97 2366 „⁵1
137 2324 248 2375 λόγχη
274 2326 413 2368 πεδιάς,
442 2321 523 2362 οὔθ’
557 2325 575 2361 ὁ
602 2338 647 2385 γη
671 2338 686 2360 ε

25 2366 49 2425 {²
64 2404 65 2407 ,
79 2400 99 2422 „
131 2370 208 2408 οὔτε
240 2373 380 2420 θήρειος
412 2372 488 2419 βία,
524 2368 599 2409 οὔθ’
649 2338 790 2416 Ἑλλάς,
836 2375 914 2409 ουτ’

29 2412 72 2466 ,4⁴²
97 2444 106 2464 ‚
128 2417 213 2455 οὔθ’
243 2419 325 2467 ὅσην
356 2419 372 2455 ἐ
396 2421 424 2455 ὼ
449 2423 549 2467 γαῖαν
573 2419 748 2468 καθαίρων
775 2420 912 2468 ἱκόμην,

27 2462 177 2524 321'⁴T?·
204 2465 346 2548 1057—b
359 2434 481 2547 1960.t
498 2469 693 2549 S?n{}ntiae
715 2471 807 2526 enim
831 2479 916 2511 qua-

28 2583 72 2617 L
115 2525 542 2608 υῗῗαῐῦἳέῗήέζιίἓῃβίεαῖ
571 2526 918 2603 ᾱογιέἓᾶεοὲᾆῖαῗῗιῖ-

32 2629 43 2654 2-
69 2609 187 2642 cultae
197 2634 207 2650 ‚
226 2610 314 2651 quod
330 2613 487 2651 quartum
502 2611 688 2642 membrum
704 2619 838 2642 rursum
854 2612 916 2643 tri-

44 2655 53 2657 ”
66 2655 244 2697 dividitur,
269 2651 420 2697 Ἑλλάς,
449 2654 639 2703 βάρβαρος,
668 2653 819 2701 ἡτισοῦν.
864 2658 916 2689 De

30 2701 91 2760 {¹
113 2711 193 2735 mox
208 2703 409 2736 videbimus.
622 2702 673 2746 (11
689 2713 724 2744 p.
740 2701 820 2744 444,
841 2701 917 2747 16.)

62 2755 106 2777 20·
130 2750 228 2782 aliter
250 2751 353 2782 etiam
368 2751 458 2782 varie
481 2751 630 2792 ponitur.
659 2751 808 2782 Primum
825 2752 917 2783 enim

28 2794 85 2853 ’ΞΓ
105 2793 205 2830 οὔτε
230 2796 373 2837 infertur
389 2807 464 2829 cum
477 2799 654 2838 praecessit
672 2797 818 2837 myandi
831 2808 917 2838 par-

38 2879 44 2887 .
179 2855 191 2883 ,·
217 2844 258 2876 de
275 2853 340 2885 quo
352 2853 474 2884 genere
488 2845 603 2876 Herm.
624 2845 782 2876 disseruit
799 2845 841 2876 ad
857 2845 912 2877 Ai.

36 2894 58 2924 ε’·
132 2894 178 2923 -et
200 2891 237 2922 in
262 2900 402 2923 censura
417 2891 553 2923 Medeae
574 2891 798 2924 Elmsleianae
822 2892 863 2923 ad
878 2902 911 2923 v.

70 2949 93 2963 ’ν
111 2960 143 2979 .,·
153 2938 285 2970 acutius
301 2938 359 2970 ille
376 2939 558 2980 aliquanto,
575 2948 675 2980 quam
691 2939 815 2979 verius,
837 2947 916 2970 con-

69 2983 266 3026 ,ffinputavit
288 2985 413 3025 Reisig.
434 2985 477 3017 ad
493 2985 547 3017 OC
566 2994 683 3017 comm.
712 2995 755 3017 cr.
776 2995 810 3027 p.
830 2982 911 3017 259.

32 3063 34 3067 ,
69 3026 135 3078 -ιίήι
147 3027 246 3066 σέθεν
271 3025 447 3077 ᾦκτείρεθ’
471 3029 588 3072 οὗτος,
617 3027 688 3066 οὔθ’
717 3031 734 3066 ὁ
752 3030 915 3078 γεννήσας

31 3054 70 3124 Ξῖ
96 3073 219 3111 “ξ1412.
247 3079 425 3110 Librorum
441 3087 548 3120 paene
565 3079 715 3111 omnium
733 3088 915 3111 consensus

32 3114 154 3171 :quio
166 3124 300 3157 demum
323 3126 455 3166 probari
472 3135 510 3157 ea
526 3126 690 3167 scriptura
714 3127 838 3167 poterit
850 3151 858 3167 ,
886 3126 915 3157 si

38 3171 137 3212 ,ᾍο
157 3172 328 3214 paulisper
352 3173 514 3205 subsistas
530 3176 607 3213 post
624 3170 820 3216 ὠκτείρετο,
852 3181 916 3213 quo

34 3218 40 3261 ’ζ
51 3219 83 3259 ,ζ’
133 3212 216 3252 οὗθ’
234 3217 252 3252 ὁ
269 3217 433 3265 γεννήσας
449 3218 562 3265 πάτηρ
580 3229 648 3251 una
666 3220 916 3260 complectimur

40 3250 100 3310 *J
125 3268 342 3307 o-utrumque
359 3269 505 3307 spectat,
526 3270 604 3299 ante
621 3263 721 3303 οὗτος
739 3266 916 3298 subaudito

39 3318 92 3361 ἧς(
121 3313 275 3354 exempla
291 3313 331 3344 ab
347 3313 409 3345 hoc
425 3313 556 3345 diversa
579 3316 614 3345 et
628 3314 770 3355 insuper
785 3314 820 3344 in
839 3322 918 3345 con-

71 3354 82 3361 '⁷
111 3360 161 3390 ·ta
177 3362 257 3392 sunt
268 3383 277 3400 ,
303 3358 358 3391 OG
375 3356 457 3391 702.
475 3357 514 3393 τὸ
533 3358 595 3404 μέν
619 3369 669 3397 τις
686 3358 726 3393 οὐ
743 3358 819 3397 νέος
837 3355 915 3393 οὔτε

871 141 987 193 Οὔτε

38 3403 52 3459 γἵ,
117 3399 195 3438 {vm
212 3402 363 3439 ἁλιώσει.
383 3406 477 3438 Libri
491 3407 545 3438 bis
561 3402 649 3447 οὔτε,
670 3411 802 3447 praeter
813 3415 919 3447 pauca
953 3408 1085 3450 στυγεῖν
1112 3405 1226 3436 Alead.
1257 3406 1297 3436 fr.

1863 144 1961 195 579

953 269 1089 302 apogn,
1115 261 1151 292 in
1175 261 1298 301 quibus
1324 257 1442 293 οὐδένε
1477 260 1519 291 de
1536 261 1665 301 reliqua
1688 262 1850 294 varietate
1866 263 1910 294 cf.
1931 272 1958 294 s.

953 317 985 339 v.
1006 304 1083 344 νέος
1099 317 1134 349 p.
1155 303 1261 339 467⁸.
1290 307 1380 339 Illud
1397 307 1511 338 Herm.
1532 308 1685 348 coniecit,
1707 308 1765 339 sed
1782 313 1870 340 certe
1888 310 1961 341 usi-

954 355 1058 386 tatius
1083 357 1173 386 esset
1190 351 1280 387 οὐδέ.
1326 354 1389 386 Par
1405 355 1490 386 ratio
1508 355 1562 385 Ai.
1586 350 1686 386 1199.
1728 353 1766 388 οὐ
1785 354 1960 401 στεφάνων

954 398 1031 434 οὔτε
1064 398 1203 446 βαθειᾶν
1237 398 1389 434 ιιιυλίιιων
1422 402 1538 445 νεῖμεν
1573 399 1650 446 ἐμοὶ
1672 399 1787 447 τέρψιν
1813 400 1956 447 ὁμιλεῖν.

954 449 1046 480 Libri
1071 457 1186 480 omnes
1209 444 1299 481 οὔτε.
1338 449 1452 480 Herm.
1479 449 1622 480 correxit
1645 454 1780 490 propter
1805 451 1960 482 antistro-

953 496 1091 537 phicum
1108 505 1260 535 versum,
1291 504 1392 536 quem
1416 496 1528 535 ipsum
1547 496 1668 536 Tricl.,
1696 506 1772 528 cum
1797 498 1959 537 strophico

953 551 1019 574 non
1044 546 1287 582 congruentem
1317 545 1518 583 corruperat.
1559 543 1631 574 Non
1657 545 1765 574 minor
1796 544 1960 576 dubitatio

952 591 1043 622 inest
1074 590 1111 621 in
1135 586 1262 622 οὔτοι
1287 607 1330 613 -
1355 585 1466 622 οὔτε.
1501 586 1594 622 οὗτοι
1624 583 1651 621 σ’
1682 587 1849 636 ἀπείργειν
1879 584 1958 624 οὔθ’

954 634 1047 674 ὅπως
1065 635 1112 670 έῶ
1129 633 1238 682 λέγειν
1256 633 1274 669 ἔ
1300 648 1328 668 m
1341 637 1395 668 Ai.
1409 633 1489 668 428.
1511 634 1592 669 οὐδέ
1605 637 1767 669 suadente
1785 637 1957 670 Elmsleio.

952 684 1080 724 recepit
1114 683 1216 715 Dind.
1256 680 1335 727 [ουτ
1375 680 1434 716 οὖν
1465 700 1505 705 -
1537 680 1611 716 οὔθ’
1644 685 1777 716 volebat
1810 684 1956 726 Herm.].

953 730 1151 771 Quanquam
1184 726 1261 763 οὔτε
1295 731 1463 771 aliquanto
1496 730 1572 771 plus
1606 732 1831 763 excusationis
1860 731 1961 763 habet

952 781 1026 818 post
1043 774 1138 810 οὗτοι
1152 778 1296 817 illatum,
1318 781 1353 809 et
1369 778 1493 808 firmari
1511 777 1644 809 videtur
1658 779 1698 809 ab
1716 778 1812 810 Eust.
1829 789 1862 820 p.
1877 775 1957 819 914,

950 821 1028 857 32.:
1059 821 1149 857 οὕτω
1177 822 1237 857 καὶ
1268 820 1355 870 Σοφ.
1384 821 1419 856 ἐν
1446 819 1566 857 Αἴαντι
1594 822 1685 857 δυσὶν
1712 822 1854 862 ἐννοίαις
1881 823 1959 870 μίαν

949 869 1058 905 αἰτίαν
1084 868 1222 916 ἐπάγει,
1251 868 1335 904 ἔνθα
1358 868 1449 916 λέγει
1475 870 1522 907 ὡς
1548 868 1624 904 οὔτε
1652 869 1797 904 κωλύειν
1823 869 1895 918 ἔχω
1924 882 1959 904 σε

947 920 1009 952 τοῦ
1026 915 1144 951 λαλεῖν
1161 915 1238 951 οὔτε
1264 919 1473 963 συγχωρεῖν,
1509 919 1649 951 τοιαῦτα
1673 915 1829 952 παθόντα
1852 918 1955 952 κακά.

949 966 1034 997 Nam
1066 965 1150 996 illud
1183 961 1277 998 οὔτοι
1307 960 1386 998 ποθ’
1420 960 1587 1011 οὑχθρός,
1625 962 1722 998 οὗθ’
1749 963 1828 998 ὅταν
1854 963 1955 1012 θάνῃ,

950 1010 1049 1058 φίλος
1067 1013 1150 1043 Ant.
1167 1008 1247 1044 522.
1267 1015 1382 1053 aperte
1400 1012 1559 1043 vitiosum
1572 1035 1580 1050 ,
1600 1015 1639 1044 ut
1656 1014 1691 1043 in
1709 1021 1774 1053 quo
1791 1022 1855 1044 non
1874 1014 1958 1044 insit

950 1060 1019 1091 ulla
1040 1059 1177 1090 divisio:
1207 1068 1290 1099 opus
1315 1059 1420 1098 igitur
1444 1059 1599 1090 adverbio
1626 1057 1744 1099 οὐδὲ,
1767 1069 1807 1091 ne
1827 1078 1864 1083 —
1886 1062 1957 1101 qui-

949 1107 1022 1138 dem
1034 1131 1042 1147 ,
1062 1107 1097 1137 id
1114 1105 1202 1147 quod
1218 1110 1270 1137 est
1285 1107 1321 1138 in
1340 1106 1410 1137 LA.
1439 1106 1609 1137 Incertum
1627 1110 1678 1138 est
1703 1107 1801 1138 etiam
1837 1103 1882 1140 οὔ
1915 1117 1958 1139 τι

950 1152 1006 1199 μή
1033 1156 1198 1194 sequente
1215 1149 1304 1186 οὔτε.
1333 1147 1404 1185 ἀλλ’
1426 1149 1465 1186 οὔ
1482 1162 1515 1185 τι
1533 1150 1583 1196 μὴ
1601 1150 1735 1199 λάχωσι
1751 1151 1851 1186 τοῦδε
1871 1164 1959 1198 συμ-

977 1198 1064 1246 άχου
1076 1224 1084 1240 ,
1105 1196 1183 1233 οὔτε
1200 1209 1278 1244 σφιν
1295 1196 1407 1245 ἀρχῆς
1423 1197 1527 1244 τῆσδε
1546 1195 1723 1244 Καδμείας
1741 1199 1825 1234 ποτὲ
1842 1197 1957 1246 ὄνησις

948 1213 1023 1292 ἥξει
1040 1246 1094 1279 Oc
1111 1243 1191 1278 450.
1229 1247 1347 1279 Elmsl.
1376 1246 1416 1278 de
1433 1247 1623 1278 coniectura
1640 1243 1717 1280 οὔτε
1737 1246 1807 1292 μή,
1835 1248 1869 1279 id
1895 1248 1957 1279 mi-

950 1295 1041 1327 nime
1058 1294 1186 1335 placet,
1214 1303 1289 1326 cum
1314 1303 1374 1325 suo
1398 1294 1472 1325 iure
1498 1293 1629 1325 dicatur
1653 1299 1686 1326 et
1710 1295 1808 1334 longe
1827 1295 1958 1335 signin-

950 1342 1081 1373 cantius
1099 1337 1139 1374 οὔ
1155 1350 1187 1373 τι
1201 1352 1208 1372 t
1236 1341 1322 1372 illud
1339 1341 1490 1382 dubites,
1519 1350 1606 1373 anne
1623 1342 1736 1382 potius
1761 1340 1841 1375 οὐδέ
1857 1342 1959 1374 corri—

950 1389 1098 1429 gendum
1115 1388 1212 1419 sitin
1229 1389 1332 1420 altera
1349 1389 1539 1419 sententiae
1563 1392 1671 1430 parte.
1698 1406 1746 1412 -
1769 1390 1811 1421 V.
1833 1389 1955 1421 Frank.

950 1437 991 1467 de
1017 1438 1101 1477 part.
1125 1443 1201 1474 neg.
1231 1439 1256 1467 t.
1276 1431 1310 1466 2.
1337 1444 1370 1475 p.
1392 1431 1448 1466 21.
1485 1435 1675 1476 Aliquoties
1700 1436 1857 1467 iteratum
1882 1432 1959 1469 οὔτε

950 1486 1025 1523 post
1043 1480 1083 1515 οὐ
1100 1482 1220 1514 inferri
1236 1483 1323 1514 bene
1340 1485 1463 1522 potest,
1483 1492 1502 1513 a
1515 1482 1661 1523 simplici
1675 1483 1821 1522 negandi
1834 1484 1959 1515 ratione

951 1539 1026 1562 cum
1044 1530 1085 1561 ad
1103 1530 1322 1570 partitionem
1339 1529 1523 1560 transitur:
1551 1540 1582 1560 v.
1604 1529 1659 1561 Tr.
1683 1526 1783 1562 1058.

1021 1573 1054 1608 3.
1083 1576 1263 1617 Reperitur
1279 1577 1379 1608 etiam
1398 1572 1476 1609 οὔτε
1493 1577 1604 1618 specie
1622 1577 1757 1618 quidem
1771 1577 1961 1618 oppositum

951 1624 1049 1656 alteri
1066 1619 1143 1657 οὔτε
1161 1624 1198 1654 in
1214 1624 1403 1655 sententiae
1422 1623 1586 1654 divisione
1597 1648 1605 1664 ,
1633 1624 1690 1655 sed
1708 1628 1747 1655 ut
1763 1633 1878 1655 revera
1895 1633 1959 1655 non

951 1674 1158 1712 opponatur,
1196 1670 1255 1702 sed
1287 1670 1516 1702 subaudienda
1542 1671 1586 1701 sit
1616 1671 1758 1710 negandi
1785 1672 1959 1712 particula.

953 1714 1029 1751 οὔτε
1054 1715 1249 1763 ναυάρχους
1275 1714 1393 1761 μολεῖν
1418 1714 1512 1761 ἡμᾶς
1536 1711 1688 1763 Ἀχαιῶν
1707 1714 1784 1751 οὔτε
1802 1719 1863 1751 σοῦ
1880 1715 1962 1750 διω-

952 1762 1048 1810 μόσω
1067 1765 1122 1796 Ai.
1153 1755 1253 1796 1232.
1283 1760 1360 1797 οὔτε
1386 1774 1446 1797 σου
1473 1765 1612 1796 minime
1638 1765 1862 1804 colligandum
1887 1775 1963 1797 cum

951 1812 1119 1853 prioribus
1144 1808 1220 1845 οὔτε
1245 1812 1297 1843 bis
1321 1811 1451 1852 positis.
1489 1811 1580 1842 Haec
1596 1812 1688 1843 enim
1707 1811 1865 1843 dividunt
1881 1821 1961 1844 sen-

951 1860 1111 1899 tentiam3
1142 1860 1297 1900 sequitur
1323 1858 1403 1889 inde
1428 1859 1530 1890 altera
1555 1858 1674 1890 divisio
1700 1859 1832 1899 qualem
1849 1859 1884 1890 in
1903 1859 1958 1892 Tr.

955 1902 1055 1938 1048.
1085 1906 1255 1945 videmus,
1286 1914 1386 1946 quam
1412 1909 1674 1937 cousentaneum
1700 1909 1769 1937 erat
1794 1906 1852 1938 hoc
1866 1906 1961 1938 modo

951 1953 1091 1993 inferri,
1121 1950 1180 1985 καὶ
1205 1950 1248 1997 δὴ
1278 1948 1348 1985 οὔτ’
1377 1947 1529 1999 Ἀχαιῶν
1553 1948 1630 1985 οὔτε
1648 1953 1709 1985 σοῦ
1732 1953 1785 1984 vel
1803 1954 1868 1994 sic,
1899 1951 1962 1986 οὐκ

947 1993 1121 2046 Ἀχαιῶν,
1152 1997 1232 2033 οὐδέ
1251 2009 1323 2032 σου.
1362 1999 1407 2030 Et
1432 1997 1513 2032 οὐδέ
1529 1999 1665 2040 quidem
1682 2000 1748 2031 dici
1765 2009 1832 2031 non
1850 2003 1962 2042 potuit

951 2048 1017 2078 nisi
1044 2050 1123 2078 ante
1148 2040 1299 2092 Ἀχαιῶν
1325 2047 1428 2077 etiam
1452 2047 1580 2078 inserta
1597 2047 1796 2087 negatione,
1826 2047 1915 2088 quod
1932 2048 1962 2078 si

951 2103 1018 2125 non
1035 2094 1151 2134 fieret,
1172 2094 1340 2125 auditores
1360 2093 1559 2125 Graecorum
1577 2093 1734 2134 quidem,
1761 2094 1818 2125 sed
1837 2103 1902 2126 non
1920 2094 1962 2125 de

950 2142 1053 2173 Aiace
1077 2141 1258 2182 imperium
1282 2149 1387 2181 penes
1411 2140 1548 2172 Atridas
1573 2141 1678 2172 fuisse
1704 2141 1769 2172 dici
1785 2145 1957 2182 putarent.

951 2188 1012 2220 Est
1028 2188 1133 2227 igitur
1149 2188 1251 2220 oratio
1267 2184 1506 2224 ἀνακόλουθος
1523 2187 1664 2228 quadam
1682 2189 1882 2220 necessitate
1900 2197 1961 2220 ex—

950 2245 1076 2275 pressa.
1668 2234 1711 2275 (11
1727 2244 1761 2275 p.
1782 2231 1862 2275 445,
1883 2232 1962 2276 21.)

1020 2279 1053 2313 4.
1083 2277 1171 2316 Οὔτε
1187 2282 1234 2312 ita
1250 2281 1397 2320 dictum,
1428 2284 1466 2312 ut
1482 2281 1588 2312 altera
1604 2282 1794 2313 sententiae
1811 2292 1886 2322 pars
1913 2293 1930 2315 ο
1941 2280 1960 2315 ὐ

949 2330 986 2360 in
1002 2329 1168 2371 principio
1185 2329 1334 2369 positum
1354 2328 1536 2368 praeferat,
1559 2329 1782 2360 tractavimus.
1811 2329 1960 2360 Infertur

950 2379 1066 2408 autem
1081 2385 1126 2407 τε
1144 2378 1220 2416 post
1244 2371 1342 2408 οὔτε
1367 2376 1403 2406 in
1422 2375 1584 2406 eiusmodi
1601 2375 1794 2415 partitione,
1815 2379 1854 2407 ut
1870 2377 1960 2417 prior

950 2422 1141 2454 sententiae
1158 2431 1234 2463 pars
1252 2422 1457 2462 affirmetur,
1478 2423 1583 2453 altera
1600 2426 1761 2462 negetur,
1789 2423 1875 2463 quod
1892 2423 1958 2454 iam

950 2471 987 2501 in
1012 2468 1099 2514 μήτε
1131 2469 1318 2509 tetigimus.
1363 2469 1447 2500 Nam
1471 2468 1561 2509 quod
1588 2469 1788 2500 contrarium
1813 2474 1882 2510 est,
1921 2473 1960 2501 ut

950 2516 1130 2558 praecedat
1154 2526 1217 2556 τε,
1246 2517 1411 2548 inferatur
1440 2512 1559 2556 οὔτε,
1599 2516 1634 2547 id
1663 2517 1797 2556 cogitari
1825 2517 1960 2558 quidem

951 2568 1042 2595 recte
1070 2566 1200 2604 potest,
1232 2563 1291 2594 sed
1320 2572 1373 2603 ap.
1404 2561 1503 2603 soph.
1538 2563 1731 2604 exemplum
1756 2572 1821 2594 non
1846 2563 1957 2595 habet.

954 2610 1049 2649 Quod
1066 2619 1172 2642 unum
1189 2613 1260 2641 erat
1278 2607 1346 2655 ἐγώ
1362 2606 1389 2641 τ’
1407 2607 1572 2653 ἐμαυτόν,
1602 2606 1680 2642 οὔτε
1699 2610 1725 2641 σ’
1743 2606 1878 2655 ἀλγυνῶ
1904 2610 1962 2642 OR

952 2653 1039 2697 332,
1067 2667 1086 2688 a
1102 2657 1270 2689 Brunckio
1291 2656 1373 2688 inde
1399 2660 1582 2688 correctum
1606 2654 1674 2702 ἐγὼ
1701 2650 1771 2688 οὔτ’
1797 2655 1957 2701 ἐμαυτόν,

952 2707 992 2736 ut
1007 2705 1082 2746 ipse
1100 2704 1198 2744 dicit,
1219 2713 1263 2735 ex
1281 2712 1348 2734 uno
1366 2712 1503 2734 suorum
1521 2702 1615 2735 codd.
1644 2712 1744 2744 quem
1761 2713 1960 2745 magnopere

951 2760 1066 2783 vereor
1090 2759 1132 2782 ne
1159 2750 1266 2791 ipsius
1291 2750 1394 2781 fuerit
1418 2751 1611 2790 ingenium,
1641 2755 1676 2781 et
1702 2750 1878 2782 Athenaeo
1904 2747 1956 2782 10.

950 2808 984 2839 p.
1005 2794 1087 2838 453,
1107 2807 1160 2831 e.:
1198 2794 1255 2841 [cf.
1278 2796 1381 2828 Dind.
1409 2800 1522 2828 annot.
1550 2797 1586 2827 in
1605 2797 1658 2828 ed.
1686 2796 1749 2828 Ox.
1771 2793 1824 2841 3.]
1854 2798 1894 2828 In
1912 2797 1957 2837 gl.

951 2855 1003 2886 ap.
1025 2845 1170 2876 Brunck.
1198 2844 1323 2883 legitur
1346 2841 1414 2876 ἀπὸ
1439 2844 1556 2876 κοινοῦ
1578 2842 1617 2876 τὸ
1635 2841 1695 2877 οὐ.
1730 2844 1769 2875 Id
1795 2845 1877 2876 ferri
1894 2853 1959 2875 non

951 2894 1076 2932 potest.
1098 2908 1139 2914 -
1159 2887 1206 2924 οὔ
1217 2901 1261 2923 τε
1279 2908 1322 2914 -—
1339 2900 1385 2922 τε
1402 2890 1454 2922 his
1471 2891 1638 2931 exemplis
1654 2891 1838 2922 firmantur.
1859 2887 1961 2924 κοῦτε

952 2935 1146 2983 σύμβουλον
1166 2935 1279 2995 δέχει,
1301 2934 1360 2969 ἐάν
1376 2947 1414 2969 τε
1429 2934 1578 2983 νουθετῇ
1593 2948 1642 2974 τις
1715 2961 1724 2976 ‚
1747 2939 1878 2984 στυγεῖς
1895 2937 1956 2968 Ph.

953 2982 1054 3017 1321.
1098 2983 1156 3018 τὸν
1190 2994 1268 3018 ουτε
1292 2981 1369 3030 πρὶν
1394 2982 1516 3028 νήπιον
1540 2987 1599 3017 νῦν
1623 2981 1651 3016 τ’
1677 2982 1711 3016 ἐν
1736 2982 1829 3040 ὅρκῳ
1855 2982 1960 3030 μέγαν

950 3029 1145 3065 καταίδεσαι
1169 3031 1226 3064 OR
1243 3027 1311 3063 653
1337 3030 1389 3062 ch.
1418 3031 1464 3062 sic
1482 3030 1542 3062 LA
1566 3041 1610 3063 m.
1631 3040 1688 3071 p.:
1728 3041 1851 3064 ουποτε
1876 3041 1894 3062 a
1911 3040 1955 3062 m.

950 3079 1192 3111 recentissima.
1229 3074 1308 3111 οὔτε
1329 3079 1404 3114 ταῖς
1429 3074 1678 3122 παρελθούσαις
1704 3074 1798 3114 ὁδοῖς
1815 3075 1961 3122 ξυνήδο-

953 3123 1013 3169 μαί
1030 3135 1101 3166 σοι,
1120 3126 1179 3158 νῦν
1195 3117 1223 3157 τ’
1239 3120 1286 3158 ἴθ’
1303 3123 1350 3161 ὡς
1366 3122 1473 3169 τάχος
1491 3121 1592 3157 πάλιν
1610 3124 1664 3156 OC
1686 3121 1785 3156 1397.
1815 3121 1854 3157 οὐ
1874 3122 1961 3169 δῆτα

1013 3168 1087 3205 οὔθ’
1115 3164 1170 3216 ἥδ’
1199 3168 1329 3205 ὀλεῖται
1361 3168 1408 3203 πλ
1437 3168 1509 3212 σία,
1547 3168 1586 3204 σύ
1614 3167 1642 3203 τ’
1671 3167 1806 3215 οὐδαμὰ
1833 3169 1960 3215 τούμὸν

950 3216 1115 3264 προσόψει
1142 3219 1252 3263 πρᾶτα
1276 3218 1359 3250 Ant.
1387 3181 1467 3250 733.
1509 3214 1586 3250 οὔτε
1615 3215 1691 3256 ξυνέ
1714 3215 1800 3259 δεις,
1831 3215 1894 3261 τήν
1922 3227 1959 3249 τε

951 3263 1084 3310 δρῶσαν
1103 3262 1276 3312 ἐκτρέπεις
1293 3265 1347 3297 El.
1362 3261 1443 3296 350.
1473 3260 1549 3297 οὔτε
1566 3275 1598 3296 τι
1614 3265 1675 3297 τοῦ
1714 3266 1804 3297 ανεῖν
1823 3275 1961 3310 προμη-

952 3309 1031 3357 θὴς,
1051 3309 1090 3344 τό
1106 3321 1142 3346 τε
1161 3310 1210 3357 μὴ
1230 3308 1365 3356 βλέπειν
1384 3308 1506 3355 ἑτοίμα
1524 3307 1613 3344 1078
1626 3311 1677 3343 ch.
1707 3308 1815 3348 οὐδεὶς
1834 3307 1960 3357 ἐχθρὸς

953 3355 1029 3392 οὔτε
1059 3355 1179 3404 φύεται
1208 3357 1292 3403 πρὸς
1319 3354 1483 3437 χρήμαθ’
1514 3354 1605 3391 οἵτε
1631 3355 1753 3404 φύντες
1783 3355 1961 3404 ἀρνοῦνται

1366 3400 1407 3443 9,
1427 3401 1461 3435 4.
1488 3415 1519 3435 v.
1547 3404 1667 3436 Elmsl.
1693 3405 1733 3436 ad
1759 3404 1848 3437 Med.
1877 3401 1956 3435 431.

1611 3458 1684 3493 37·
