2288 3600
120 0 136 14 c
167 0 341 22 .·1ιιν»ι-·“,ν-<-,,
387 0 389 2 ·
447 0 450 2 -

100 98 322 148 σοῦ-537]

501 0 679 62 «Ἴως
716 0 736 13 ψ
775 3 780 9 .

30 264 61 301 ¹:
85 244 186 289 1'312.
209 271 311 286 -.—-
330 253 346 298 {1
362 252 472 285 Adue·-

107 399 208 430 sunt:
238 393 375 432 στάντες
401 392 435 431 ἐς
461 390 565 440 ὀρθόν
583 393 641 426 OR
657 389 703 425 50
719 394 815 434 quasi
831 393 927 424 crecti
943 393 967 424 i.
988 401 1019 424 e.

76 445 144 478 ati.
179 444 223 475 cf.
244 439 331 488 ἐμὰν
347 444 409 488 γᾶν
427 436 502 475 κατ’
523 437 624 486 ὀρθὸν
642 437 780 485 οὕρισας
796 436 877 472 695.
899 457 941 463 -
961 436 1023 473 οὐ-

81 491 194 538 φωνεῖ
209 487 308 534 δίκης
327 487 361 526 ἐς
379 484 482 534 ὀρθόν
499 488 555 520 Tr.
577 484 656 520 347.
700 485 748 524 εἰς
765 483 867 533 ὀρθὸν
884 487 1022 533 φρονεῖν

35 539 153 619 ‘mm'
166 539 215 616 ἐξ·
234 533 303 616 {³43
318 532 597 616 ,[ἰἶῖξεὶἳῗίἶλὲ
600 534 980 614 ‘233022123331'31313
982 542 1023 625 ’ἴ

50 593 60 611 '-
90 611 98 618 .
145 608 153 616 .
263 609 269 615 .
298 594 315 616 c
334 608 341 615 .
508 607 515 615 .
683 606 690 613 .
738 605 745 612 .
832 606 840 621 ,
981 605 988 612 .
1012 605 1019 620 ,

113 595 178 664 guo
195 609 362 673 p’ostrema
378 631 442 662 etsi
468 591 766 675 offlffic’explicgre
782 628 862 660 lic'et
874 652 882 668 ,
910 631 1023 660 tamen

33 679 197 721 regendo
228 678 351 710 itinere
376 678 476 709 ducta
504 679 605 708 sunt:
647 676 742 707 velut
767 673 802 712 ἐς
825 672 930 720 μέσον
953 675 1020 706 inc.

12 727 41 767 ’,1-
66 740 93 768 ,
112 723 145 758 2.
190 726 242 757 Ab
259 734 298 757 es
318 725 441 756 tralata
457 723 703 763 significatione
717 747 725 762 ,
757 732 823 763 qus.
847 721 940 763 affici
963 722 1025 753 ali-

14 780 36 789 ·“
67 788 104 802 2·-
128 774 239 814 aliquo
264 773 349 804 facto
372 770 555 811 indicatur,
582 780 642 802 eae
666 770 828 802 formulae
852 770 1020 809 oriuntur,

30 815 44 841 ‘³'
71 822 134 855 bus
159 810 207 854 εἰς
228 823 281 851 est
304 817 389 860 quod
407 819 523 850 attinet
540 827 566 849 s.
589 820 694 849 tenus.
737 817 833 850 νικᾶν
851 826 889 861 γε
907 813 1025 860 μέντοι

49 905 52 907 -
87 858 655 956 εξῑὲῶεὲὶωῑίεκμῖλέζόῇῖ
672 858 1025 944 ῖξξξὸὲθόὲ.ῑ,ῖὲ

4 1040 6 1042 ,
36 957 1026 1050 5,ωαιᾨῗθῗζίἓὲῗῖἷῗέἐῒεῗῥῑὲἕίἓζὲόῖᾝῖᾟὲιῗηὲῗ

35 1049 70 1085 ”³1
103 1068 112 1098 ;
140 1064 207 1088 non
224 1056 349 1087 rectius
366 1054 467 1086 schol.
488 1054 599 1086 πᾶσαν
615 1050 822 1098 κακουργίαν
839 1050 951 1098 λόγων
969 1062 1025 1085 κι-

35 1107 54 1140 ’«;
68 1129 78 1138 .
104 1104 207 1136 Recte
223 1102 296 1134 Erf.
324 1101 363 1132 de
387 1110 419 1132 se
436 1100 566 1142 quidem
582 1102 734 1140 linquam
746 1101 879 1141 penitus
895 1099 1023 1138 liberat,

99 1153 260 1208 'excussu
281 1157 414 1181 omnem
429 1148 561 1189 culpam
578 1149 615 1203 if
629 1147 793 1205 Tiresifim
810 1146 1023 1225 conferegtgig.

19 1249 21 1251 '
34 1240 42 1251 '
50 1193 248 1290 ’.δδαιῖιίόνίζῄ
274 1192 1027 1289 ξέηρῑοῗέςάμιέιὲῗῑῗοὶηῗἙᾯῗζμιῗετοίπῖξζιάἰὺίὶὲ

183 1293 335 1332 portento
352 1289 493 1329 ambiyo.
537 1286 663 1335 πότερα
678 1286 828 1333 νομίζεις
845 1286 948 1322 δυστυ
976 1289 1026 1321 εῖν

13 1339 16 1350 ³
47 1337 133 1374 ’.εἰς
152 1335 197 1371 τὰ
219 1335 278 1378 σά,
306 1333 330 1381 ἦ
359 1332 383 1369 σ’
411 1334 459 1373 εἰς
482 1333 677 1369 τοὶ-σαυτοῦ
696 1333 833 1385 μᾶλλον
858 1335 913 1368 OC
942 1298 1023 1368 8110.

12 1387 16 1398 ’
105 1400 114 1415 -.
133 1385 235 1418 schol.
257 1382 292 1417 ἐν
307 1382 358 1429 τῷ
376 1382 425 1429 μὴ
443 1380 622 1416 πείθεσθαί
639 1393 675 1416 σε
694 1381 826 1428 μᾶλλον
845 1381 884 1416 σὺ
903 1381 1026 1416 δυστυ-

105 1424 236 1478 ὶέγώε
273 1431 316 1463 cf.
345 1431 471 1470 Reisig.
501 1439 607 1462 enarr.
637 1440 670 1471 p.
695 1428 771 1462 114.
807 1426 871 1463 αἵδ’
891 1427 1023 1475 ἄνδρες,

54 1481 230 1527 ,γυναῖκες
248 1476 296 1516 εἰς
312 1475 350 1511 τὸ
369 1479 557 1522 συμπονεῖν
574 1474 675 1518 1368,
696 1487 761 1519 quo
778 1478 846 1510 loco
864 1478 1027 1518 virgulam
1043 1476 1047 1520 Ι

37 1561 42 1565 ,
67 1526 69 1528 “
85 1532 188 1560 erm.
203 1529 280 1567 post
290 1527 449 1570 γυναῖκες
463 1526 618 1566 positam,
637 1530 713 1567 post
727 1526 913 1569 συμπονεῖν
927 1525 1028 1556 omis-

111 1582 178 1608 non
202 1572 379 1615 perspicio.
431 1572 521 1604 Huic
543 1573 717 1613 persimile
742 1573 826 1604 illud
849 1575 900 1604 est
923 1568 1027 1617 τήνδε

96 1619 131 1663 ἐς
146 1618 250 1655 τάσδε
265 1616 384 1666 τέρψιν
401 1619 456 1652 OC
477 1615 564 1650 1121
583 1619 744 1659 glaudium
760 1618 800 1650 dc
818 1620 882 1651 illis
898 1618 1029 1651 reduci-

58 1672 60 1675 ’
80 1670 284 1709 ..anteceptam
328 1667 429 1699 Paulo
456 1666 588 1698 diversa
612 1666 694 1698 haec
719 1670 817 1698 sunt:
851 1667 912 1700 τοῦ
931 1661 1028 1710 τῆσδ’

105 1725 142 1756 σς
167 1713 215 1752 εἰς
240 1710 365 1747 ἅπανθ’
397 1710 514 1758 ἥσσων
540 1711 604 1759 ἔφυ
629 1714 684 1746 Tr.
705 1709 773 1746 489
791 1714 813 1745 i.
835 1723 868 1755 q.
896 1710 1029 1746 παντά-

56 1758 75 1788 ’-
143 1760 178 1796 ἐς
201 1757 316 1796 πολλοὶ
338 1759 500 1806 τάπορεῖν
527 1758 599 1807 ἔχω
625 1757 725 1793 1243.
771 1760 822 1793 Cf.
844 1761 959 1792 Valck.
989 1759 1028 1792 ad

72 1823 141 1854 1,..ι
169 1801 250 1841 622.
295 1811 397 1852 σῶμα
420 1805 460 1841 οὐ
485 1805 670 1841 σπουδαῖον
695 1806 744 1845 εἰς
769 1805 846 1853 ὄψιν
871 1807 926 1840 OC
945 1804 1024 1839 577.

79 1897 81 1901 1
154 1854 204 1890 εἰς
220 1853 298 1901 ὄψιν
316 1853 421 1890 πλέον
438 1851 474 1898 (ἔ
490 1853 546 1901 1ο»)
563 1855 618 1886 Ai.
639 1851 708 1887 876
723 1864 793 1886 non
808 1855 914 1895 mayis
932 1853 1029 1895 quid-

73 1938 81 1943 (
130 1904 266 1945 reperio.
313 1900 421 1948 μηδὲν
448 1899 466 1934 δ
481 1912 579 1935 καιον
597 1899 646 1939 εἰς
662 1899 760 1939 τέλος
779 1899 902 1946 μέλλοι
919 1902 1029 1935 ποιεῖν

67 1942 164 1992 ’407
195 1952 379 1991 postremo,
406 1950 540 1991 proprie
565 1949 629 1991 fine
652 1952 766 1981 tenus:
792 1949 827 1980 in
846 1958 945 1990 quam
963 1949 1031 1980 vim

54 2006 56 2008 ’
90 2037 101 2042 11
120 1998 211 2030 adam
228 1998 442 2029 normannus
460 1997 574 2029 attulit
587 1996 669 2028 Eur.
690 1997 761 2028 Ion.
776 1993 878 2028 1615.
906 1989 982 2029 ἀλλ’
996 1993 1030 2032 ἐς

30 2046 31 2049 ’
60 2039 103 2086 ’,ᾖ
114 2044 139 2078 G
153 2041 223 2078 524
236 2054 280 2076 sc.
302 2041 474 2091 δυστυχὴς
494 2039 607 2088 ἠσθαε
640 2053 819 2084 quamnam
837 2045 873 2075 in
886 2046 1027 2084 partem.

17 2091 19 2094 ’
66 2087 152 2125 “fixae
168 2092 244 2134 finis
257 2095 292 2123 et
305 2092 437 2123 termini
451 2095 591 2131 tempore
604 2093 698 2122 tenus
714 2090 886 2123 indicandi
903 2090 1032 2130 signifi-

83 2147 147 2172 ne
178 2139 259 2171 haec
290 2138 442 2180 praedita
467 2141 566 2171 sunt:
610 2134 877 2183 κάξεθρεψάμην
901 2133 1031 2171 τοσόνδ’

60 2187 111 2247 ,j
146 2197 162 2223 ς
174 2186 228 2219 El.
247 2181 300 2218 14.
330 2182 447 2230 ἀλγεῖν
465 2183 500 2222 ἐς
509 2181 652 2245 τοσόνδε
663 2186 725 2218 τοῦ
738 2182 863 2242 χρόνρυ
882 2182 1032 2229 ἄλεκτρα

7 2310 9 2312 ,
114 2229 833 2326 ,ἷξέἓ’Τῖ’.61148.ἐὲεἓῗξξῖἐῗῖἑρὶῗοὲἔὲ
850 2228 1030 2310 ἒὲἑρῗῗέῗ

30 2340 31 2343 ’
76 2326 220 2373 ‘vesp'
231 2324 265 2360 αί
282 2322 306 2360 σ’
326 2323 452 2360 ἄλοκες
466 2325 580 2374 φέρειν
593 2323 810 2372 ἐδυνάθησαν
823 2324 858 2364 ἐς
870 2323 1027 2366 τοσόνδε;

129 2374 182 2407 ch.
229 2384 244 2411 ς
260 2370 330 2407 τόδ’
346 2370 480 2419 ἡμέρας
498 2374 552 2407 OG
567 2370 668 2406 1138.
700 2371 775 2407 ἔτος
791 2371 840 2411 εἰς
858 2371 934 2410 ἔτος
946 2373 1028 2404 Ant.

100 2421 157 2458 ch.
187 2438 228 2444 —
254 2418 302 2458 εἰς
319 2418 456 2458 ἀναιδὲς
479 2418 614 2466 ἡμέρας
641 2418 745 2466 μέρος
771 2418 880 2501 βραχὺ
900 2418 957 2457 δός
974 2429 1033 2465 μοι

57 2463 78 2476 ³
131 2478 162 2501 ν
178 2467 238 2500 Ph.
259 2464 316 2500 83.
344 2466 483 2547 17ξρόνον
508 2469 670 2501 τοσοῦτον
683 2493 691 2508 ,
720 2466 768 2505 εἰς
815 2477 872 2501 σον
888 2465 932 2500 τά
947 2464 974 2500 τ’
994 2464 1033 2499 ἐκ

124 2511 279 2549 στείλωσι
299 2511 342 2547 10
393 2540 399 2546 .
446 2513 480 2552 ἐς
496 2513 534 2549 τὸ
551 2512 670 2548 λοιπόν
689 2515 743 2546 Tr.
765 2511 845 2547 911.
886 2512 961 2552 *εἰς
976 2511 1032 2547 τὸν

75 2583 84 2619 ι
101 2558 550 2656 .ῖζέ;,»ὃὲ.ῑ.ῖ.ἕρ[έῑεᾌ
567 2562 1035 2654 ξῑῖέ.ξ.ῑ“ξ.·..ῖῑῑὲῑῑῑῑζῗ

30 2655 122 2711 11η
147 2660 262 2688 censet
277 2657 378 2688 verba
397 2657 499 2689 Dind.
511 2659 546 2688 et
562 2657 668 2688 fuisse
684 2666 703 2687 a
717 2656 818 2698 Soph.
833 2657 858 2689 f.
876 2653 975 2689 εὐτόλ
1006 2667 1034 2700 ῳ

39 2721 71 2742 s„
96 2699 149 2783 ἒ.
177 2701 223 2747 ὧν
240 2700 288 2740 εἰς
302 2700 439 2750 ὕστερον
453 2701 595 2749 ψεῦσται
612 2700 817 2750 φανούμεθα
829 2704 910 2735 Ant.
931 2700 970 2734 11
998 2699 1031 2734 4.

40 2768 59 2792 ⁶..
171 2746 286 2794 αὔριον
310 2748 444 2796 ἡμέρας
468 2749 523 2783 OG
549 2747 628 2782 567.
673 2749 713 2784 τὸ
739 2746 766 2783 δ’
785 2748 819 2783 ἐς
835 2746 877 2783 αὖ
903 2760 952 2783 ιον
970 2747 1037 2782 αἰεὶ

115 2805 154 2828 ·ν
179 2793 273 2842 ἕρπει
306 2798 403 2829 Terei
429 2798 471 2829 fr.
500 2794 587 2837 520,
615 2794 650 2828 2.
694 2795 742 2830 εἰς
766 2794 856 2837 ἅπαξ
880 2760 1038 2842 ξείσάπαξ

42 2857 74 2887 '³‹.
94 2838 102 2882 s
124 2839 153 2923 q
175 2843 282 2878 εἰπεῖν
300 2844 362 2877 Ph.
391 2841 472 2876 443.
494 2855 525 2875 v.
546 2840 648 2883 ἅπαξ.
671 2862 710 2868 -
732 2842 767 2882 ές
789 2843 871 2877 πότε
890 2843 1034 2885 quando,

92 2891 117 2924 ’,εἱ
154 2887 200 2923 85
223 2891 274 2923 ch.
311 2891 353 2923 de
386 2901 452 2933 quo
484 2900 606 2931 genere
630 2892 790 2932 loquendi
815 2903 847 2923 v.
880 2892 959 2923 Lob.
997 2890 1037 2922 ad

102 2941 121 2970 ἰ
146 2961 154 2970 ,
179 2947 213 2979 p.
239 2934 295 2969 46.
319 2955 360 2961 —-
384 2938 518 2970 Deinde
543 2938 584 2970 de
608 2940 745 2971 consilio
763 2938 846 2979 facti
863 2942 896 2970 et
921 2940 1039 2970 eventu

46 2980 80 3027 ξπ]
95 2985 301 3017 '‘consecuto
317 2985 452 3017 dicitur.
497 2983 634 3031 πέμψον
660 2983 708 3022 εἰς
733 2983 956 3030 κατασκοπήν
975 2984 1036 3015 Ph.

52 3060 70 3072 ,Ὺ
153 3041 170 3069 ς
185 3028 242 3064 ἔλε
290 3042 327 3066 ον
345 3030 442 3071 ἐξιών
467 3028 513 3064 98
534 3035 750 3064 scrutaturus.
796 3029 875 3065 ὅταν
899 3042 932 3064 τι
955 3029 1040 3076 δρᾷς

52 3081 68 3119 ζ
100 3072 215 3124 pto<
234 3075 251 3110 1
316 3079 340 3110 i.
361 3088 391 3111 e.
427 3077 510 3125 πρὸς
526 3077 660 3124 κέρδος,
681 3079 769 3120 quod
786 3080 822 3110 in
839 3079 931 3111 codd.
954 3087 1039 3110 non-

111 3162 119 3168 „
142 3129 210 3160 ,est
233 3134 276 3158 ex
293 3126 582 3168 interpretatione.
626 3124 644 3160 ὁ
674 3124 711 3159 δὲ
736 3119 815 3160 κάκ’
837 3124 886 3159 εἰς
939 3119 1038 3171 έγιστ’

50 3203 53 3208 ,
122 3207 127 3212 1
183 3170 242 3203 OR
259 3169 360 3205 1180.
404 3169 553 3219 χωροῖμ’
578 3169 618 3205 ἂν
645 3171 692 3210 εἰς
714 3171 792 3206 τόδε
808 3172 863 3205 OG
881 3136 960 3204 5027.
1006 3170 1041 3208 ἐς

50 3211 53 3225 “
140 3215 291 3266 1λέβητα
313 3229 376 3253 κοσ
421 3222 438 3253 ῖ
460 3220 514 3251 El.
545 3216 645 3252 1400.
692 3212 822 3266 Ἔρωτι
847 3217 935 3253 ὅστις
960 3215 1042 3251 ἀντ-

51 3280 55 3300 ·.
121 3255 354 3317 ,ἱζ-νιπηκτῆς
370 3230 464 3304 ἕως
483 3265 517 3304 ές
560 3268 654 3312 εἴρας
672 3267 727 3298 Tr.
749 3264 818 3298 442
836 3268 858 3298 1.
880 3276 910 3298 e.
947 3263 1042 3312 ἀγω-

52 3323 55 3337 =
121 3312 221 3357 295-
270 3310 419 3347 θάνατος
444 3311 478 3347 ἐς
498 3324 534 3346 τε
559 3312 658 3347 ευτάν
685 3313 741 3346 OG
762 3310 851 3345 1224
868 3313 919 3345 ch.
949 3313 1043 3345 nobis

54 3370 58 3387 ὲ
121 3355 246 3406 1εἰνιτάν
259 3363 420 3400 postremo
438 3361 626 3401 significare
644 3361 797 3401 videtur,
824 3369 910 3392 mors
934 3369 1044 3392 rerum

52 3312 60 3368 2

58 3541 110 3597 1,

802 84 988 158 Είσάγω
1015 115 1076 125 --
1107 84 1264 138 Εἱσαεί

1966 91 2068 139 215

44 187 72 234 ’-
95 202 282 248 ἀκουστόν,
311 203 382 241 οὐδ’
407 203 574 285 ἐπόψιμον
599 215 644 238 sc.
669 203 688 239 ὁ
706 201 838 260 δαίμων
855 201 1018 259 ἐξήλλετο
1036 212 1039 282 1
1055 204 1174 236 ultima
1190 205 1296 237 dicta:
1326 203 1605 283 ν.11σοτέλεστος.
1627 223 1667 263 Τ
1688 203 1796 263 ἐρινὸς
1815 203 1957 252 ἀχρεῖος
1974 203 2014 240 ἂν
2033 205 2069 244 ἐς

41 298 70 345 ξ’,
81 302 203 342 verice.
232 301 263 334 A
281 299 424 334 secunda
436 251 1021 341 ρνοίὲιῗίοααέξῖιίιῖἱῖἰῖἓὲΐᾶῗέἓὲῗζ
1057 248 1181 336 {effigit
1197 249 1501 344 Ξῗίἆιξμοὲἓεθὲς
1524 250 1586 331 {iz
1602 262 1706 332 {35³3
1721 253 1968 333 ngwggnloeggv
1978 251 2071 334 1σῖὗέ

45 343 118 401 “sard
134 346 226 391 δεξιά
243 348 383 390 Triptol.
406 348 448 379 fr.
469 344 550 387 527,
575 344 591 378 1
609 345 808 378 dextrorsus.
838 346 890 378 Ab
906 345 1022 378 eadem
1057 343 1156 382 εἶπας
1172 345 1231 378 OR
1248 342 1333 378 781.
1354 355 1386 387 q.
1420 343 1550 383 καλῶς.
1589 344 1623 384 ἐς
1642 344 1717 380 δέον
1739 343 1839 379 1416.
1883 348 1965 379 Ant.
1987 344 2068 380 386.

1059 391 1094 430 ἐς
1111 390 1212 426 αὐτὸν
1228 403 1287 426 και
1311 391 1347 426 ὸν
1367 389 1439 426 οἵδε
1456 392 1609 438 πάρεισιν
1626 393 1681 425 Ai.
1704 390 1794 426 1168
1811 391 1950 437 [usitata
1967 394 2071 427 Euri-

1058 439 1130 482 pidi
1147 403 1322 484 dictioneq.
1364 438 1413 477 εἰς
1436 438 1468 472 τί
1493 437 1536 485 δή
1563 451 1606 484 με
1631 437 1720 474 τοῦτ’
1747 438 1934 486 ἐρωτήσασ’
1960 439 1974 451 '¹
2000 452 2068 483 εις;

1061 487 1117 519 Tr.
1138 484 1207 519 403
1225 496 1286 528 quo
1299 488 1462 519 consilio?
1478 497 1509 518 v.
1527 488 1644 519 Valck.
1664 487 1704 519 ad
1718 488 1844 520 Phoen.
1862 485 1942 520 624.
1994 490 2069 521 'ers.

1060 535 1219 566 Verisim.
1236 543 1271 575 p.
1282 530 1339 566 20.
1362 534 1451 566 Num
1468 534 1509 566 ad
1522 538 1683 567 eventum
1695 543 1737 566 an
1755 535 1795 566 ad
1809 535 1911 567 finem
1923 538 2073 577 tempore

1060 583 1161 612 tenus
1178 581 1393 613 indicandum
1413 582 1555 613 referam
1574 579 1608 618 ές
1632 579 1704 627 τρὶς
1721 579 1882 627 ἐκβάλλει
1899 583 1965 615 inc.
1986 580 2067 624 678,

1063 624 1116 668 13,
1138 629 1227 669 quod
1239 629 1373 669 penitus
1389 629 1519 661 vincere
1536 629 1721 669 significat,
1742 639 1761 660 a
1778 629 1996 662 luctatoribus
2013 631 2073 662 de-

1061 678 1248 717 sumptum,
1268 676 1417 716 ambigo,
1447 685 1524 707 nam
1550 679 1585 707 et
1602 675 1645 707 ad
1662 677 1774 708 tertias
1790 685 1890 717 usque
1906 677 2011 718 vices,
2041 681 2076 709 et

1060 725 1098 754 ut
1114 725 1163 754 ter
1178 723 1236 764 fiat
1253 722 1468 764 interpretari
1491 722 1583 754 licet.
1628 723 1659 754 A
1682 724 1826 755 termino
1842 725 2016 764 temporali
2033 725 2076 756 ad

1060 779 1110 800 res
1126 771 1232 801 animi
1249 772 1283 801 et
1297 771 1417 801 mentis
1438 770 1569 801 traduci
1594 769 1739 802 videtur.
1783 768 1832 807 εἰς
1857 767 1936 803 ὅσον
1960 767 1990 817 γ’
2007 769 2076 818 ἐγὼ

1062 814 1173 850 σθένω
1198 816 1260 848 Ph.
1292 813 1392 848 1403.
1438 814 1564 862 ἐχθρὸς
1593 814 1628 850 ές
1650 813 1780 850 τοσόνδ’
1805 814 1994 865 έχθαρτέος
2017 819 2071 851 Ai.

1061 859 1141 896 679.
1171 864 1223 896 Ab
1235 863 1288 895 his
1301 864 1425 903 differt,
1451 864 1509 896 sed
1526 867 1566 895 ut
1582 864 1617 895 in
1635 864 1688 896 his
1701 867 1814 896 tamen
1831 865 2076 898 recensendum

1062 911 1117 951 sit,
1139 908 1179 944 οὐ
1196 908 1260 956 γὰρ
1276 909 1326 948 εἰς
1344 907 1476 944 ἁπλοῦν
1500 908 1524 955 ἡ
1550 908 1655 957 ζημία
1678 921 1737 955 μοι
1753 913 1814 945 τοῦ
1830 909 1935 957 λόγου
1951 910 2076 946 τούτου

1063 956 1175 1003 φέρει,
1203 955 1278 991 ἀλλ’
1301 956 1350 995 εἰς
1368 955 1526 1003 μέγιστον
1543 958 1601 990 OR
1618 955 1686 990 519
1709 960 1854 998 yravitcr
1881 963 1985 991 nocet.
2029 960 2074 992 Et

1063 1014 1179 1037 rursus
1195 1005 1294 1037 haec:
1325 1003 1375 1049 μὴ
1399 1003 1439 1038 τὸ
1457 1017 1483 1050 μ
1511 1003 1566 1038 δὲν
1583 1003 1688 1050 ἄλγος
1704 1003 1752 1042 εἰς
1771 1000 1845 1051 μέγ’
1862 1003 1988 1047 οἶσετε;
2019 1006 2077 1039 OR

1062 1049 1143 1084 638.
1172 1050 1210 1085 σὲ
1226 1050 1290 1097 γοὶρ
1306 1048 1406 1084 τῶνδ’
1425 1050 1459 1089 ές
1476 1062 1502 1084 π
1526 1050 1580 1086 έον
1598 1051 1688 1098 σέβω
1697 1049 1777 1085 700.
1807 1051 1906 1086 οὐδὲν
1921 1051 1956 1086 ἐς
1972 1051 2076 1088 πλέον

1062 1103 1150 1132 ποιῶ
1169 1096 1238 1132 918
1253 1099 1337 1131 nihil
1350 1099 1497 1140 proficio.
1534 1100 1676 1132 Diversa
1693 1100 1834 1132 contulit
1850 1100 2073 1141 Musgravius.

1063 1143 1201 1180 πενθεῖν
1227 1145 1276 1184 εἰς
1301 1143 1462 1180 πλεῖστον
1489 1146 1545 1179 OC
1570 1143 1638 1179 739
1663 1148 1815 1179 maxime.
1847 1164 1949 1179 —.—
1978 1148 1993 1190 ΙΙ
2017 1148 2078 1179 El-

1062 1195 1165 1235 lipsis.
1216 1194 1407 1235 Aliquando
1432 1194 1561 1226 duobus
1587 1195 1746 1226 membris
1772 1203 1948 1227 commune
1972 1193 2020 1232 εἰς
2037 1196 2078 1227 ab

1063 1242 1221 1274 alterutro
1239 1242 1342 1273 abest.
1371 1239 1434 1286 τὴν
1453 1239 1521 1287 ἐγὼ
1536 1238 1644 1278 τάλας
1661 1239 1725 1274 οὐκ
1742 1239 1783 1274 ἄν
1800 1238 1874 1275 ποτ’
1891 1240 1939 1279 εἰς
1954 1243 2077 1276 τοσοῦ-

1062 1299 1120 1322 τον
1154 1286 1266 1326 αἰκίας
1291 1289 1407 1321 πεσεῖν
1434 1281 1532 1328 ἔδοξ’,
1562 1286 1640 1322 ὅσον
1665 1286 1845 1322 πέπτωκεν
1881 1289 1935 1322 OC
1956 1286 2024 1322 753
2041 1300 2073 1321 ν.

1063 1335 1193 1368 Schaef.
1237 1337 1288 1367 De
1312 1327 1492 1369 et<⁰AtBou
1511 1346 1542 1367 v.
1564 1337 1586 1367 i.
1602 1328 1740 1381 “Αιδης.
1763 1353 1866 1367 -.-
1885 1335 1899 1378 ΙΙ
1924 1332 2001 1374 Εἰς
2019 1345 2078 1378 pro

1065 1381 1106 1426 έν
1123 1384 1263 1415 minime
1275 1383 1410 1423 dicitur,
1430 1383 1495 1415 etsi
1509 1383 1679 1415 veteribus
1691 1383 1816 1424 pariter
1829 1393 1866 1415 ac
1882 1384 2078 1415 recentioris

1063 1431 1183 1462 aetatis
1199 1430 1392 1462 hominibus
1410 1430 1538 1470 visum,
1568 1441 1599 1461 v.
1622 1430 1816 1462 Hemsterh.
1844 1430 1884 1462 ad
1902 1430 1960 1462 Ar.
1984 1430 2075 1463 Plut.

1063 1473 1144 1510 456.
1164 1478 1305 1510 Dorvill.
1318 1478 1359 1509 ad
1370 1476 1467 1509 Char.
1480 1487 1513 1518 p.
1527 1474 1594 1509 437
1604 1478 1685 1509 alios
1701 1478 1834 1518 multos,
1848 1487 1930 1518 quos
1944 1478 2080 1510 adducit

1065 1525 1177 1566 Apitz.
1206 1524 1246 1556 ad
1276 1524 1332 1556 Tr.
1373 1520 1452 1556 192.
1505 1525 1655 1556 Primum
1681 1525 1806 1556 clarum
1836 1528 1889 1556 est
1913 1525 2080 1557 eiusmodi

1065 1572 1231 1613 exempla,
1253 1572 1364 1613 qualia
1378 1574 1459 1603 sunt
1473 1568 1569 1611 ἔδειξ’
1583 1567 1742 1618 Ἀχαιοῖς
1761 1569 1795 1604 ἐς
1815 1569 1918 1616 μέσον
1936 1571 1997 1603 Ph.
2011 1567 2079 1604 609

1065 1623 1100 1650 et
1117 1615 1290 1665 σύγκολλα
1311 1615 1464 1663 τάμφοῖν
1495 1617 1530 1655 ές
1556 1617 1658 1663 μέσον
1674 1616 1885 1652 τεκταίνεται
1907 1619 1973 1650 inc.
1994 1615 2075 1660 745,

1065 1662 1087 1697 2
1105 1675 1170 1698 non
1189 1667 1376 1706 significare
1391 1664 1425 1698 ἐν
1445 1664 1561 1710 μέσοις
1574 1667 1646 1697 sive
1664 1664 1700 1698 ἐν
1718 1665 1825 1711 μέσῳ,
1846 1666 1905 1697 sed
1921 1666 1957 1697 in
1975 1666 2080 1698 altero

1065 1717 1175 1745 motus
1191 1714 1303 1745 inesse
1320 1713 1483 1745 indicium
1496 1738 1504 1754 ,
1531 1713 1569 1744 in
1595 1714 1752 1745 concione
1769 1713 1862 1744 enim
1879 1713 1936 1744 ille
1954 1713 2080 1745 consti-

1065 1764 1159 1792 tutus
1177 1764 1247 1801 est,
1279 1761 1316 1791 in
1342 1760 1445 1792 altero
1470 1764 1631 1800 eventus,
1661 1758 1748 1793 ὥστε
1774 1758 1862 1804 μέσα
1885 1760 1907 1791 i.
1929 1770 1962 1801 q.
1982 1757 2082 1793 κοινὰ

1065 1804 1234 1852 γενέσθαι.
1264 1807 1337 1839 Non
1351 1808 1456 1848 magis
1470 1808 1631 1839 antestari
1648 1808 1728 1838 licet
1744 1805 1793 1844 εἰς
1810 1804 1955 1840 παλαιὸν
1971 1803 2080 1841 θᾶκον

1064 1853 1147 1894 ἵζων
1165 1855 1248 1886 Ant.
1268 1850 1355 1895 999,
1384 1855 1472 1895 quod
1492 1863 1558 1886 non
1576 1853 1711 1887 sedendi
1728 1854 1787 1887 sed
1803 1853 1995 1886 considendi
2012 1855 2081 1886 vim

1066 1903 1177 1934 habet.
1207 1902 1461 1943 Relinquantur
1477 1902 1542 1934 duo
1560 1902 1773 1943 potissimum
1791 1902 1957 1942 exempla.
1995 1901 2081 1933 Cum

1066 1949 1271 1982 Philoctetes
1289 1949 1434 1980 dixisset
1458 1947 1587 1994 πατέρα
1605 1946 1762 1994 ματεύων
1779 1946 1844 1992 (sc.
1863 1949 1975 1994 κρᾶτα
1991 1945 2082 1981 ἀπο-

1066 1994 1179 2040 τεμῶ)
1194 1996 1255 2028 Ph.
1278 1992 1368 2028 1210
1394 1999 1607 2037 rogassetque
1632 1996 1750 2028 chorus
1768 1998 1830 2029 ποῖ
1844 1998 1923 2042 γᾶς;
1954 1996 2012 2027 ille
2029 2005 2083 2027 re-

1067 2043 1210 2086 spondet
1227 2041 1262 2076 ές
1271 2035 1392 2077 ’Ἃιδου
1407 2052 1415 2059 ·
1451 2041 1491 2077 οὐ
1515 2040 1580 2089 γὰρ
1606 2041 1641 2077 έν
1659 2041 1738 2088 φάει
1753 2036 1783 2089 γ’
1801 2040 1863 2076 ἔτι.
1890 2042 1953 2074 Est
1970 2045 2084 2074 autem

1067 2092 1128 2124 hoc
1143 2088 1233 2123 κατὰ
1247 2088 1287 2123 τὸ
1305 2089 1558 2135 σημαινόμενον
1579 2090 1724 2131 dictum;
1754 2100 1830 2122 cum
1848 2090 1939 2122 enim
1958 2090 1994 2121 in
2014 2100 2084 2135 μα-

1067 2135 1176 2172 τεύων
1201 2136 1301 2169 eundi
1326 2139 1509 2178 quaesitum
1534 2138 1618 2169 insit
1643 2138 1862 2178 significatio,
1891 2140 1929 2168 ut
1946 2140 2086 2178 quaerat

1069 2186 1187 2218 chorus
1205 2186 1267 2218 ποῖ
1282 2184 1343 2230 γᾶς
1370 2195 1446 2216 cum
1463 2188 1569 2216 motus
1587 2188 1622 2216 et
1639 2186 1764 2216 itineris
1780 2184 1921 2225 indicio,
1942 2187 2034 2216 recte
2050 2186 2086 2216 et

1068 2233 1184 2265 ordine
1201 2231 1404 2264 Philoctetes
1421 2232 1532 2274 pergit
1550 2229 1584 2269 ἐς
1597 2224 1733 2266 Ἅιδου.
1764 2231 1889 2263 Eadem
1901 2255 1909 2271 ‚
1939 2231 1999 2263 sed
2016 2231 2083 2263 dif-

1068 2280 1185 2312 ficilior
1200 2279 1301 2320 paulo
1326 2280 1407 2311 ratio
1433 2283 1484 2310 est
1501 2279 1556 2310 Ai.
1577 2275 1641 2311 80:
1672 2276 1751 2323 ἐμοὶ
1768 2276 1830 2322 μὲν
1849 2276 1948 2324 ἀρκεῖ
1962 2279 2084 2312 τοῦτον

1070 2325 1104 2364 ἐς
1122 2324 1250 2371 δόμους
1269 2324 1391 2370 μένειν.
1430 2325 1484 2359 Sic
1510 2326 1565 2357 LB
1585 2326 1685 2358 Tricl.
1715 2326 1815 2358 schol.
1838 2325 1933 2358 Rom.
1954 2325 2013 2356 LA
2029 2334 2081 2366 pr.

1069 2385 1113 2406 m.
1129 2399 1136 2415 ,
1165 2383 1242 2405 nam
1261 2372 1295 2407 ἐν
1313 2376 1347 2405 et
1365 2383 1414 2410 οις
1430 2383 1476 2404 m.
1504 2373 1734 2405 recentissima
1759 2373 1997 2414 superscripsit
2013 2369 2083 2416 [re-

1070 2431 1142 2463 cep.
1164 2421 1267 2453 Dind.
1287 2418 1321 2453 ἐν
1337 2417 1482 2464 δόμοις].
1512 2420 1618 2453 Schol.
1639 2420 1809 2461 poeticum
1826 2429 1933 2460 genus
1950 2419 2084 2451 dicendi

1070 2472 1173 2509 vocat,
1196 2477 1259 2500 nec
1276 2477 1355 2499 sane
1372 2468 1412 2499 ab
1428 2468 1624 2508 interpretis
1641 2476 1743 2499 manu
1760 2476 1833 2498 esse
1849 2470 1971 2507 potest.
2011 2466 2084 2508 Ap·-

1069 2517 1239 2547 tissimum
1256 2515 1352 2554 Lob.,
1381 2515 1440 2555 qui
1468 2515 1604 2555 quidem
1629 2511 1664 2547 ἐν
1691 2511 1810 2558 δόμοις
1827 2514 1945 2554 edidit,
1965 2523 2082 2545 exem-

1069 2564 1163 2604 plum
1181 2562 1352 2594 contendit
1368 2561 1448 2593 Eur.
1476 2562 1521 2593 IT
1547 2557 1636 2602 620,
1664 2562 1700 2592 in
1724 2570 1789 2602 quo
1813 2564 1852 2592 ut
1878 2562 1914 2592 in
1939 2556 2084 2605 κείμεθα

1070 2612 1160 2641 inest
1177 2608 1424 2653 πεπτώκαμεν,
1454 2609 1499 2640 ita
1524 2609 1559 2639 in
1578 2606 1690 2652 μένειν
1707 2608 1919 2648 cogitandum
1936 2604 2084 2653 βεβηκέ-

1071 2668 1126 2690 ναι
1144 2658 1302 2693 introissc.
1349 2656 1421 2687 Non
1439 2659 1491 2687 est
1507 2656 1611 2695 igitur
1627 2656 1779 2687 attractio
1796 2665 1840 2687 ex
1857 2655 1986 2687 duabus
2003 2663 2083 2686 sen-

1072 2705 1190 2737 tentiis
1207 2705 1243 2735 in
1256 2712 1359 2734 unam
1373 2703 1531 2743 confusis,
1554 2703 1595 2734 de
1613 2712 1678 2743 quo
1695 2711 1818 2742 genere
1834 2705 1966 2743 praeter
1982 2701 2085 2733 huius

1072 2752 1191 2784 aetatis
1216 2751 1445 2790 grammaticos
1470 2759 1655 2790 exposuere
1680 2750 1807 2789 Krueg.
1836 2749 1878 2780 de
1902 2751 2030 2781 attract.
2057 2749 2081 2780 1.

1073 2800 1146 2830 Lat.
1167 2808 1200 2839 p.
1222 2794 1290 2830 310
1315 2797 1387 2829 coll.
1410 2797 1581 2828 Matthiae.
1611 2797 1651 2828 ad
1668 2796 1752 2828 Eur.
1773 2796 1891 2837 Suppl.
1912 2792 1993 2828 224.
2029 2796 2083 2827 Ia-

1073 2847 1159 2878 cobs.
1182 2845 1223 2876 ad
1239 2844 1362 2876 Achill.
1385 2844 1458 2875 Tat.
1479 2853 1512 2885 p.
1533 2840 1614 2875 848.
1637 2861 1677 2867 -
1697 2842 1746 2880 εἰς
1763 2841 1858 2890 χίλια
1874 2851 1974 2883 usque
1990 2844 2087 2875 milia

1073 2892 1199 2925 dudum
1216 2895 1306 2923 recte
1325 2892 1481 2923 scribitur
1497 2891 1618 2932 Naupl.
1640 2891 1682 2922 fr.
1703 2887 1781 2931 379,
1805 2887 1825 2922 6
1843 2887 1896 2935 [ὅς
1915 2887 2051 2934 Dind.].

1144 2981 1319 3030 Εἰσάγω
1346 2983 1528 3016 introduce.
1576 2981 1655 3018 ὅταν
1680 2993 1716 3016 σε
1741 2981 1858 3028 καιρὸς
1883 2980 2002 3030 εἰσάγῃ
2027 2982 2082 3014 El.

1075 3029 1119 3064 39
1165 3031 1275 3064 wando
1299 3034 1520 3072 opportunum
1544 3030 1732 3063 introeundi
1755 3033 1881 3071 tempus
1905 3031 1977 3062 erit.
2027 3027 2088 3063 καὶ

1076 3077 1113 3113 σέ
1128 3091 1148 3125 γ
1174 3076 1298 3118 εἰσάξω
1316 3078 1377 3110 Ph.
1391 3074 1469 3110 672.
1485 3095 1526 3101 —
1537 3077 1679 3118 adduco,
1699 3078 1817 3109 tralate
1834 3075 1893 3117 νὺξ
1908 3075 1952 3123 γά
1990 3075 2086 3111 εἰσά-

1075 3136 1138 3173 γει,
1158 3124 1216 3159 καὶ
1233 3123 1292 3164 νὺξ
1308 3121 1447 3159 ἀπωθεῖ
1465 3122 1706 3171 διαδεδεγμένη
1725 3122 1830 3169 φόβον
1849 3125 1904 3157 Tr.
1925 3087 1983 3158 29.

1146 3215 1302 3253 Εἰσαεί
1327 3220 1362 3250 in
1381 3221 1589 3260 perpetuum.
1634 3218 1772 3250 Rectius
1798 3218 1935 3250 fortasse
1960 3217 2090 3250 disiun-

1077 3267 1157 3299 ctim
1181 3267 1345 3298 scribitur.
1382 3277 1392 3284 ·
1409 3264 1442 3299 οἰ
1466 3264 1588 3303 πάντες
1613 3262 1650 3299 εὖ
1676 3263 1801 3304 ξυνεῖεν
1820 3263 1924 3298 εἰσαεὶ
1941 3261 2015 3298 θεοί
2032 3263 2091 3297 OR

1078 3310 1158 3346 275.
1194 3311 1294 3346 τοῦτό
1313 3306 1347 3358 μ’
1364 3277 1470 3347 estensi
1487 3311 1590 3359 φοβεῖ
1608 3309 1709 3344 1013.
1747 3315 1839 3357 μενῶ
1857 3305 1886 3345 σ’
1903 3309 2008 3345 εἰσαεὶ
2025 3309 2090 3356 βα-

1080 3357 1138 3407 ρύς
1163 3361 1219 3393 Tr.
1251 3357 1351 3393 1202.
1383 3377 1423 3384 —
1447 3357 1470 3405 ἦ
1495 3358 1551 3394 τὸν
1577 3357 1682 3393 εἰσαεὶ
1714 3356 1922 3406 λεηλατήσει
1944 3356 2089 3406 χρόνον,
