2288 3600
14 110 100 190 gs‘p.
116 132 334 186 sie-320]

20 243 170 289 „taem
263 243 398 293 ταρβεῖν
417 244 474 278 Tr.
493 241 576 278 296.
611 243 651 279 τὸ
677 240 710 278 δ’
732 242 837 290 ὀρθὸν
856 239 1006 292 ἐξείρηχ’

111 289 192 325 374.
219 289 367 340 εὔχομαι
383 286 415 324 δ’
437 290 532 336 ὅμως
552 289 654 325 1190.
682 290 764 337 βοῦς
780 290 848 327 ὑπὸ
865 302 948 337 σμικ
970 293 1011 329 ἇς

6 348 22 385 ,ᾗ
147 337 282 387 ἀστιγος
311 335 413 386 ὀρθὸς
437 338 485 377 είς
514 336 594 373 ὁδὸν
622 350 668 373 πο
691 337 804 373 εὐεται
827 340 882 372 Ai.
905 303 1007 372 1253.

2 384 8 399 “
71 382 80 396 ’
116 351 213 432 διμως
244 383 342 445 ἅχω,
377 383 435 424 δὸς
459 384 554 432 αὐτῷ
578 387 632 419 El.
684 383 741 418 50.
785 383 803 419 ὅ
834 397 882 424 ως
908 381 943 419 δ’

0 481 2 486 .
47 430 215 513 ούργηὸον
231 439 313 513 ‘rabie
328 430 424 513 4335
444 435 506 514 τὲῦ
549 431 769 515 ἰὶίιεςέδαίνειν
798 431 1010 513 ’μωςκάᾆτραὶξ

43 491 136 515 ονται
181 491 272 514 reus.
307 490 334 514 r.
435 506 443 522 ,
491 506 499 513 .
648 492 723 526 μως
767 491 852 526 ρεων
870 491 912 514 τα
953 490 1010 514 εια

0 523 11 544 ,³
167 531 183 538 -·
455 526 470 545 r
983 529 990 535 -

0 491 1009 617 afferezaei53301.1....-..02i.1?¹::⁰m¹33†22.

0 621 158 665 epodosin
186 622 371 664 pertineat.
416 622 532 655 Sensit
564 623 625 654 hoe
654 623 774 655 Elmsl.
812 623 854 654 ad
884 622 1004 654 Bacch.

0 664 79 708 287.
99 668 143 701 ad
166 669 257 702 Med.
279 666 381 702 1216.
411 670 454 701 cf.
484 670 611 709 Reisig.
641 679 750 702 enarr.
771 669 828 702 00
845 666 903 701 96.
944 668 1009 701 Hic

0 718 112 757 umen
127 716 262 756 longius
279 717 370 748 iusto
386 725 585 757 progressus
602 720 638 748 et
652 715 706 748 00
721 713 800 749 672.
827 713 906 758 (659
925 725 1007 748 suae

0 761 73 806 jod.)
89 762 133 794 ad
157 763 244 795 hane
260 764 425 795 rationem
444 767 579 796 revocat
603 767 639 796 et
664 764 820 795 inaudito
837 763 934 795 modo
952 763 1006 795 di-

0 810 128 850 ptingui
153 811 227 842 vult
253 811 372 850 Antig.
391 807 479 851 234,
509 811 686 851 ignorans,
717 814 756 843 ut
782 810 941 851 videtur,
971 805 1004 843 δ’

808 119 954 196 Ὄναρ
983 156 1044 165 -
1062 120 1258 195 Ὄνησις

1045 242 1226 290 τὸνλόγον
1252 240 1331 276 784.
1369 240 1453 278 ἔνθα
1479 242 1529 289 μή
1554 254 1620 278 ποτ
1667 241 1774 323 ὀψοῖίξι
1799 255 1818 278 ν
1834 247 1953 278 κακῶν
1998 254 2061 297 ρης

1046 295 1142 336 σμῶν
1170 289 1284 336 ὀνείδη
1309 294 1377 324 τῶν
1403 289 1497 335 ἐμῶν
1514 289 1706 336 τελούμενα
1797 316 1804 323 .
1833 292 1875 325 cf.
1897 288 1964 324 δειν
1986 303 2004 324 ν
2022 303 2042 337 γ

1045 336 1176 376 ὄνειδος
1202 335 1406 384 σπαργάνων
1433 335 1546 372 ἀνειλό
1576 350 1619 383 ην
1648 335 1748 371 1035.
1781 339 1806 371 i.
1825 348 1857 370 e.
1885 336 1975 384 σπάρ
1999 350 2062 371 ανα

1046 383 1196 423 ὀνείδους
1221 383 1322 419 πλέα.
1358 382 1479 419 ἄθλιον
1502 383 1677 423 τουνειδος
1701 380 1847 419 ὢνείδισ’
1876 383 1925 422 είς
1949 395 1968 418 σ
2005 384 2060 417 00

1045 430 1126 465 753.
1166 430 1231 466 οὐκ
1257 430 1297 466 ἂν
1324 430 1472 477 ἐξεύροις
1500 430 1578 478 ἐμοὶ
1603 430 1772 477 ἁμαρτίας
1801 430 1931 470 ὄνειδος
1961 430 2059 466 οὐδέν

1045 477 1125 513 967.
1155 479 1242 521 quod
1259 481 1362 511 alicui
1380 481 1454 513 iure
1471 478 1694 521 exprobretur.
1728 477 1875 513 τεκοῦσά
1893 490 1934 524 με
1953 477 2060 524 αὑτῆς

1044 524 1172 564 ὄνειδος
1190 524 1316 564 παῖδας
1335 524 1477 572 ἐξέφυσέ
1495 538 1554 571 μοι
1571 523 1660 567 984,
1680 536 1746 567 quo
1764 527 1920 568 exemplo
1937 527 1979 558 ab
1998 535 2059 558 no-

1043 575 1136 606 tione
1154 575 1202 606 rei
1220 578 1334 606 mente
1352 574 1611 615 comprehensae
1635 573 1798 615 (abstract)
1834 574 1874 605 ad
1891 574 1944 614 id,
1971 573 2059 615 quod

1043 622 1255 662 experientia
1273 622 1423 653 noscitur
1446 621 1595 663 (conci-et)
1610 646 1617 660 ,
1648 621 1801 652 transitio
1819 622 2054 662 praestruitur,

1044 670 1138 700 velut
1166 666 1249 702 α’ταν
1280 666 1416 714 ἐπάγων
1446 662 1501 701 ἀν’
1545 666 1654 712 εὐρώδ

1043 713 1173 753 ὄνειδος
1187 710 1366 749 Ἑλλάνων
1385 716 1439 747 Ai.
1464 712 1550 747 1191
1572 716 1624 747 oh.
1657 678 1791 752 ἓνειδος
1809 715 1853 746 ad
1868 712 1951 748 ἄταν
1970 716 2058 746 rese-

1043 764 1188 795 rendum
1216 766 1287 802 est,
1320 767 1354 794 et
1383 766 1555 804 spectatur
1571 763 1683 794 Aiacis
1708 762 1893 802 ignominia
1922 766 1957 793 et
1982 762 2060 794 exi-

1044 811 1142 842 tium.
1173 807 1311 857 ἐδήχθη
1329 811 1430 843 τοῦτο
1443 806 1615 846 τοῦνειδος
1632 807 1746 854 λαβών
1762 809 1818 840 Τι’.
1834 805 1916 840 254.
1936 805 2060 842 κοῦπω

0 851 18 893 Β
47 867 95 894 ως
111 857 148 888 in
165 857 301 899 apodosi
317 867 384 890 non
402 867 475 890 raro
487 858 680 890 consociari.
710 856 807 904 σιγὴν
820 857 1007 904 παρασχὼν
1042 867 1091 894 τις
1109 854 1212 902 λόγον
1237 856 1343 891 κακὸν
1369 850 1546 902 ὴνὲγκατ’,
1585 851 1657 890 οὐδ’
1679 854 1808 893 ὄνειδος
1825 852 1906 888 462.
1936 853 2061 888 ὀνείδε-

43 900 197 984 ῦθίέιου
224 907 335 938 νοσῶν
360 901 457 950 ὅμως
484 905 540 938 Ττ.
564 902 666 937 1115.
695 906 718 938 i.
740 915 770 938 e.
802 902 926 950 καίπερ
948 915 1009 938 νο-

0 953 87 992 σῶν,
137 962 211 996 μως
227 948 343 986 κλῦθι.
372 952 535 993 Virgula,
555 955 595 984 ut
613 953 699 984 solet
723 953 817 993 fieri,
846 956 927 984 ante
947 963 1009 985 νο-

0 1001 68 1032 σῶν
93 998 250 1040 ponenda
273 1007 341 1031 non
365 999 462 1031 modo
484 1008 569 1041 opus
596 1008 661 1031 non
695 1003 768 1040 est,
801 999 862 1031 sed
892 1000 941 1031 sie
965 1008 1009 1031 ne

0 1043 150 1085 intelligi
182 1046 322 1087 quidem
361 1049 494 1087 potest,
539 1047 702 1087 quomodo
743 1046 898 1088 apodosis
931 1056 1009 1088 pars

0 1090 47 1131 pit
69 1090 184 1137 ὄμωςς
216 1093 372 1135 ineptum
398 1097 513 1126 autem
538 1091 635 1138 ὅμως
667 1095 838 1136 explicare
870 1091 1007 1151 καίπερ.

0 1133 60 1185 ὕφ’
95 1138 144 1173 ὧν
177 1137 245 1174 ἑὼ
276 1137 420 1188 ταχθεὶς
450 1135 527 1174 τάδ’
565 1138 655 1185 ἔρδω
679 1139 738 1174 καὶ
769 1138 931 1187 τύραννος
963 1151 1010 1174 ων

0 1176 19 1221 ὖ
49 1189 96 1242 ῶς
109 1185 168 1267 gc
191 1151 272 1220 851.
294 1188 318 1221 i.
339 1197 370 1220 e.
389 1184 511 1232 καίπερ
527 1185 691 1233 τύραννος
718 1186 766 1222 ὢν
793 1185 882 1233 ἔρδω
899 1185 1007 1232 ὅμως.

40 1243 61 1266 τ
131 1244 150 1267 ν

1046 914 1096 937 σιν
1125 901 1275 949 ἧρασσον
1306 905 1360 936 Ai.
1395 901 1475 936 724.
1500 921 1602 937 —.—
1634 903 1649 945 ΙΙ
1679 904 1790 936 Semel
1821 903 2060 943 turpitudinem

1045 952 1222 991 significat.
1252 950 1301 996 μὴ
1319 949 1434 997 παρῇς
1452 952 1579 985 σαυτοῦ
1598 948 1734 996 βροτοῖς
1752 947 1882 987 ὄνειδος
1900 950 1960 981 Ph.
1975 946 2055 982 968.

1045 1001 1173 1039 turpem
1189 998 1229 1030 de
1247 1001 1277 1030 te
1294 997 1436 1038 famam.
1476 998 1594 1030 Simile
1612 1003 1685 1038 est,
1714 997 1775 1030 sed
1802 1006 1868 1029 non
1887 998 2060 1037 geminum

1046 1044 1145 1091 φάμα
1224 1042 1397 1091 ἀχόρευτα
1413 1040 1554 1091 <pepo-ad
1577 1042 1692 1090 ὀνείδη
1711 1045 1763 1077 ΕΙ.
1784 1040 1874 1076 1068
1890 1044 1942 1076 ch.
1964 1045 2061 1077 illae-

1046 1093 1179 1125 tabilem
1194 1094 1352 1124 nuntium
1368 1101 1510 1137 eumque
1535 1095 1674 1132 turpem.
1699 1108 1802 1124 --.-
1827 1091 1842 1133 ΙΙ
1867 1091 2059 1132 Aliquando

1045 1143 1213 1180 concreta,
1241 1149 1341 1181 quam
1364 1139 1483 1171 dicunt
1507 1140 1751 1179 significatione
1778 1138 1919 1171 hominis
1940 1137 2062 1178 probro

1046 1196 1103 1219 coo
1130 1189 1191 1219 erti
1208 1187 1343 1219 dicitur.
1370 1184 1421 1224 τίς
1501 1181 1630 1220 τοιαῦτ’
1658 1183 1773 1231 ὀνείδη
1798 1182 1985 1229 λαμβάνων
2003 1185 2062 1217 OB

253 1231 419 1280 ἐξείποιμί
448 1245 499 1281 τῳ
592 1233 740 1281 στέργων
782 1233 878 1280 ὅμως
906 1231 1008 1267 1529.
1049 1230 1091 1266 14
1116 1231 1150 1267 4.
1185 1235 1356 1273 Antigone
1382 1238 1465 1266 sunt
1488 1237 1526 1265 et
1548 1234 1684 1266 Ismena
1701 1232 1824 1274 Oedipi
1850 1233 1939 1265 filiae
1957 1233 2062 1271 virgi-

0 1272 98 1325 {Adde
132 1280 253 1314 Stallb.
291 1281 333 1314 ad
365 1282 452 1315 Plat.
488 1282 613 1315 Phaed.
642 1292 676 1324 p.
704 1279 768 1323 91,
798 1283 840 1315 D.
880 1299 983 1315 -.—
1000 1278 1014 1325 Η
1047 1291 1127 1322 nes,
1148 1290 1291 1322 quorum
1308 1290 1406 1312 nemo
1423 1281 1675 1313 matrimonium
1692 1290 1816 1322 cupere
1829 1289 1927 1321 posse
1945 1279 2061 1310 videa-

0 1325 144 1368 Quando
162 1330 291 1369 protasi
314 1329 531 1362 conditionali
558 1329 746 1362 includitur
771 1327 908 1374 ὅμως,
945 1329 1012 1361 etsi
1046 1334 1113 1362 tur.
1143 1328 1211 1361 Sed
1236 1337 1303 1360 non
1321 1328 1540 1360 referendum
1563 1327 1630 1360 huc
1646 1328 1701 1360 Ai.
1724 1324 1812 1359 1191
1831 1327 1884 1359 ch.
1899 1351 1907 1367 ,
1935 1327 1972 1358 in
1996 1335 2064 1367 quo

0 1374 123 1416 similis
148 1376 234 1408 ratio
257 1376 455 1418 explicandi
478 1380 551 1417 est,
581 1376 755 1409 abundare
780 1376 927 1409 videtur.
964 1375 1010 1413 ὡς
1046 1372 1176 1412 ὄνειδος
1198 1370 1379 1409 Ἑλλάνων
1410 1384 1477 1407 non
1496 1375 1631 1407 Troiam
1655 1378 1789 1417 spectat
1814 1374 1968 1415 quamvis
1986 1382 2063 1415 pro-

0 1463 56 1503 Ὰί.
85 1466 140 1502 15.
183 1470 274 1502 Ante
300 1471 419 1503 Elmsl.
462 1470 559 1512 (mus,
583 1481 628 1504 cr.
657 1471 756 1504 Cant.
785 1472 813 1504 1.
842 1481 874 1513 p.
908 1467 1011 1514 351.)

0 1417 151 1467 εὐμαθές
169 1432 229 1456 σου
241 1449 250 1464 ,
269 1420 334 1457 κᾶν
352 1421 508 1461 ἄποπτος
524 1421 567 1468 ῆς
585 1421 698 1468 ὅμως,
729 1418 870 1470 φώνημ’
891 1421 1010 1457 ἀκούω
1046 1423 1139 1454 xime
1157 1426 1237 1455 ante
1255 1427 1482 1454 memoratam.

1786 1419 1837 1465 (11
1853 1430 1887 1462 p.
1909 1417 1988 1462 320,
2010 1417 2064 1462 7.)

1111 1473 1310 1526 Ὄνειρον
1344 1482 1521 1513 somnium.
1562 1477 1691 1525 ὄνειρος
1715 1480 1807 1511 enim
1832 1490 1852 1511 a
1876 1479 1978 1521 Soph.
2009 1479 2062 1510 di-

0 1511 80 1569 Qte
107 1513 203 1571 59⁴⁹}
228 1517 524 1572 qistffnguebaturi
561 1519 689 1551 sectius
724 1519 868 1552 fortasse
901 1517 1010 1550 omnis
1046 1533 1139 1560 etum
1168 1538 1244 1560 esse
1276 1528 1498 1560 demonstrari
1536 1536 1603 1559 non
1627 1531 1759 1568 potest,
1792 1524 1920 1572 ὄνειρον
1950 1530 2065 1558 autem

0 1563 138 1598 ‘onam‘
156 1564 343 1598 ‘mmmmm
381 1563 456 1599 ἐπεὶ
484 1563 499 1599 ἐ
522 1576 545 1610 7]
577 1563 611 1598 ία
628 1576 689 1610 με,
708 1563 763 1598 Ἀεὶ
780 1563 871 1599 δίκαι
914 1563 1010 1610 ὅμως
1046 1577 1134 1608 clare
1151 1575 1278 1615 legitur
1296 1575 1350 1607 El.
1370 1571 1460 1607 1390
1477 1575 1529 1607 eh.
1559 1575 1704 1606 Pluralis
1717 1574 1943 1615 metaplastioi
1961 1583 2062 1615 prae-

0 1604 108 1656 M'W's
129 1609 273 1657 σμῑχρὸν
288 1610 476 1667 ΤίθησῑΟΟ
518 1611 539 1645 5
568 1637 576 1645 ·
598 1630 638 1636 “““
657 1614 849 1645 Αῧθθηῑΰω
867 1612 1009 1644 adnota·
1048 1627 1140 1655 terea
1173 1623 1331 1664 exempla
1365 1626 1447 1654 sunt
1481 1619 1637 1668 ὀνείρατα
1670 1622 1723 1653 ΕΙ.
1752 1618 1834 1654 460.
1880 1618 2062 1665 ὀνειράτων

0 1653 50 1705 §it
64 1658 142 1691 Arc.
163 1668 197 1700 p.
220 1656 306 1700 184,
326 1656 384 1692 26.

732 1658 781 1703 (ῙῙ
799 1669 832 1700 P·
854 1655 934 1700 319,
956 1656 1012 1702 3·)
1047 1667 1113 1702 481
1133 1670 1186 1702 ch.
1217 1668 1382 1714 ὀνείρασιν
1400 1669 1459 1702 OR
1474 1666 1540 1701 981
1558 1694 1566 1708 ,
1594 1672 1634 1700 ut
1657 1669 1694 1700 in
1713 1668 1877 1700 diverbiis
1902 1671 1939 1700 et
1953 1668 2063 1699 canti-

0 1710 8 1752 ?
61 1707 164 1750 ’0νᾶ
175 1727 192 1762 ρ
217 1719 396 1751 somnium.
423 1713 517 1764 ἡνίχ’
539 1715 628 1763 ἡλίῳ
646 1716 794 1751 δείκνυσι
808 1715 934 1763 τοῦναρ
952 1718 1007 1750 ΕΙ.
1047 1718 1096 1749 cis
1114 1718 1239 1749 formae
1256 1717 1333 1749 illae
1352 1717 1540 1758 promiscuo
1557 1716 1629 1747 sint
1646 1725 1724 1748 usu.
1747 1732 1787 1739 —
1809 1715 1970 1748 Ceterum
1983 1723 2063 1755 pro-

0 1754 79 1808 }25.
107 1765 286 1798 coniectori
309 1767 428 1806 aperit.
463 1782 504 1788 —
535 1765 792 1798 Adverbiasoit:
829 1763 873 1798 τὰ
897 1762 1012 1798 πολλὰ
1042 1766 1117 1805 prie
1133 1764 1280 1796 dieitur:
1302 1761 1435 1821 πέμψαι
1451 1758 1528 1796 τάδ’
1549 1760 1637 1810 αὐτῇ
1654 1757 1886 1808 δυσπρόσοπτ’
1909 1759 2064 1807 ὀνείρατα

0 1809 66 1858 βῶν
83 1808 202 1844 δεινῶν
213 1834 222 1850 ,
251 1808 312 1844 ὄνα
350 1809 541 1846 πνεύσαντα
556 1811 696 1853 νυκτὸς,
724 1810 858 1858 ἡμέρας
875 1810 1011 1858 μαλάσ-

1047 1811 1100 1844 El.
1122 1808 1203 1844 460.
1240 1809 1424 1845 άδυπνοων
1441 1808 1615 1844 κλύουσαν
1632 1807 1757 1855 ἀρτίως
1776 1807 1960 1855 ὀνειράτων
1979 1805 2060 1841 481.

0 1854 214 1901 ᾑεταιΑοι-ἱε.
243 1859 286 1891 fr.
330 1855 370 1899 3,
395 1856 432 1900 1,
468 1860 582 1900 ipsum
606 1869 741 1901 quoque
769 1859 810 1891 de
837 1860 910 1892 diro
935 1860 1011 1891 visu
1046 1855 1123 1902 ἤτοι
1154 1861 1309 1903 μαντεῖαι
1338 1855 1402 1891 οὐκ
1429 1855 1511 1891 εἰσὶν
1543 1855 1578 1890 ἐν
1608 1855 1732 1895 δεινοῖς
1761 1854 1904 1901 ὀνείροις
1922 1853 1991 1889 500
2008 1855 2059 1888 oh.

0 1893 127 1956 pictum
138 1930 146 1946 ,
167 1906 403 1947 superstitiose
422 1907 644 1939 formidoloso.

0 1955 18 2011 33
65 1957 306 2003 Ὀνειδίζω.
326 1964 341 2007 ΙΙ
358 1964 530 2005 exprobro.
559 1966 803 1998 Aceusativum
821 1965 890 2005 rei,
920 1964 1010 1997 dati·
1046 1953 1214 1984 biascenti
1239 1954 1369 1985 rati⁰¹¹0
1395 1953 1526 1984 dictum
1550 1949 1675 1985 πολλοὶ
1696 1948 1760 1998 'idi'

0 2009 81 2047 ivum
108 2020 272 2052 personae
301 2011 380 2043 addi
412 2013 563 2053 patitur3
603 2013 658 2044 hic
692 2017 727 2045 et
751 2013 941 2052 omittitur,
976 2016 1013 2044 et

1047 1903 1230 1951 προσεῖδον
1259 1903 1423 1950 φάσματα
1451 1903 1574 1938 δισσῶν
1604 1901 1744 1951 ὀνείρων
1770 1901 1850 1937 645.
1883 1908 1919 1936 et
1944 1904 2063 1936 adver-

1786 1948 1843 2031 ·ZBS
1881 1949 1946 1985 κάν
1973 1948 2062 1984 ὀνεί-

1048 2010 1141 2046 ρασιν
1159 1997 1290 2045 βροτῶν
1309 1997 1414 2045 μητρὶ
1430 1996 1704 2044 Ευνευνάσθησαν
1722 1998 1781 2031 OR
1910 2015 1951 2022 —
1977 1998 2062 2030 Tra-

0 2058 287 2103 paepositionem
305 2056 354 2096 εἰς
371 2060 546 2099 subrogari
563 2060 628 2092 sibi
647 2060 734 2092 vult.
770 2057 808 2092 σὺ
827 2054 858 2091 δ’
889 2056 1012 2096 ἄθλιός
1046 2048 1114 2079 late
1141 2047 1271 2079 dictum
1294 2056 1354 2088 P1'0
1385 2044 1568 2092 φαντασίαῑ
1600 2044 1638 2079 οὐ
1671 2044 1804 2091 μακρὰν
1834 2041 1882 2079 ἔτ’
1916 2042 2062 2090 amatve:

3 2106 38 2142 ’,ε
52 2099 150 2138 ταῦτ’
173 2103 342 2144 ὀνειδίζων
355 2132 363 2146 ,
391 2102 414 2139 ἅ
432 2116 483 2139 σοι
508 2104 620 2144 οὐδεὶς
645 2104 682 2144 ὃς
699 2103 779 2154 οὐγὶ
794 2101 899 2139 τῶνδ’
921 2104 1012 2139 ὀνει-
1046 2091 1173 2138 τούμὸν
1193 2098 1326 2140 φρενῶν
1344 2091 1474 2139 ὄνειρον
1491 2090 1726 2139 αἰωρούμενον
1745 2093 1799 2126 El·
1823 2089 1925 2126 139⁰·
1958 2092 2063 2123 mane

6 2152 68 2192 ([ιεῖ
89 2149 181 2198 τάχα
197 2151 255 2184 OR
271 2149 351 2185 372.
375 2149 455 2186 373.
486 2171 527 2178 -
554 2149 684 2188 τοιαῦτ’
713 2145 847 2192 ὀνέίδιζ’
876 2150 927 2191 οἷς
952 2148 1008 2197 ἔμ’

0 2193 38 2242 §b
68 2195 75 2208 '
87 2209 154 2236 σεις
171 2197 216 2244 μέ
239 2210 278 2232 αν
291 2196 373 2232 441.
401 2199 448 2238 ὡς
467 2198 618 2234 ὀνειδιῶν
634 2211 667 2234 τι
683 2203 752 2234 τῶν
767 2198 876 2245 πάρος
893 2204 1012 2234 κακῶν

0 2240 46 2288 με
71 2247 104 2279 ’.
131 2242 153 2278 ἄ
182 2241 189 2254 ’
217 2243 338 2280 αθλιον
363 2243 536 2285 τοῦνειδος
554 2243 699 2281 ὢνείδισ’
727 2245 776 2285 εἰς
801 2246 840 2281 σέ
856 2246 910 2279 00
929 2245 1009 2279 753.

0 2294 75 2339 {rsus
92 2289 133 2325 ἂν
152 2256 292 2331 δικαίως
307 2289 402 2327 τοῦτ’
425 2292 600 2333 ὀνειδίζοις
622 2293 805 2337 [ὀνειδίζεις
823 2294 909 2336 LA.]
933 2291 1013 2338 ἐμοί

0 2347 66 2380 J...;
94 2336 175 2372 971.
201 2342 355 2378 τοιοῦτος
373 2339 420 2374 ὢν
437 2336 555 2375 τοιῶδ’
584 2339 756 2381 ὀνειδίζεις
774 2340 923 2387 σποράν;
954 2342 1009 2374 Ai.

0 2381 105 2471 giss.
140 2382 234 2420 τοῦτ’
263 2385 328 2421 οὐκ
353 2383 429 2422 ἔσθ’
459 2374 554 2426 ὕπ’ως
579 2383 658 2422 ποτ’
687 2386 735 2426 εἰς
764 2387 827 2433 ἐμὲ
841 2385 1014 2426 τοῦνειδος

14 2466 23 2473 V,
57 2443 86 2470 ις
103 2431 246 2472 ἐνδίκως
264 2432 423 2469 ὀνειδίσαι
440 2435 500 2467 Ph.
522 2432 603 2468 522.
639 2436 685 2467 Et
693 2437 830 2481 passive
842 2447 852 2466 .-
878 2430 1009 2469 τοιαῦτ’

0 2470 199 2523 ζνειδιεῖσθε
217 2482 275 2514 OB
289 2478 391 2514 1500.
415 2481 517 2523 [quod
534 2483 675 2514 unicum
693 2486 746 2514 est
759 2483 916 2515 futurum
933 2492 1011 2524 pas-

0 2524 75 2573 give
91 2528 240 2569 positum
265 2529 343 2561 talis
362 2530 456 2561 verbi
481 2530 516 2561 in
535 2527 615 2568 ίζειν
635 2530 812 2562 terminati
830 2540 884 2571 ap.
907 2530 1008 2570 Soph.

0 2567 45 2621 ff.
75 2573 117 2607 G.
145 2575 267 2607 Ianson
292 2576 327 2606 in
352 2577 479 2609 annall.
508 2577 624 2617 philol.
654 2578 766 2618 suppl.
790 2574 891 2609 1853.
913 2576 1008 2608 XIX.

0 2623 36 2665 Q.
55 2617 151 2664 522.]
174 2639 215 2645 —
233 2622 248 2664 ΙΙ
265 2622 319 2654 Ad
335 2624 477 2655 alteram
495 2623 778 2664 significationem
802 2622 1018 2657 conviciandi

6 2671 73 2706 ⁶ve
105 2668 279 2701 mazedicto
311 2669 534 2710 compellandi
562 2671 699 2702 transiri
723 2671 820 2702 docet
845 2670 934 2702 illud
957 2670 1012 2702 00

2 2722 9 2738 ’·
21 2709 114 2747 002:
134 2711 265 2770 τοιαῦτ’
287 2714 460 2755 ὀνειδίζεις
476 2727 520 2762 με
536 2712 637 2750 τῶνδ’
655 2715 819 2750 ἐναντίον.
847 2718 903 2751 Sic
920 2719 1014 2749 enim

11 2774 15 2782 .
35 2774 40 2786 .

65 2869 278 2917 Ὄνειδος.
306 2882 322 2918 ΙΙ
343 2880 613 2922 Antiquissimae
637 2881 912 2922 significationis,
941 2890 1012 2913 me-

4 2932 28 2951 ’·
38 2934 78 2957 ae
93 2926 187 2958 illius
199 2951 207 2967 ,
228 2930 268 2959 ut
283 2927 374 2959 idem
391 2928 480 2968 quod
495 2924 599 2965 κλέος
617 2931 652 2959 et
669 2925 772 2973 φήμη
784 2955 792 2969 ,
812 2938 866 2962 res
882 2937 1013 2960 rumore

50 2973 253 3005 eemwnibus
270 2973 439 3008 hominum
455 2974 651 3014 celebratas,
671 2984 734 3006 nee
750 2976 854 3007 malas
872 2975 1013 3017 potissi-

5 3028 96 3066 ¹„um
125 3023 159 3052 et
187 3020 382 3053 inhonestas
411 3021 470 3054 sed
493 3025 529 3053 et
555 3021 653 3053 laude
670 3022 787 3063 plenas
804 3025 839 3054 et
855 3023 1013 3055 honestas

5 3071 42 3114 ρ’
48 3069 135 3099 taret
148 3092 156 3108 ,
187 3068 330 3108 vestigia
357 3068 464 3100 adhuc
492 3078 545 3110 ap.
573 3068 673 3110 Soph.
703 3072 851 3101 exstant.
892 3067 946 3103 σοὶ
962 3064 1010 3111 δ’,

12 3439 230 3505 1ιέξιφιιειοριι.
243 3462 286 3491 11.

1002 2759 1010 2772 ,
1048 2738 1129 2773 452.
1159 2737 1274 2780 ἐλπίς,
1306 2738 1452 2778 πολλοῖς
1471 2751 1533 2784 μεν
1550 2738 1663 2777 ὄνασις
1680 2737 1834 2784 ἀνδρῶν,
1862 2750 1907 2772 πο

1047 2142 1095 2172 ita
1113 2142 1210 2173 nobis
1231 2141 1354 2173 Troum
1372 2141 1484 2173 dicere
1502 2150 1572 2173 mos
1590 2143 1643 2172 est
1661 2150 1731 2172 rem
1749 2140 2011 2180 cogitationibus
2027 2141 2063 2170 et

1048 2189 1134 2220 votis
1152 2189 1350 2229 expetitam.
1394 2189 1486 2220 Bene
1503 2192 1620 2220 monet
1635 2187 1739 2220 schol.
1772 2196 1839 2220 non
1865 2187 1907 2219 de
1924 2185 2061 2227 Clytae-

1048 2239 1218 2267 mnestrae
1236 2236 1365 2267 somnio
1382 2235 1597 2275 cogitandum
1614 2244 1703 2268 esse.

1137 2289 1352 2339 Ὀνήσῖμο
1364 2304 1380 2331 ς
1405 2295 1507 2325 utilis.
1537 2291 1576 2327 οὐ
1595 2294 1662 2338 πῦρ
1674 2319 1682 2334 ,
1712 2290 1776 2326 οὐκ
1794 2290 1896 2339 ἔγχος
1911 2302 1961 2330 τις
1980 2289 2062 2337 ὀνή-

1049 2351 1144 2386 σιμον
1164 2338 1228 2374 οὐκ
1245 2338 1448 2387 ἀποτρέψεις
1479 2340 1535 2373 Τι’.
1560 2337 1650 2373 1014
1674 2350 1719 2372 m.
1749 2342 1772 2373 i.
1801 2349 1831 2372 e.
1864 2337 1942 2385 ἐμοὶ
1957 2350 2061 2386 γενη-

1048 2387 1194 2433 σόμενον
1225 2386 1403 2434 ὀνήσιμον.
1446 2389 1529 2420 mori
1564 2388 1656 2420 enim
1688 2387 1855 2419 Hercules
1888 2387 2059 2428 cupiebat.

1048 2433 1184 2483 ἐχθρῶν
1202 2432 1321 2480 ἄδωρα
1339 2433 1450 2481 δῶρα,
1480 2432 1568 2468 κούκ
1586 2432 1683 2480 ὀνήσι
1713 2446 1735 2468 α
1751 2435 1807 2466 Ai.
1829 2430 1909 2467 665.
1937 2434 1979 2465 de
1997 2443 2063 2474 qua

1048 2483 1219 2515 sententia
1236 2483 1278 2514 cf.
1301 2483 1381 2514 Lob.
1414 2499 1454 2505 --
1480 2479 1553 2528 ἔχω
1570 2446 1754 2519 neumaga<
1772 2482 1957 2527 μαρτυρεῖν
1976 2478 2062 2525 ὀνή-

1049 2540 1131 2574 σιμα
1148 2531 1231 2561 Ant.
1253 2526 1333 2562 995.
1356 2539 1388 2562 v.
1410 2529 1528 2562 Herm.
1559 2545 1599 2551 —
1626 2529 1798 2561 Accentus
1823 2530 1897 2561 eius
1916 2528 2061 2560 vocabu-

1047 2578 1155 2609 lorum
1174 2577 1307 2616 generis
1325 2578 1366 2608 ab
1383 2577 1460 2609 Are.
1481 2579 1619 2609 notatur
1642 2585 1677 2618 p.
1698 2572 1755 2616 61,
1777 2572 1810 2608 9.

1113 2639 1214 2692 Ὂνη
1226 2656 1289 2684 σις
1333 2647 1603 2679 emolumentum.
1647 2643 1761 2692 φέρων
1795 2642 1911 2690 ὄνησιν
1944 2642 2062 2682 ἀστοῖς

1047 2691 1162 2727 τοῖσδε
1179 2693 1234 2726 00
1248 2690 1328 2726 288.
1357 2691 1439 2727 οὐδὲ
1456 2703 1532 2749 σφιν
1546 2691 1658 2739 ἀρχῆς
1674 2690 1778 2739 τῆσδε
1854 2689 2061 2772 ὄνηρὶίςηῆξδει

1954 2749 2007 2775 Οἱς

1049 2785 1163 2830 ἀπάτα
1179 2786 1382 2833 κουφονόων
1400 2785 1538 2832 ἐρώτων
1555 2788 1639 2819 Ant.
1660 2783 1729 2820 616
1746 2787 1799 2819 ch.
1831 2795 1886 2826 spe
1904 2785 2062 2819 delectari
2094 2801 2101 2807 ·

1049 2835 1133 2866 alios
1150 2834 1312 2874 homines,
1334 2835 1417 2866 alios
1435 2834 1640 2866 desideratis
1666 2843 1726 2875 spe
1745 2833 1889 2875 decepta
1910 2832 2063 2864 fraudari

1050 2882 1145 2914 dicit.
1175 2878 1287 2919 ὄνασις
1306 2882 1454 2913 Brunck.
1476 2881 1591 2921 dedit,
1612 2883 1651 2913 ut
1668 2881 1722 2912 ΕΙ.
1742 2876 1829 2912 1061
1849 2880 1902 2912 ch.
1918 2880 1975 2912 Ai.
1992 2875 2062 2911 400

1049 2929 1123 2960 oh.:
1153 2932 1243 2961 certe
1260 2929 1338 2960 libri
1355 2937 1470 2960 omnes
1487 2929 1694 2973 ffretinent.
1731 2921 1794 2973 ἀφ’
1816 2926 1862 2960 ὧν
1886 2921 1920 2959 τ’
1947 2923 2061 2959 ὄνασιν

1048 2972 1173 3020 εὕρωσι
1190 2976 1243 3008 ΕΙ.
1264 2972 1350 3008 1061
1367 2976 1418 3008 ch.
1448 2974 1544 3007 Suid.
1566 2985 1596 3007 v,
1618 2969 1750 3008 ἄνωθεν
1769 2982 1980 3006 communem
1994 2973 2062 3004 for-

1048 3032 1136 3055 mam
1155 3026 1284 3055 tuetur.
1308 3039 1349 3045 —
1375 3022 1645 3061 Adsignifloatur
1658 3020 1886 3062 praesidium,
1914 3020 2061 3061 opitula-

1049 3071 1115 3111 ti03
1142 3066 1220 3103 οὔτε
1237 3066 1328 3103 θεῶν
1345 3066 1444 3115 γένος
1461 3063 1539 3102 οὔθ’
1567 3066 1635 3113 ἀμε
1660 3065 1719 3101 ίων
1738 3061 1787 3101 ἔτ’
1813 3064 1906 3107 ἄξιος
1924 3065 2061 3112 βλέπειν

69 3111 179 3147 ιπόντι
195 3109 296 3155 τοῦτ’,
323 3112 452 3153 ὄνειδος
470 3113 509 3149 οὐ
527 3112 634 3148 καλόν
651 3115 712 3148 Ph.
732 3112 801 3148 477
814 3142 821 3156 ,
842 3116 930 3158 quod
947 3125 1013 3148 non
1046 3113 1111 3150 τιν’
1133 3115 1182 3154 εἰς
1199 3113 1313 3149 ὄνασιν
1330 3113 1524 3160 ἀνθρώπων
1538 3116 1593 3148 Ai.
1610 3112 1632 3147 4
1658 3111 1679 3147 O
1697 3115 1749 3147 ch.
1778 3111 1893 3160 ὄνησιν
1911 3123 1988 3146 cum
2001 3113 2062 3145 LA

8 3161 261 3206 sxaparandum
277 3171 352 3194 esse
369 3172 446 3195 oum
463 3159 591 3199 ὄνειδος
609 3159 772 3210 αἰσχρόν,
797 3159 937 3204 ἄθλιον,
966 3163 1014 3195 si·
1049 3165 1203 3205 plerique
1229 3166 1288 3194 aut
1312 3171 1448 3199 omnes.
1477 3162 1571 3195 Suid.
1600 3172 1632 3194 V.
1663 3159 1703 3195 ἰὼ
1722 3159 1855 3198 σκότος.
1895 3161 1940 3193 Et
1956 3160 2062 3193 huius

12 3210 43 3235 Ἅι
52 3207 160 3248 libus,
192 3209 276 3241 ratio
293 3209 398 3242 docet.
419 3227 463 3234 —-
492 3209 507 3251 ΙΙ
532 3209 692 3249 probrum
713 3219 790 3241 eum
812 3211 924 3242 verbis
941 3213 1015 3242 tum
1049 3211 1189 3252 quidem
1207 3211 1388 3242 auctoritas
1407 3210 1520 3249 nulla,
1541 3210 1667 3250 quippe
1686 3209 1879 3240 Dorismum
1895 3210 2062 3249 perpetuo

16 3266 39 3279 .»
54 3254 102 3286 tis
118 3255 260 3287 illatum.
287 3252 460 3294 τοῦνειδος
548 3253 705 3289 ὀνειδίσαι
728 3255 790 3288 Ph.
811 3253 891 3289 523.
926 3267 1017 3301 κομ-
1051 3258 1284 3297 obliterantis;
1313 3257 1373 3288 sed
1390 3265 1434 3287 ne
1451 3256 1547 3287 libris
1564 3256 1704 3297 quidem
1729 3256 1765 3286 in
1784 3255 1944 3287 vocabulo
1961 3254 2063 3296 paulo

24 3301 83 3336 ὶῖν
100 3295 132 3334 δ’
154 3296 225 3334 ἐστ’
256 3299 359 3335 ἀτελ”
389 3300 448 3336 σὺν
466 3298 621 3349 ψεύδεσιν
640 3300 782 3349 αἰσχρὸν
800 3300 929 3341 ὄνειδος
947 3300 1016 3336 842
1052 3305 1175 3335 rariore
1208 3304 1242 3335 id
1278 3303 1518 3343 tribuendum,
1556 3306 1594 3334 ut
1622 3311 1833 3335 communem
1866 3302 2063 3333 melicarum

27 3366 43 3384 ·‚›
77 3344 166 3392 ἦλθε
181 3349 283 3381 τοῦτο
299 3348 472 3387 τουνειδος
495 3347 538 3383 τά
554 3343 580 3395 J
603 3346 644 3382 ἂν
663 3347 748 3395 ὀργῇ
766 3347 905 3395 βιασθὲν
924 3348 1016 3394 μᾶλ-
1052 3351 1217 3392 partium,
1250 3351 1407 3391 inprimis
1437 3351 1496 3382 ubi
1525 3350 1655 3389 gravior
1680 3350 1832 3383 cernitur
1848 3348 1953 3380 animi
1978 3348 2062 3379 affe-

11 3395 37 3447 »ᾗ
82 3394 141 3427 OR
162 3392 242 3428 523.
283 3394 463 3443 δυσφόρως
491 3395 662 3434 τουνειδος
689 3394 774 3442 ἦγον
799 3396 850 3443 τῷ
880 3395 1018 3442 μεθέντι
1051 3401 1147 3438 ctus,
1168 3406 1294 3430 morem
1310 3406 1461 3439 spernas.

1788 3394 1838 3440 (11
1854 3405 1888 3437 p.
1910 3391 1990 3436 321,
2009 3390 2066 3437 2.)

1743 3450 1788 3488 34

1715 664 1861 712 Τροίαν,
1897 665 2060 700 δύστανον
2125 668 2129 674 “
