2288 3600
61 271 64 299 J
81 270 181 302 κῶν
199 264 367 314 λογίζεται
383 266 506 306 Phryg.
526 262 613 307 649,
641 262 698 307 4.;
735 274 802 297 non
827 266 987 307 apposui-

101 318 184 347 tem
201 315 242 346 de
259 323 299 346 ea
322 322 370 354 re,
386 313 474 354 quod
490 309 689 358 λογίζεσθαι
713 312 783 344 illic
799 313 987 353 genitivum

42 370 43 373 ’
62 369 144 394 have
161 361 288 394 dictum
314 360 512 401 adsumpsit.
554 357 624 404 [De
642 359 803 391 mutanda
824 360 989 400 scriptura

26 400 294 452 ”·“λωτίζομαι.]
335 409 421 439 Item
444 407 555 438 afferri
582 410 694 448 potest
717 403 883 452 ’φείδοντο
907 404 988 439 κέν-

38 452 179 489 Ὓούδέν
197 455 249 487 ΕΙ.
267 451 347 486 716.
361 479 369 495 ,
397 457 431 485 et
453 454 552 495 paulo
578 454 695 485 durius
711 453 838 485 dictum
856 450 986 486 τούτων

26 493 78 545 Ϊ
99 499 156 535 δέν
174 495 209 545 μ’
226 499 384 547 ἀλγυνεῖς
401 500 465 532 Ph.
494 497 551 532 66.
588 517 628 524 -
673 500 780 531 Verbis
806 500 908 539 igitur
931 501 985 532 in-

81 550 156 581 tivis
172 552 230 580 aut
241 549 384 589 passivis
407 547 542 580 additur
567 545 691 580 οὐδέν
716 547 983 578 adverbiaacens:

36 586 75 637 ⁸21
87 606 98 628 ι
113 593 150 628 δὲ
168 593 236 628 δεῖν
254 591 352 628 οὐδέν
370 593 426 626 ΟΟ
443 591 500 626 29.
522 603 566 625 sc.
597 590 734 638 μαθεῖν.
786 587 858 626 ἀλλ’
886 590 984 626 οὐδὲν

11 683 13 685 .
34 638 47 643 ”
87 645 155 677 τῶν
181 639 276 686 ἐμῶν
301 636 336 686 μ’
359 639 481 686 εἴργειν
509 638 594 685 μέτα
625 642 707 674 Ant.
734 637 791 673 48.
842 637 866 685 ἡ
891 637 984 687 χαρὰ

93 685 197 745 ἄλλη
210 691 322 734 μῆκος
339 686 437 721 οὐδὲν
459 685 570 732 ἡδονῇ
587 684 666 719 393.
711 685 750 720 οὐ
775 684 862 733 τᾶρα
885 686 934 732 τῷ
945 697 984 766 {e

72 736 76 766 3
103 747 121 768 ν
139 733 238 769 οὐοὲν
257 733 292 774 ἐξ
309 732 386 768 ἴσου
403 732 517 781 χρόνῳ
536 732 652 767 διοίσει
662 731 818 779 γλῶσσαν
830 735 883 765 Tr.
899 730 945 767 32
972 759 979 766 .

37 777 45 801 ·²
98 780 215 816 διοίσει
238 779 394 828 γλῶσσαν
417 781 587 821 iungenda
611 781 724 813 docuit
748 781 887 821 Herm.;
916 790 984 813 non

19 826 46 854 7
87 832 99 861 t
122 839 144 861 a
166 839 199 861 se
224 828 384 869 loquendo
409 830 432 860 i.
453 838 483 860 e.
506 829 646 868 tacebit,
678 831 718 859 ut
750 831 830 859 ante
862 829 979 860 tacuit.

62 900 72 908 .
91 873 233 922 διίημι.]
258 873 311 908 σοὶ
325 873 443 908 ταῖσδέ
458 869 488 907 τ’
505 872 603 908 οὐδὲν
621 872 768 920 εἴργεται
778 871 858 906 344.
885 871 982 912 θεοῖς

73 920 150 956 ύδὲν
175 921 292 969 ἀρκεῖν
316 919 385 966 εἴμ’
404 919 520 968 ὀφειλέ
568 933 584 958 ς
611 919 658 954 ἔτι
687 923 743 953 Ai.
769 917 848 953 590.
899 922 982 953 Iun-

62 979 81 1002 ι
105 967 203 1004 οὐδέν
221 967 286 1013 εἰμ’
313 967 431 1014 ὀφειλέ
478 980 506 1006 ς.
521 932 795 1014 τ’ἐστρατεύσατο
815 993 822 999 .
847 993 854 999 .
877 994 884 1000 .
922 969 983 1002 σοῦ

17 1049 33 1061 .-
66 1013 122 1050 δέν
145 1014 207 1060 (sc.
238 1013 356 1056 ἕνεκα)
393 980 493 1048 “117AE-
522 1016 610 1056 quod
633 1017 768 1047 minime
801 1016 978 1055 signifieat.

90 1060 242 1109 ἐντρέπει
259 1061 346 1108 ἐμοῦ
363 1074 400 1107 γε
428 1064 480 1094 ΕΙ.
508 1059 588 1094 519.
648 1059 746 1095 οὐδὲν
772 1060 983 1108 ἐκπλαγεῖσά

57 1107 137 1143 045.
198 1108 302 1155 μητρὶ
327 1104 356 1141 δ’
380 1108 479 1143 οὐδὲν
505 1106 611 1148 ἐξισοῖ
638 1106 738 1140 1194.
792 1109 982 1150 Aliquando

12 1166 66 1185 x..
92 1158 196 1189 active
220 1157 316 1188 dictis
338 1157 443 1188 verbis
468 1157 640 1196 iungitur,
668 1157 715 1187 ita
738 1160 850 1191 tamen
876 1160 914 1187 ut
939 1157 981 1188 de

80 1214 99 1236 a
116 1205 250 1236 notione
269 1204 405 1243 cogitari
422 1213 486 1235 non
504 1204 623 1244 possit.
675 1200 714 1235 οὐ
733 1200 864 1247 μᾶλλον
882 1201 980 1236 οὐδὲν

46 1247 140 1294 ὐσε)
163 1249 264 1284 τοῦδε
290 1247 450 1297 τάνδρός,
487 1247 563 1283 ἀλλ’
595 1247 669 1283 ἴσον
694 1249 751 1281 OR
779 1246 880 1281 1018.
932 1246 977 1283 ὅτ’

8 1298 43 1345 [J
87 1295 111 1343 ἡ
153 1296 227 1343 άρις
244 1296 345 1344 χάριν
365 1296 462 1343 φέροι
474 1296 530 1329 OC
547 1293 627 1328 779.
688 1294 786 1329 οὐδὲν
802 1295 841 1329 τὸ
857 1294 979 1330 τούτου

23 1334 51 1373 ³⁸¹
68 1355 104 1378 ον
120 1308 152 1424 ἢ
162 1342 289 1389 τούμὸν
307 1347 447 1378 σκοπῶν
473 1345 527 1376 Αἰ.
552 1340 629 1375 124.
674 1341 772 1376 οὐδέν
796 1338 825 1375 o'
847 1342 979 1377 ἀπιστῶ

9 1389 18 1417 ““-
28 1386 59 1425 ''z-'1
79 1403 96 1429 ς
113 1400 130 1423 ο
148 1389 257 1436 μῶξαι
274 1388 353 1423 940.
398 1392 487 1424 Dein
504 1391 608 1430 magis
626 1390 733 1422 adhuc
745 1390 975 1431 adverbiascit,

8 1436 13 1479 'j
35 1435 223 1471 ''adiectiva
235 1439 424 1470 comitatur.
446 1435 482 1475 ὃς
500 1435 597 1482 οἶμαι
611 1438 671 1470 σοῦ
687 1435 809 1470 κάκιον
825 1435 923 1470 οὐδὲν
937 1435 977 1470 ἂν

8 1501 20 1528 „²
52 1491 54 1493 ’
76 1496 94 1518 ν
111 1483 286 1532 κρατύνειν
305 1485 365 1517 Ph.
383 1482 483 1517 1058.
519 1484 590 1531 3512
606 1486 669 1530 τῆς
688 1481 723 1521 ἐς
742 1481 857 1529 αὔριον
877 1482 976 1517 οὐδέν

91 1543 150 1577 μοι
176 1534 236 1565 σοῦ
267 1531 419 1576 μέτεστιν
445 1530 498 1576 ἡμ
521 1542 580 1575 ρας
613 1531 667 1563 OC
686 1527 764 1563 568.
815 1529 920 1576 ἡμεῖς
949 1525 977 1564 δ’

12 1577 31 1619 ’,ζ’
59 1590 99 1616 υς
117 1577 215 1612 οὐδὲν
232 1577 340 1624 ἧσσον
357 1576 380 1623 ἢ
399 1578 506 1625 πάρος
521 1579 576 1610 Ai.
597 1575 678 1610 276.
707 1588 752 1610 sc.
774 1575 977 1623 ἐληλάμεθα

15 1643 72 1668 '‘.¹·
122 1623 250 1673 Λίχαν,
279 1625 336 1659 τὸν
363 1624 460 1659 οὐδὲν
487 1623 595 1658 αἴτιον
618 1627 678 1657 τοῦ
703 1627 762 1658 σοῦ
787 1627 899 1658 κακοῦ
917 1626 972 1658 Tr.

87 1670 185 1706 οὐδὲν
201 1670 331 1706 κακίων
349 1670 500 1718 πτωχός,
530 1669 560 1704 εἰ
575 1669 690 1708 καλῶς
709 1674 832 1718 φρονοῖ
848 1673 889 1704 fr.
905 1673 972 1705 inc.

71 1715 104 1751 2.
127 1737 168 1750 -ο-
187 1720 377 1760 Aliquando
394 1729 459 1751 non
479 1723 555 1760 apte
579 1720 749 1758 subrogari
774 1717 820 1752 οὐ
849 1723 972 1760 potest.

146 1765 164 1800 ὁ
190 1769 271 1804 παῖς
297 1765 462 1812 δύστηνος
486 1759 563 1799 οὔτ’
588 1764 791 1810 ὀδυρμάτων
825 1763 976 1799 ἐλείπετ’

11 1847 23 1858 ,ἐ
85 1837 139 1853 ...,
161 1811 230 1847 οὔτ’
247 1811 470 1859 ἀμφιπίπτων
490 1810 647 1857 στόμασιν
667 1813 723 1844 Tr.
744 1810 824 1845 937.
876 1810 974 1846 οὐδέν

10 1854 49 1902 [33'
81 1864 133 1892 est
150 1858 310 1905 οὐδαμῶς
328 1871 355 1892 s.
377 1858 525 1914 οὐδαμῇ,
546 1859 802 1900 haudquaquam
825 1870 852 1892 s.
878 1861 975 1892 nulla

10 1902 63 1935 7⁸..
79 1910 119 1939 te.
172 1907 236 1939 Est
249 1909 351 1939 etiam
372 1908 430 1938 ubi
456 1904 564 1943 οὐοείς
587 1907 798 1938 substantivo
822 1907 974 1938 additum

11 1946 34 1998 ᾗ·
44 1953 226 1987 desideres.
261 1956 322 1987 τοῦ
342 1951 415 1998 βίου
435 1947 462 1986 δ’
480 1951 591 1990 οὐδεὶς
605 1950 713 1991 πόθος
730 1954 782 1985 ΕΙ.
799 1950 879 1986 822.
900 1955 923 1985 i.
937 1963 969 1995 q.

15 1997 135 2036 iton.
157 2019 198 2024 —
226 1998 285 2034 δι’
303 1999 488 2037 οὐδενός
506 1998 722 2034 ποεῖσθαι
743 2002 874 2032 minimi
887 2010 972 2041 pen-

13 2050 36 2073 ·,
100 2046 144 2081 τὰ
169 2042 193 2080 δ’
213 2046 248 2081 ἐν
276 2046 370 2092 μέσῳ
386 2044 409 2091 ἢ
428 2045 547 2092 λῆστιν
563 2045 691 2092 ἴσχεις,
717 2044 741 2091 ἢ
769 2041 811 2080 δι’
837 2045 973 2085 οὐδενὸς

56 2093 126 2127 Ἰ00
143 2092 222 2126 584.
253 2112 294 2119 -
313 2105 371 2128 πα
384 2092 418 2139 ρ’
447 2091 576 2127 οὐδέν
600 2095 702 2125 simili
728 2095 972 2134 significatione

19 2148 55 2167 τι
79 2144 164 2173 tum.
215 2135 310 2175 ταῦθ’
331 2138 398 2185 ὅτῳ
418 2134 496 2186 παρ’
514 2139 611 2173 οὐδέν
631 2138 700 2173 ἐστι
717 2141 774 2172 OR
792 2137 872 2173 983.
914 2139 974 2174 καὶ

12 2182 154 2234 ᾶγμ’
178 2186 270 2234 ἄγειν
289 2186 355 2234 οὐχ
371 2187 418 2224 ὡς
435 2185 513 2244 παρ’
530 2184 628 2220 οὐδέν
646 2188 726 2219 Ant.
748 2185 804 2219 35.
857 2186 973 2243 ἔμοιγε

12 2235 67 2273 ᾖε
82 2237 143 2268 τοῦ
162 2234 268 2281 μόρου
286 2236 403 2281 τυχεῖν
421 2245 489 2280 παρ
519 2232 617 2267 οὐδὲν
640 2232 743 2280 ἄλγος
771 2231 851 2266 466.
907 2245 972 2268 πο-

12 2279 148 2326 ’ῙῙ“Ῑ’παρ’
178 2280 276 2316 οὐδὲν
298 2284 358 2315 τοῦ
386 2279 461 2326 βίου
484 2278 627 2326 κήδεσθ’
652 2279 700 2314 ἔτι
726 2282 778 2313 ΕΙ.
809 2279 908 2313 1327.
937 2293 969 2314 v.

12 2329 99 2363 ,aad
115 2329 195 2361 Ant.
219 2330 241 2361 1.
264 2339 291 2361 c.
336 2329 567 2360 Adverbiascit
584 2329 682 2360 etiam
702 2327 807 2376 πρὸς
841 2327 887 2362 οὐ
900 2327 917 2361 δ
929 2327 972 2362 ὲν

38 2385 102 2421 ριν
119 2371 339 2420 θυμούμενος
355 2376 411 2408 Ai.
434 2372 535 2407 1018.

19 2418 66 2473 ἑὲ.
99 2422 296 2454 Cumulatur
313 2420 385 2455 οὐδ
400 2420 463 2458 είς
480 2422 555 2453 aliis
573 2422 704 2453 illatum
732 2423 783 2454 vel
801 2424 971 2463 anteposi-

18 2467 199 2509 ‘negandi
226 2470 404 2501 vocabulis.
463 2468 684 2509 postpositam
711 2473 811 2509 negat
837 2470 968 2502 fortius,

13 2509 67 2549 ’Ἃ
104 2514 202 2548 οὐδὲν
219 2513 294 2549 θεοὶ
310 2514 470 2560 νέμουσιν
494 2513 560 2559 ἡδύ
581 2526 638 2560 μοι
664 2516 725 2548 Ph.
746 2513 845 2548 1020.
909 2514 972 2549 οὐκ

19 2593 23 2596 .
50 2525 140 2608 ἕως
220 2561 351 2607 μᾶλλον
369 2556 476 2595 οὐδέν’
493 2561 615 2607 εὐσεβῆ
637 2559 739 2594 1051.
790 2561 878 2596 κούκ
898 2560 971 2596 ἔστΊ

73 2620 110 2643 ον
128 2607 225 2643 οὐδέν
251 2611 308 2642 Ai.
328 2606 408 2641 648.
453 2607 492 2642 οὐ
521 2607 746 2654 μνημονεύεις
770 2607 893 2643 οὐκέτ’
911 2608 970 2643 οὐ·

15 2651 141 2699 235273.
185 2654 312 2702 οὐτᾶρα
331 2682 338 2688 .
362 2681 368 2687 .
389 2682 395 2688 .
418 2653 516 2689 οὐδὲν
531 2653 565 2694 ἐξ
583 2655 659 2689 ’ίσου
679 2654 798 2690 διοίσει
816 2657 873 2689 Tr.
887 2653 966 2688 322.

15 2717 44 2743 a·
61 2700 164 2736 ’λλον
191 2701 288 2736 οὐδὲν
314 2703 371 2734 OR
398 2699 498 2734 1018.
551 2701 614 2735 οὐκ
631 2701 721 2736 ἔστιν
738 2701 846 2740 οὐδείς
866 2701 966 2735 1501.

15 2739 88 2793 ²45³
104 2747 193 2795 πέρα
230 2750 237 2762 ’
257 2746 297 2782 ἂν
323 2747 419 2782 οὐδὲν
440 2774 447 2781 .
471 2775 478 2781 .
503 2774 509 2780 .
554 2749 669 2795 φέροις
694 2749 748 2782 OC
777 2747 856 2781 651.
908 2748 971 2783 οὐκ

16 2784 165 2841 ιἥιέμην
192 2795 290 2830 οὐδέν
316 2806 353 2829 σε
378 2793 480 2828 1146.
539 2794 614 2829 οὐδ’
637 2790 970 2854 ἀνταμείβει,μ’»ού-

61 2886 183 2923 οὐδένα
198 2891 281 2922 Ant.
301 2887 358 2922 68.
416 2886 456 2923 οὐ
482 2887 546 2936 γάρ
570 2890 648 2923 ποτ’
674 2888 786 2923 αὐτῶν
810 2888 909 2923 οὐδέν
931 2883 970 2923 ἐν

62 2933 79 2942 ”
103 2934 196 2981 μένει
226 2937 315 2968 Alet.
344 2938 384 2969 fr.
413 2933 470 2976 93,
502 2933 534 2968 3.
586 2938 672 2968 Item
707 2938 823 2969 fortius
856 2941 966 2977 negat,

67 2985 222 3023 partitive
247 2984 311 3015 diei
338 2984 472 3014 solitum
490 2981 592 3016 οὔτε
626 2985 697 3015 sive
722 2985 875 3025 sequitur
900 2985 970 3015 sive

71 3030 144 3062 ·dit.
198 3028 296 3063 οὐδέν
324 3028 411 3063 ἐστιν
437 3027 515 3063 οὔτε
543 3028 610 3075 πύρ
634 3042 671 3068 ος
697 3027 774 3064 οὔτε
799 3032 880 3068 ναῦς
913 3030 970 3062 OR

69 3073 166 3110 οὐδὲν
183 3074 247 3122 γὰρ
265 3073 332 3110 οὔτ’
349 3074 503 3122 ἀλγεινὸν
521 3074 596 3110 οὒτ’
614 3088 699 3122 ατης
716 3075 795 3123 ἄτερ
881 3075 969 3110 ἐστίν

21 3134 54 3175 ²³9*
66 3119 101 3155 4.
137 3120 213 3156 οὔτ’
231 3122 432 3168 ὀδυρμάτων
451 3120 596 3156 ἐλείπετ’
621 3122 738 3165 οὐδέν,
768 3121 844 3157 οὐτ’
861 3122 970 3181 dap-‹pt-

121 3168 281 3214 στόμασιν
306 3170 361 3201 Ἰἰ·.
386 3166 466 3201 937.
517 3167 557 3202 σὺ
590 3169 651 3215 μὲν
676 3168 871 3207 πέπλευκας
896 3171 970 3204 οὐτ’

19 3209 44 3224 ⁸
69 3225 106 3252 ος
130 3214 260 3257 οὐδενί,
291 3213 359 3249 οὔτ’
376 3214 412 3255 ἐξ
436 3214 588 3262 ἀνάγκης
612 3218 672 3248 Ph.
700 3214 757 3249 72.
810 3218 874 3250 Sed
907 3219 970 3250 alio

17 3267 66 3303 ζ]
90 3264 232 3302 negandi
252 3264 376 3294 voculis
399 3265 619 3304 praemissum
642 3265 797 3296 affirmat.
856 3262 971 3309 γλώσ-

16 3306 210 3355 ’“’.,ἰυφα”ον
227 3307 324 3342 οὐδὲν
343 3307 382 3342 οὐ
400 3307 570 3357 διέρχεται
586 3311 651 3341 inc.
674 3312 714 3342 fr.
735 3308 815 3351 673,
837 3308 869 3342 3.
922 3311 971 3342 Eo

42 3355 66 3384 ἰ.
99 3356 160 3387 dae
176 3357 277 3388 etiam
294 3357 478 3388 locutiones
503 3361 583 3388 sunt
608 3355 756 3394 οὐδεὶς
780 3356 826 3394 ὃς
860 3355 908 3390 οὐ
938 3362 972 3389 et

16 2839 160 2875 ·11273,
202 2841 290 2876 χούκ
306 2841 349 2887 ἦν
367 2841 418 2875 ἔτ’
435 2840 533 2875 οὐδὲν
558 2841 660 2889 ἅργον
681 2840 781 2875 1605.
818 2855 881 2877 ουκ
899 2854 971 2890 εχει
996 2885 999 2887 ¹

59 164 142 227 ,μὲ
193 159 296 207 431.]
809 146 970 205 Οὐδείς
996 178 1059 186 -
1087 147 1249 198 Οὐκέτι
1754 135 1757 137 ’
1929 152 2028 201 573

1023 263 1162 300 ὀνειδιεῖ
1182 263 1274 312 τάχα
1306 265 1364 298 OR
1396 262 1475 298 373.
1534 267 1688 299 Alterum
1721 277 1774 309 ap.
1804 267 1905 308 Soph.
1942 277 2033 299 nunc

1023 321 1089 344 non
1119 313 1261 353 legitur,
1294 322 1410 345 verum
1436 310 1555 347 *οὐδὲν
1581 311 1632 346 ὅτι
1658 311 1707 359 μή
1726 314 1781 346 Tr.
1806 311 1906 346 1278.
1949 315 2027 346 secl.

1024 357 1148 404 Dind.]
1810 359 1859 405 (ΙΙ
1876 371 1909 402 p.
1955 358 2033 406 30.)

1093 404 1126 438 5.
1155 407 1194 438 In
1211 416 1290 438 usu
1306 407 1699 447 vocabulipeeuliarae·
1723 417 1829 439 unum
1858 408 1941 440 illud
1968 418 2030 440 no-

1023 453 1161 485 tandum
1185 463 1261 486 cum
1279 450 1405 486 οὐδέν
1424 450 1518 498 εἰμι
1545 453 1688 494 dicitur;
1718 454 1759 486 de
1783 464 1848 496 quo
1868 465 1943 486 cum
1967 465 2031 487 au-

1022 503 1128 532 ctores
1146 509 1211 532 non
1229 501 1309 532 satis
1326 500 1485 532 distincte
1502 502 1734 542 praeceperint
1757 506 1793 533 et
1817 502 1898 533 falsa
1925 512 2029 543 quae-

1021 547 1095 578 dam
1130 548 1269 579 Dorvill.
1310 547 1351 578 ad
1384 547 1481 579 Char.
1525 558 1559 588 p.
1595 544 1675 580 218.
1720 549 1836 580 Valck.
1873 549 1913 580 ad
1945 550 2026 581 Eur.
2069 565 2074 570 ·

1021 593 1146 625 Phoen.
1168 590 1247 626 601.
1277 594 1401 626 Locell.
1422 595 1462 626 ad
1480 594 1569 626 Xen.
1590 594 1716 635 Ephes.
1738 605 1771 636 p.
1791 593 1869 627 143.
1902 597 2026 636 Reisig.

1019 650 1127 672 enarr.
1148 640 1203 673 OG
1221 650 1255 681 p.
1279 637 1356 672 125.
1386 641 1482 674 Wex.
1512 642 1585 680 syll.
1614 642 1654 673 ad
1679 643 1760 673 Ant.
1785 639 1890 681 1294,
1921 643 1961 674 ad
1991 653 2029 674 ea

1019 689 1223 719 remittimus
1254 688 1408 727 legentes
1441 698 1525 729 quae
1564 690 1600 719 in
1635 686 1756 733 μηδείς
1795 691 2027 730 exposuimus.

1019 734 1119 766 Plura
1135 738 1247 766 tamen
1267 738 1358 774 sunt,
1379 735 1501 775 quibus
1519 732 1629 772 οὐδείς
1653 740 1688 767 et
1712 733 1832 781 μηδείς
1857 737 2026 768 differant.

1020 781 1172 822 Namque
1190 791 1252 813 nec
1268 783 1465 822 praefigitur
1480 783 1653 822 articulus,
1681 792 1742 814 nec
1760 783 1906 815 flectitur
1919 781 2029 821 οὐδείς

1019 829 1205 860 secundum
1223 838 1339 869 casus,
1368 838 1429 860 nec
1447 830 1567 869 plurali
1591 829 1714 860 dicitur
1738 839 1895 871 numero,
1924 840 2030 871 quan-

1022 885 1121 916 quam
1142 873 1261 920 μηδείς
1279 879 1458 916 utrumque
1478 876 1529 907 vel
1547 886 1599 917 ap.
1621 876 1721 917 Soph.
1743 878 1888 918 patitur,
1917 882 1951 908 et
1968 875 2027 911 οὐ-

1022 919 1114 959 δένες
1140 926 1251 954 exstat
1267 922 1350 954 Eur.
1384 923 1489 954 Andr.
1518 919 1597 954 691.
1627 924 1674 954 lA
1703 920 1781 955 372.
1825 925 1929 956 Arist.
1961 924 2023 965 Eq.

1023 966 1099 1001 158.
1129 970 1191 1000 Via
1200 974 1235 1000 et
1252 970 1346 1010 ratio,
1365 979 1432 1010 qua
1448 970 1489 1001 ad
1507 970 1634 1001 varium
1653 971 1727 1002 eius
1746 971 1909 1002 formulae
1929 981 2026 1002 usum

1018 1020 1219 1056 perventum
1244 1020 1308 1055 est,
1336 1017 1463 1057 aliquot
1489 1017 1654 1057 exemplis
1679 1018 1879 1049 ostenditur.
1931 1020 1975 1064 γᾶ
1989 1029 2027 1051 τε

1018 1061 1077 1095 καὶ
1094 1060 1192 1096 οὐδὲν
1211 1062 1258 1096 ὤν
1286 1063 1339 1094 ΕΙ.
1358 1059 1428 1095 245
1446 1073 1490 1095 m.
1534 1061 1633 1096 οὐδέν
1651 1062 1722 1108 εἰμι
1737 1065 1813 1096 Ter.
1836 1066 1876 1096 fr.
1899 1063 2023 1107 517,1.

1018 1107 1115 1143 οὐδέν
1143 1108 1245 1154 ἐσμεν
1270 1111 1314 1142 ib.
1344 1107 1377 1141 3.
1436 1109 1484 1147 ὡς
1509 1108 1607 1143 οὐδὲν
1633 1109 1752 1154 ἐσμεν,
1790 1109 1882 1156 πλὴν
1916 1114 2028 1149 σκιαῖς

1019 1154 1167 1194 ἐοικότες
1196 1158 1261 1188 inc.
1290 1154 1379 1196 682,
1410 1154 1444 1188 2.
1499 1157 1624 1188 Verum
1649 1167 1715 1189 non
1742 1168 1809 1190 uno
1833 1168 1871 1190 ea
1889 1160 2028 1191 formula

1017 1212 1119 1235 sensu
1144 1204 1294 1244 praedita
1313 1208 1376 1235 est.
1440 1205 1517 1235 Alia
1545 1205 1671 1246 quippe
1697 1205 1738 1236 de
1761 1207 1899 1238 mortuis
1923 1207 2023 1238 dicta.

1015 1252 1075 1283 νῦν
1093 1248 1190 1284 οὐδὲν
1209 1248 1290 1284 ὄντα
1308 1249 1464 1296 βαστάζω
1481 1253 1598 1298 χεροῖν
1624 1252 1676 1282 ΕΙ.
1708 1249 1808 1284 1129.
1868 1253 2028 1285 Gestabat

1016 1298 1106 1329 enim
1126 1307 1254 1338 urnam,
1278 1299 1311 1329 in
1339 1308 1405 1338 qua
1429 1299 1558 1330 cineres
1584 1297 1713 1330 Orestis
1739 1300 1851 1331 inesse
1875 1305 2022 1341 putaret.

1016 1345 1092 1376 Alia
1116 1348 1245 1377 mortuo
1263 1344 1551 1385 aequiparandum
1574 1346 1744 1386 quendam
1771 1347 1932 1379 indicant.
1986 1346 2024 1385 ὃς

1015 1388 1112 1424 οὐδέν
1130 1389 1199 1435 εἰμι
1224 1389 1281 1424 καὶ
1297 1385 1439 1437 τέθνηχ’
1462 1389 1543 1436 ὑμῖν
1570 1390 1677 1425 πάλαι
1701 1393 1763 1424 Ph.
1795 1391 1895 1426 1030.
1949 1395 2026 1426 Alia

1010 1440 1131 1478 perisse
1148 1440 1170 1470 i.
1192 1448 1222 1470 e.
1244 1440 1279 1470 in
1295 1442 1473 1470 extremam
1489 1438 1669 1471 adductum
1694 1449 1761 1471 esse
1786 1442 2020 1473 calamitatem.

1014 1483 1111 1518 οὐδέν
1123 1483 1195 1529 εἰμ’
1214 1483 1232 1519 ὁ
1247 1483 1415 1530 δύσμορος
1428 1486 1488 1517 Ph.
1502 1483 1582 1518 951.
1604 1484 1641 1519 ἔτ
1652 1480 1660 1493 '
1677 1484 1775 1520 οὐδέν
1793 1485 1863 1532 εἰμι
1879 1485 2020 1521 1217m.

1002 1529 1206 1580 ιοἰπωλόμην
1232 1530 1414 1577 δύστηνος,
1452 1530 1550 1565 οὐδέν
1576 1527 1644 1577 εἰμ’
1669 1531 1719 1566 ἔτι
1752 1534 1805 1565 El.
1833 1531 1913 1567 677.
1956 1536 2023 1567 Alii

1012 1579 1173 1610 hominem
1184 1579 1290 1611 nihili.
1312 1573 1359 1612 ὅτ’
1378 1577 1476 1612 οὐδὲν
1494 1578 1540 1612 ὢν
1553 1581 1614 1613 τοῦ
1631 1592 1656 1624 μ
1684 1579 1739 1613 δὲν
1759 1578 1922 1628 ἀντέστης
1941 1579 2025 1628 ὕπερ

1012 1627 1066 1657 Ai.
1090 1622 1190 1658 1231.
1223 1623 1317 1664 ξένον
1335 1624 1434 1659 οὐδὲν
1452 1623 1533 1659 ὄντα
1550 1627 1605 1659 OG
1618 1590 1697 1658 5675.
1720 1638 1819 1668 quam
1837 1630 2023 1669 plerorum-

1011 1683 1077 1714 que
1094 1674 1253 1704 librorum
1272 1674 1471 1714 scripturam
1488 1671 1608 1717 [Dind.
1625 1683 1668 1705 ex
1682 1674 1740 1706 PA
1757 1675 1846 1709 Ricc.
1864 1686 1893 1707 a.
1915 1671 2024 1710 οὐδέν’

1011 1720 1034 1751 i.
1056 1730 1085 1751 e.
1107 1722 1278 1751 neminem
1303 1720 1423 1760 hospes
1448 1722 1506 1762 qui
1521 1720 1576 1762 sit]
1597 1721 1768 1753 defensam
1790 1733 1821 1754 v.
1837 1723 2018 1763 ap.Herm.

1083 1763 1116 1798 6.
1145 1764 1300 1804 οὐθείς
1318 1765 1496 1800 ἀναττικόν
1522 1777 1587 1799 non
1612 1770 1753 1808 emergit
1778 1779 1830 1810 ap.
1859 1772 2019 1810 tragicos:

1012 1823 1044 1845 v.
1067 1814 1146 1845 Lob.
1162 1815 1202 1845 ad
1219 1814 1342 1853 Phryn.
1371 1825 1404 1856 p.
1428 1811 1505 1846 182.
1534 1832 1574 1838 —
1602 1813 1704 1848 οὐδὲ
1721 1813 1783 1853 εἷς
1811 1814 1959 1863 (θνητῶν
1984 1815 2022 1850 δὲ

1012 1858 1092 1893 οὐδὲ
1117 1858 1184 1904 εἷς)
1206 1862 1309 1892 semel
1333 1861 1460 1893 dictum
1493 1862 1728 1894 circumfertur
1749 1864 1790 1894 fr.
1827 1864 1894 1895 inc.
1930 1861 2018 1905 769,

1011 1908 1069 1939 sed
1088 1917 1164 1939 cum
1182 1909 1386 1940 sententiam
1412 1912 1529 1949 poetae
1555 1911 1625 1940 suis
1650 1910 1768 1941 usibus
1786 1910 1879 1942 Philo
1895 1921 2022 1943 accom-

1011 1955 1175 1986 modatam
1202 1955 1368 1995 retulerit,
1404 1960 1442 1986 ut
1471 1965 1514 1986 ne
1539 1965 1656 1987 versus
1681 1957 1818 1998 quidem
1842 1959 2022 1998 vestigium

1010 2007 1154 2042 maneat,
1176 2002 1231 2033 illo
1248 2002 1447 2034 documento
1463 2003 1703 2035 abstinendum
1719 2005 1795 2036 erit.
1830 2002 1949 2048 [Recte
1967 2015 2020 2038 re-

1010 2049 1123 2089 posuit
1139 2049 1260 2089 Bergk.
1289 2059 1333 2080 ex
1350 2050 1490 2081 Aristot.
1510 2049 1591 2082 Eth.
1612 2051 1699 2082 Eud.
1721 2048 1752 2092 7,
1777 2048 1831 2083 10.
1857 2062 1890 2093 p.
1915 2049 2016 2093 1242,

1009 2092 1053 2126 37
1070 2092 1123 2128 θν.
1146 2093 1288 2140 οὐδείς]

1080 2149 1108 2187 O
1119 2151 1165 2186 ὐδ
1179 2152 1308 2187 έποτε
1324 2164 1508 2195 nunquam.
1561 2155 1645 2186 Cum
1662 2155 1779 2195 futuro
1791 2167 1801 2186 .·
1827 2155 1890 2190 οὐκ
1916 2154 2020 2202 ἔμελ-

1009 2197 1069 2233 λον
1087 2198 1154 2247 ἄρα
1169 2198 1296 2247 λείψειν
1323 2199 1486 2235 οὐδέποτε
1503 2202 1563 2234 Ph.
1578 2199 1669 2234 1084
1686 2213 1730 2234 m.
1743 2204 1944 2236 subauditur
1959 2204 2019 2244 fu-

1008 2251 1120 2279 turum
1137 2251 1195 2279 aut
1212 2249 1446 2288 imperativus:
1476 2247 1641 2282 οὐδέποτε
1657 2261 1694 2294 γε
1719 2248 1782 2292 (sc.
1803 2249 1936 2296 αἱρήσω
1961 2250 2020 2284 καὶ

1008 2292 1238 2340 κατασκάψω)
1248 2291 1393 2327 ΡΙ).899.
1423 2290 1590 2337 οὐδέποτ’,
1605 2294 1769 2329 οὐδέποτε
1777 2295 1839 2340 (sc.
1851 2295 2021 2343 βήσομαι)

1011 2338 1099 2373 1197
1118 2351 1161 2372 m.
1199 2339 1282 2374 ἀλλ’
1299 2340 1502 2386 ἐκβαλόντες
1519 2341 1549 2375 εἰ
1566 2340 1668 2376 πάλιν
1687 2338 1842 2385 σώσουσ’,
1863 2342 1925 2389 ὅρα
1942 2355 2017 2376 cum

1009 2388 1128 2428 Neopt.
1149 2388 1302 2420 dixisset.
1331 2389 1419 2420 Phil.
1447 2390 1628 2431 respondet
1652 2388 1820 2425 οὐδέποθ’
1844 2389 1967 2425 ἑκόντα
1990 2389 2019 2437 γ’

1009 2433 1095 2467 ὥστε
1117 2433 1179 2480 τὴν
1205 2432 1331 2481 Τροίαν
1359 2434 1441 2469 ἰδεῖν
1467 2434 1568 2468 1392.
1630 2438 1720 2469 Haec
1751 2440 1904 2479 exempla
1941 2449 2018 2470 cum

1009 2491 1072 2512 neo
1089 2483 1343 2514 adverbiascens
1370 2481 1417 2516 οὐ
1429 2481 1473 2516 δέ
1490 2482 1546 2526 (πε
1564 2483 1731 2528 quidem),
1759 2494 1822 2517 nec
1848 2495 1923 2517 eum
1952 2487 2018 2517 alia

1008 2529 1229 2569 praecedente
1254 2531 1465 2561 coniunctam
1490 2533 1679 2562 monstrent
1701 2533 1925 2571 sententiam,
1961 2534 2016 2564 in-

1008 2579 1126 2616 eptum
1142 2577 1226 2608 soret
1242 2577 1377 2608 divisim
1395 2578 1538 2609 scribere
1557 2575 1635 2610 οὐδέ
1651 2588 1744 2611 ποτε.

1078 2629 1133 2668 Οὐ
1144 2631 1188 2666 δέ
1201 2644 1264 2667 πω
1280 2635 1440 2666 nondum.
1493 2634 1566 2668 ἐπεὶ
1584 2634 1720 2669 οὐδέπω
1737 2636 1844 2670 κακόν
1861 2632 1890 2683 γ’
1918 2635 2015 2671 ἀπώ-

1007 2678 1086 2714 λετο
1104 2681 1165 2712 ΡΙ).
1186 2678 1266 2712 446.
1289 2683 1336 2713 sic
1354 2692 1429 2713 cum
1440 2683 1498 2714 LA
1515 2692 1622 2723 paene
1639 2684 1752 2714 omnia
1767 2694 1876 2725 apogr.
1899 2685 2012 2718 Herm.

1007 2727 1136 2759 Buttm.
1157 2728 1260 2759 Dind.
1281 2738 1324 2760 ex
1341 2738 1409 2760 uno
1426 2739 1537 2770 apogr.
1566 2728 1663 2762 οὐδέν
1681 2741 1747 2762 πω.
1792 2729 1927 2764 οὐδέπω
1946 2744 2015 2775 μα-

1006 2771 1090 2820 κρὰν
1116 2771 1260 2808 πτέσθαι
1287 2773 1462 2812 σθένοντες
1491 2775 1548 2807 OR
1575 2773 1629 2808 16.
1684 2777 1876 2810 Oonsensus
1902 2784 1954 2810 est
1979 2780 2014 2810 in

1007 2822 1182 2862 scriptura.
1211 2822 1262 2853 De
1271 2822 1351 2854 locis
1361 2823 1494 2854 divisim
1508 2820 1586 2856 οὐδέ
1603 2834 1658 2856 πω
1667 2825 1803 2865 scriptis
1822 2836 1852 2856 v.
1875 2835 1985 2866 supra.

1078 2869 1132 2907 Οὐ
1144 2871 1218 2906 δεπ
1229 2873 1257 2906 ώ
1268 2884 1370 2907 ποτε
1387 2884 1558 2915 nunquam
1586 2874 1704 2908 adhue.
1755 2879 1830 2914 πῶς
1848 2875 1912 2923 γὰρ
1928 2876 2013 2910 κάτ-

1007 2914 1087 2960 οιδ’,
1125 2917 1162 2952 ὅν
1188 2917 1216 2965 γ’
1233 2917 1329 2957 ,εἶδον
1349 2919 1585 2962 οὐδεπώποτε,
1623 2922 1683 2953 ΡΙ).
1705 2919 1785 2954 250.
1837 2924 2014 2957 πώποτε

1007 2960 1063 3012 ὑφ’
1095 2963 1130 2999 ἕν
1161 2967 1391 3007 seribendun1;
1421 2965 1640 3001 οὐδεπώποτε
1668 2979 1734 3000 non
1760 2972 1865 3010 magis
1898 2972 2014 3003 divelli

1006 3015 1146 3054 poterit,
1174 3015 1443 3054 quandoquidem
1468 3025 1520 3055 ap.
1549 3016 1648 3056 Soph.
1683 3025 1750 3047 non
1782 3018 1949 3057 significat
1971 3028 2014 3050 ne

1004 3070 1150 3100 unquam
1168 3060 1309 3100 quidem.

1075 3114 1165 3153 Οὐκ
1190 3129 1222 3150 v.
1243 3116 1293 3152 οὐ.
1734 3119 1783 3164 (ΙΙ
1800 3131 1834 3162 p.
1854 3118 1935 3163 431,
1957 3120 2011 3166 3.)

1077 3168 1104 3206 Ο
1119 3169 1168 3204 ὐκ
1180 3169 1247 3203 έτι
1279 3181 1347 3203 non
1364 3173 1518 3211 amplius.
1547 3172 1612 3210 Qui
1628 3173 1761 3204 divisim
1779 3172 1843 3206 οὐκ
1861 3172 1909 3207 ἔτι
1927 3177 2010 3207 scri-

1006 3219 1103 3257 bunt,
1132 3215 1256 3263 μηκέτι
1282 3220 1430 3257 ignorare
1456 3219 1624 3250 videntur.
1678 3221 1768 3251 Libri
1804 3223 1891 3252 varie
1925 3223 2010 3253 scri-

1006 3268 1101 3305 ptum
1137 3266 1276 3303 habent3
1313 3269 1432 3305 regnat
1462 3268 1574 3296 tamen
1601 3267 1763 3306 scriptura
1787 3262 1847 3312 ὑφ’
1868 3265 1915 3300 ἕν.
1946 3267 2010 3313 -Η

1010 3310 1143 3351 Proprie
1160 3312 1299 3352 dictum,
1320 3313 1361 3343 de
1377 3321 1412 3342 re
1433 3314 1619 3351 praesenti:
1646 3311 1728 3359 ἔργα
1753 3309 1915 3360 δρώμεν’,
1951 3314 2011 3348 ού-

1006 3352 1071 3390 κέτ’
1091 3355 1322 3404 ἐξαργούμενα
1338 3359 1398 3389 ΡΙ).
1419 3356 1498 3390 556.
1541 3358 1580 3392 τὸ
1596 3357 1659 3405 γὰρ
1675 3359 1781 3393 κακὸν
1797 3355 1874 3394 τόδ’
1897 3359 2007 3395 οὐκέτ’

12 3423 15 3456 5
48 3398 115 3439 ὶς
143 3399 261 3440 ὅστις
295 3401 355 3436 οὐ.
406 3400 428 3435 ἃ
461 3405 513 3436 σοὶ
545 3401 654 3440 οὐδεὶς
688 3403 724 3440 ὃς
764 3403 842 3450 οὐχὶ
874 3399 972 3437 τῶνδ’
1009 3402 1196 3451 ὀρθοῦσθαι
1226 3399 1261 3449 μ’
1286 3403 1325 3449 ἐᾷ
1349 3402 1428 3436 820.
1480 3406 1531 3436 De
1557 3406 1616 3437 Ph.
1645 3403 1734 3438 1094
1751 3417 1795 3438 m.
1816 3419 1849 3439 v.
1871 3418 1897 3440 s.
1919 3406 2009 3455 ἴσχω
