2288 3600
243 111 340 159 104
988 101 1287 166 Αὐθόμαιμος
1311 130 1381 138 ——
1417 98 1543 168 Αὔρα
1990 107 2022 156 [Ι
2037 100 2284 153 p.259-261.

238 228 278 258 fr.
307 227 414 266 Tript.
443 222 511 257 537
536 225 606 256 cod.
634 224 735 255 schol.
766 223 821 255 OG
846 219 914 254 504
947 218 1066 262 αὐτις].
1104 220 1254 261 Reliquis
1289 217 1474 262 ἀπώσομαι
1497 215 1555 251 τὸν
1580 213 1684 251 αὐλόν
1703 217 1758 249 Tr.
1779 213 1860 248 217.
1889 213 2017 261 γλυκὺν
2041 211 2158 248 αὐλῶν
2183 210 2288 260 &rofio

237 275 319 306 locis
346 282 529 305 consensus
547 275 610 304 est.
655 272 728 303 Non
748 270 852 310 magis
878 279 969 301 nunc
984 268 1063 300 libri
1080 267 1255 308 Euripidis
1289 267 1344 298 Ai.
1369 262 1459 297 1202
1472 265 1524 297 ch.
1543 262 1624 302 τοὺς
1642 261 1794 308 ἐλύμους
1811 260 1949 304 αὐλούς,
1969 262 2017 297 ὧν
2036 259 2245 308 μνημονεύει
2262 257 2287 296 Σ

238 322 274 352 in
294 320 467 352 Matthiaei
485 329 584 351 usum
602 319 713 350 collati
730 318 940 358 discrepant,
974 317 1038 347 etsi
1062 315 1188 354 singuli
1207 315 1256 345 fa-

239 369 345 408 ciunt,
366 368 490 408 quibus
507 367 584 408 plus
602 367 690 397 iusto
708 365 872 397 concessit
890 364 1060 397 Seidlerus
1076 363 1100 394 l.
1122 371 1149 394 c.
1186 362 1255 393 Ae-

239 415 346 454 schyli
371 414 462 446 codd.
492 414 527 445 in
554 410 654 450 αὖθις
680 413 868 454 conspirare
891 411 1071 443 dicuntur:
1101 409 1161 441 sed
1178 418 1254 440 cum

239 463 336 504 pauci
363 463 432 494 sint
457 471 519 494 nec
543 462 568 492 ii
600 463 752 492 accurate
779 458 909 499 collati,
947 458 1090 489 nimium
1115 457 1158 488 iis
1189 465 1254 488 non

238 510 395 541 tribuam.

310 574 600 623 Αὐθόμαιμος
625 577 769 609 eiusdem
794 577 904 616 stirpis
921 583 1109 615 yermanus.
1144 572 1255 614 [Com-

238 627 406 668 positione
422 625 587 666 simplicis
600 626 690 657 vocis
705 622 853 669 ὅμαιμος
870 623 923 654 vel
940 618 1112 665 αὔθαιμος
1125 621 1176 651 vis
1194 630 1255 652 au-

239 672 364 715 getur.]
386 670 418 706 οἱ
436 666 463 705 δ’
481 669 694 716 αὐθόμαιμοι
711 673 772 705 ποῖ
788 668 916 704 νεανίαι
934 670 1069 709 πονεῖν,
1098 667 1153 700 OC
1172 664 1252 699 336.

239 723 290 754 De
308 720 363 753 OC
383 717 473 752 1078
490 731 521 752 V.
542 716 727 763 αὔθαιμος.

311 775 421 812 Αὔλε
433 789 468 811 ιο
479 784 495 810 ς
512 777 598 819 quod
611 777 708 809 aulae
724 780 781 808 est.
811 771 839 808 σ’
856 774 954 812 ἐκτὸς
972 771 1119 808 αὐλείων
1137 771 1256 806 πυλῶν

241 825 433 871 ἐξέπεμπον
459 826 540 857 Ant.
565 822 618 856 18.
641 824 739 855 Eust.
769 834 802 864 p.
827 821 930 863 1347,
952 819 1007 855 56.
1038 819 1174 854 αὔλειον
1192 818 1258 854 θύ-

242 885 301 919 ραν
320 885 338 905 a
356 873 589 906 Siciliensibus
616 871 750 903 Graecis
770 872 878 903 vocari
895 871 989 910 dicit,
1019 879 1118 910 quam
1135 865 1258 902 αἴθου-

241 931 301 954 σαν
320 921 497 953 Homerus,
532 920 703 952 Accentus
719 922 892 964 κτητικῶν
910 918 1057 949 usitatus
1074 919 1138 948 est.

312 987 446 1035 Αὐλή.
492 988 509 1024 ὁ
551 987 793 1034 διαπνεόμενος
831 985 935 1025 τόπος
977 984 1066 1031 αὐλὴ
1107 982 1254 1031 λέγεται.

243 1039 370 1071 Athen.
396 1047 429 1079 p.
454 1034 532 1078 189,
556 1038 589 1068 b.
610 1037 757 1077 reliquas
790 1047 808 1067 a
834 1035 1076 1067 recentioribus
1102 1035 1258 1065 inventas

241 1096 316 1118 esse
346 1085 609 1126 significationes
639 1084 822 1115 affirmans.
860 1083 1034 1114 Primitiva
1050 1081 1155 1120 igitur
1174 1081 1259 1111 loco-

240 1144 316 1165 rum
331 1133 512 1173 cymatium
527 1131 727 1172 significatio
746 1131 889 1170 videtur,
919 1133 1100 1168 antrorum,
1122 1127 1260 1158 conval-

242 1182 335 1220 lium,
357 1180 561 1211 stabulorum
583 1179 695 1210 etiam.
734 1174 841 1214 αὐλὰς
875 1174 974 1214 ποίας
1009 1173 1142 1221 ἔνεδρος
1174 1171 1260 1207 ναίει

242 1228 303 1260 Ph.
328 1223 393 1259 153
412 1227 462 1258 ch.
528 1224 623 1271 οιτᾷς
649 1219 676 1257 δ’
710 1222 932 1270 ὑπερπόντιος
949 1221 984 1257 ἕν
1009 1216 1038 1256 τ’
1056 1219 1260 1268 ἀγρονόμοις

242 1272 364 1311 αὐλαῖς
380 1275 462 1306 Ant.
484 1271 505 1304 7
532 1271 552 1305 5
570 1273 621 1305 ch.
643 1273 820 1305 maritimis
837 1273 885 1304 ibi
903 1276 936 1303 et
954 1271 1182 1309 terrestribus,
1203 1270 1258 1300 in-

242 1322 361 1364 primis
387 1330 540 1362 agrorum
566 1321 647 1352 locis
665 1320 827 1361 oppositis
850 1323 944 1360 patet
961 1318 1073 1350 Wexii
1090 1319 1258 1358 interpre-

242 1370 405 1402 tationem
431 1367 692 1400 lcmdbewohntes
715 1366 835 1407 Gelvo'ft
860 1367 976 1398 falsam
1002 1375 1087 1397 esse.
1133 1365 1198 1403 Qui
1216 1364 1257 1404 si,

244 1427 330 1458 quae
348 1417 388 1448 de
407 1411 560 1456 ἔναυλος,
590 1412 779 1460 πάραυλος,
806 1411 973 1451 σύναυλος
997 1416 1087 1445 recte
1105 1413 1259 1444 observa-

244 1466 313 1505 vit,
343 1473 409 1495 non
434 1463 501 1495 dici
517 1462 606 1504 apud
631 1462 826 1502 Sophoclem
850 1462 910 1493 illa
935 1461 975 1492 de
993 1460 1180 1502 pecudibus
1202 1459 1260 1490 sed

243 1512 419 1543 hominum
437 1510 527 1551 sede,
549 1510 630 1541 haec
647 1510 747 1542 etiam
766 1509 806 1540 de
832 1506 923 1553 αὐλή
942 1509 1014 1550 ipso
1033 1508 1260 1539 affirmaturus

241 1562 331 1599 erat,
360 1558 494 1590 erravit.
539 1557 680 1597 Legitur
707 1557 797 1588 enim
822 1557 859 1587 iu
893 1556 976 1588 Oen.
1011 1556 1051 1587 fr.
1073 1551 1143 1586 417
1177 1552 1261 1598 βου-

243 1604 365 1643 στάδος
383 1602 491 1641 αὐλᾶς
509 1601 566 1637 ἔπι
580 1601 746 1651 χερσεύει.
777 1604 831 1636 Sic
848 1605 941 1635 enim
953 1606 1088 1644 propter
1101 1601 1262 1640 Hesychii

243 1655 345 1686 verba
369 1663 401 1684 V.
421 1663 464 1699 γε
487 1650 578 1685 σεύει
597 1646 782 1691 legendum
807 1654 900 1691 puto.
938 1651 1046 1691 Toup.
1076 1659 1130 1690 ep.
1158 1659 1203 1680 cr.
1224 1658 1257 1689 p.

246 1698 314 1734 102
336 1662 526 1745 βουστάδας
550 1697 657 1736 αὐλάς
682 1698 884 1730 emendavit.
913 1715 953 1721 —
982 1698 1114 1729 Tralate
1139 1697 1263 1728 dicitur

245 1749 324 1781 aula
341 1747 458 1779 domus
485 1751 519 1779 et
543 1746 660 1779 domus
686 1748 767 1786 ipsa.
804 1741 840 1778 αἵ
864 1738 892 1778 τ’
917 1741 1000 1778 εἴσω
1018 1742 1160 1790 στέγης,
1183 1739 1219 1776 αἵ
1233 1738 1258 1775 τ’

245 1794 343 1832 ἐκτὸς
361 1792 471 1839 αὐλῆς
485 1794 551 1826 Tr.
567 1790 648 1826 203.
670 1786 763 1826 παῖδ’
781 1790 816 1826 ἐν
835 1790 957 1829 αὐλαῖς
983 1789 1051 1824 εἶδε
1074 1789 1179 1824 κοῖλα
1205 1787 1264 1822 δέ-

247 1854 328 1889 μνια
346 1852 404 1875 στο
427 1839 529 1874 νύντα
537 1838 617 1874 901.
639 1838 781 1887 πατρίαν
807 1837 880 1884 ἄγει
898 1837 983 1884 πρὸς
1001 1836 1108 1872 αὐλάν
1120 1838 1182 1870 Ph.
1196 1834 1264 1868 724

245 1892 296 1923 ch.
318 1851 462 1929 ἀλλάξαι
477 1886 588 1935 (φῶς)
606 1886 713 1932 δέμας
732 1885 766 1921 ἐν
784 1885 1012 1933 χαλκοδέτοις
1030 1883 1153 1923 αὐλαῖς
1178 1886 1259 1917 Ant.

247 1934 316 1971 945
334 1937 386 1969 ch.
409 1954 450 1961 —
469 1937 521 1969 De
538 1939 615 1968 tono
633 1936 729 1968 docet
751 1934 852 1967 schol.
882 1935 921 1967 ll.
942 1945 962 1967 τ
978 1931 1034 1966 23.

318 1991 566 2041 [*Αὐλήτης
593 2005 625 2026 V.
655 1991 823 2039 αὐλίτης.]
1060 1989 1091 2035 (Ι
1110 2001 1144 2032 p.
1165 1987 1266 2034 260.)

321 2051 488 2089 Αὐλίον
505 2056 651 2086 antrum.
682 2046 722 2085 δι’
740 2051 955 2099 ἀμφιτρῆτος
980 2048 1101 2085 αὐλίου
1122 2050 1184 2082 Ph.
1207 2046 1262 2081 19.

249 2105 325 2136 Huc
350 2103 430 2134 facit
454 2101 623 2133 Athenaei
646 2101 837 2141 explicatio,
867 2109 966 2141 quam
992 2110 1024 2131 v.
1045 2095 1135 2142 αὐλή
1162 2106 1265 2138 appo-

249 2151 391 2182 suimus.
419 2141 500 2194 τῷδ’
526 2147 561 2182 ἐν
588 2145 696 2193 αὐλίῳ
723 2143 804 2179 954.
835 2146 863 2180 ὦ
889 2144 935 2179 πλ
964 2143 1124 2192 ρέστατον
1148 2141 1267 2178 αὐλίον

249 2195 361 2234 λύπας
376 2197 438 2234 τᾶς
455 2189 546 2229 ἀπ’ἐ
576 2196 616 2229 οὔ
636 2192 724 2227 1087
742 2205 785 2226 m.
808 2193 900 2240 φυγᾷ
926 2205 951 2237 μ
985 2186 1097 2226 οὐκέτ’
1122 2185 1179 2225 ἀπ’
1204 2188 1268 2224 αὐ-

249 2242 334 2278 λίων
351 2241 477 2277 πελᾶτε
496 2239 535 2274 11
564 2239 586 2274 4
604 2252 647 2274 m.
678 2242 717 2274 ab
743 2244 838 2273 antro
862 2250 914 2272 me
939 2241 983 2272 ad
1006 2250 1063 2271 vos
1085 2239 1264 2279 adducetis,

248 2303 282 2324 v.
304 2292 420 2324 Herm.
444 2308 485 2314 —
503 2290 656 2322 Formam
673 2293 708 2321 et
730 2293 847 2320 tonum
869 2288 986 2330 [Dind.
1008 2288 1068 2319 Ph.
1092 2284 1181 2318 1087
1206 2282 1268 2319 αὔ-

251 2337 325 2372 λιον
340 2348 384 2370 ex
401 2335 532 2382 apogr]
561 2346 625 2369 vox
643 2337 931 2368 deminutivorum
949 2335 1067 2375 habet,
1097 2334 1268 2374 significa-

256 2387 347 2418 tione
369 2388 470 2417 caret.

325 2440 459 2480 Αὐλίς
485 2453 518 2474 n.
547 2453 598 2484 pr.
629 2441 664 2476 ἐν
691 2438 815 2476 Αὐλίδι
842 2442 894 2473 ΕΙ.
916 2437 997 2473 564.
1042 2440 1128 2472 Acui
1153 2439 1272 2471 dicunt

254 2492 356 2524 schol.
378 2491 418 2522 11.
441 2486 558 2535 β496.
596 2489 712 2530 Steph.
735 2490 814 2528 Byz.
844 2499 877 2530 p.
898 2484 979 2520 290.
1010 2487 1107 2519 Eust.
1122 2497 1164 2529 Ρ.
1186 2482 1267 2526 265,

255 2536 277 2572 5
295 2540 336 2571 cf.
352 2539 432 2570 Lob.
453 2537 507 2569 Αἰ.
530 2537 581 2568 ed.
606 2534 637 2568 1.
657 2547 691 2577 p.
712 2533 792 2568 244.
814 2536 898 2568 Nam
915 2535 1003 2577 quod
1019 2535 1144 2576 passim
1165 2529 1271 2567 Αὖλιν

254 2587 389 2627 legitur,
417 2585 452 2616 id
470 2594 513 2616 ex
530 2583 747 2625 Euphorione
771 2584 873 2615 etiam
890 2583 1056 2624 prolatum
1074 2581 1175 2613 schol.
1197 2581 1219 2611 l.
1240 2590 1269 2611 c.

257 2645 276 2666 a
300 2632 529 2674 metaplastica
562 2633 666 2663 forma
697 2626 804 2668 Αὖλις
837 2630 1059 2671 repetendum
1093 2628 1270 2667 significat,

257 2690 343 2722 quae
376 2679 582 2711 nominativo
615 2688 691 2710 casu
727 2687 794 2710 non
827 2681 958 2717 exstat,
1006 2679 1045 2707 ut
1077 2676 1169 2707 hunc
1199 2675 1274 2706 acui

257 2730 419 2769 oporteat.

329 2781 554 2822 Αὐλίσκος
580 2784 703 2816 tibiola.
733 2782 827 2830 φυσᾷ
844 2781 908 2828 γὰρ
934 2779 973 2815 οὐ
1000 2781 1192 2827 σμικροῖσιν
1211 2776 1274 2812 αὐ-

259 2831 392 2870 λίσκοις
417 2829 467 2865 ἔτι
492 2833 533 2863 fr.
559 2832 615 2862 inc
641 2828 722 2872 753,
746 2829 776 2863 1.
821 2830 1038 2862 Proverbium
1065 2828 1131 2860 fuit
1155 2827 1196 2858 de
1221 2826 1274 2858 his

259 2881 399 2919 dictum,
427 2879 485 2920 qui
511 2879 644 2910 intente
670 2882 704 2910 et
730 2887 806 2910 cum
831 2877 951 2918 spiritu
977 2875 1104 2916 aliquid
1130 2875 1271 2914 faciunt⁷

263 2937 329 2960 non
355 2927 430 2959 sine
454 2926 588 2958 ridiculi
614 2926 725 2966 specie
751 2937 781 2956 v.
803 2926 917 2965 Intpp.
938 2924 979 2955 ad
997 2923 1066 2955 Cic.
1087 2922 1127 2953 ad
1144 2922 1215 2953 Att.
1237 2917 1271 2960 2,

263 2971 316 3006 16.
347 2973 488 3052 Εοῐιξίιι.
518 2973 559 3004 de
584 2973 670 3004 subl.
693 2969 726 3013 3,
747 2969 780 3004 2.
814 2972 865 3004 De
890 2974 967 3003 tono
992 2969 1125 3011 generis
1151 2979 1182 2999 V.
1209 2967 1275 2999 ΕΜ

259 3032 294 3064 p.
315 3018 396 3061 807,
444 3044 451 3051 .

338 3086 488 3132 [Αὐλίτ
530 3100 559 3127 ς.
603 3086 745 3134 αὐλίτην
779 3087 794 3127 s
796 3089 866 3120 cod.
896 3084 1087 3132 αὐλήτην);
1124 3084 1180 3118 τὸν
1213 3086 1276 3129 τῆς

260 3137 392 3184 κόπρου
410 3099 681 3182 ἐπιμέλούμενον
698 3140 766 3169 τῶν
785 3133 966 3181 προβάτων
984 3133 1129 3172 Hesych.
1161 3127 1273 3176 Αὐλή,

262 3185 286 3230 ὴ
305 3181 456 3222 ἔπαυλις.
476 3182 611 3228 λέγεται
628 3181 686 3216 καὶ
703 3180 810 3222 αὔλις,
839 3181 897 3215 καὶ
915 3178 1074 3215 σύνθετον
1101 3176 1273 3218 ὀύσαυλις,

263 3232 282 3266 ὁ
309 3230 461 3278 οἰκήτωρ
494 3229 635 3276 αὐλίτης
669 3230 784 3271 Steph.
815 3230 896 3268 Byz.
926 3229 984 3260 ubi
1011 3239 1042 3259 V.
1064 3227 1213 3258 Meinek.
1241 3227 1277 3257 in

263 3280 340 3312 adn.
361 3279 434 3310 crit.
457 3278 610 3320 Sophocli
627 3276 685 3321 (fr.
699 3277 788 3308 Past.
806 3273 887 3316 445,
905 3273 941 3319 1)
958 3272 1035 3321 πρίν
1051 3267 1113 3307 τιν’
1130 3270 1277 3306 αὐλιτῶν

265 3325 347 3373 ὁρᾶν
364 3326 545 3367 genuinam
564 3327 700 3357 sormam
720 3323 869 3355 restituit
884 3320 1010 3366 Bekk.]

335 3380 480 3421 Αὐλός
506 3384 595 3416 tibia.
625 3381 642 3417 ὁ
660 3379 846 3428 καλλιβόας
864 3378 967 3417 αὐλός
986 3381 1041 3412 Tr.
1056 3376 1119 3411 641
1136 3378 1187 3410 ch.
1209 3371 1279 3411 οὐδ’

1290 311 1325 347 ἐν
1352 308 1464 360 Νιόβῃ
1491 310 1549 356 (fr.
1571 308 1657 356 398)
1685 310 1733 353 [τε
1757 308 1822 344 κάν
1847 307 2103 355 Τυμπανισταῖς
2126 307 2184 352 (fr.
2206 305 2288 352 570)

1291 357 1355 393 οὐκ
1387 357 1515 397 ἄλλους
1539 356 1632 396 τινὰς
1665 357 1750 393 εἶναι
1782 355 1955 403 ἀκούομεν
1985 354 2009 402 ἢ
2034 354 2115 390 τοὺς
2139 351 2171 390 Φ
2193 352 2287 402 υγίου

1291 408 1418 439 Athen.
1440 404 1474 439 4.
1495 416 1528 448 p.
1553 403 1618 439 176
1635 407 1660 438 f.
1688 407 1741 438 De
1759 409 1836 438 tono
1852 416 1884 436 v.
1904 404 2024 437 Arcad.
2045 414 2079 445 p.
2100 400 2157 444 53,
2174 366 2209 436 ς.

1362 473 1514 512 Αὐλών
1547 477 1717 508 convallis.
1752 473 1858 513 τόπος
1891 473 2070 521 ἐπιμήκης
2100 472 2161 507 καὶ
2191 471 2288 507 στενὸ

1291 522 1459 570 ἀγκάλαις
1477 521 1550 557 οἷον
1567 521 1810 580 περιεχόμενος
1827 523 1885 556 Gr.
1906 523 2012 555 Bekk.
2033 532 2068 563 p.
2087 518 2168 561 463,
2186 516 2244 562 29,
2273 530 2288 552 e

1292 569 1485 609 αὐλῶνες
1511 569 1682 618 φάραγγες
1739 568 1841 603 τόποι
1857 567 1999 607 πλατεῖς
2023 566 2101 614 περὶ
2116 564 2159 602 τὰ
2175 565 2239 614 ὄρη
2257 569 2288 600 ih

1293 616 1349 652 33.
1372 619 1424 651 cf.
1446 619 1544 650 Eust.
1574 628 1607 659 p.
1633 581 1735 658 1157,
1755 614 1812 650 84.
1850 617 1975 649 Bernh.
1995 617 2037 649 ad
2053 616 2153 648 Dion.
2173 615 2288 655 Perieg

1292 676 1326 707 p.
1355 663 1435 698 536.
1466 684 1506 689 —
1535 663 1699 702 ἐπακτίας
1726 662 1885 702 αὐλῶνας
1917 664 2029 704 Scyth.
2058 665 2098 696 fr.
2126 659 2195 695 493
2220 672 2286 703 apu

1293 714 1419 746 Athen.
1452 723 1486 755 p.
1510 709 1575 745 189
1602 714 1622 744 d
1655 714 1887 745 observantem
1919 711 1960 743 de
1993 710 2156 743 feminino
2187 719 2288 750 gener

1292 762 1402 803 poetis
1427 761 1564 800 usitato,
1593 763 1632 792 ut
1657 760 1756 792 Eust.
1783 769 1818 800 Ρ.
1842 755 1952 800 1483,
1980 755 2025 790 55
2051 766 2241 799 quanquam
2266 766 2288 788 n

1294 809 1356 840 hoc
1372 808 1508 850 quidem
1527 811 1731 849 perpetuum
1748 810 1811 839 est.
1841 806 1905 839 Sed
1931 815 1997 838 non
2022 808 2102 837 sunt
2124 805 2288 836 maritima

1294 856 1354 887 sed
1389 855 1556 895 depressae
1581 855 1760 895 convalles,
1799 863 1882 895 quas
1913 853 1994 885 hinc
2018 851 2187 894 expressit
2211 851 2288 891 Virg

1295 903 1412 943 Georg.
1433 899 1473 942 3,
1506 899 1575 934 276
1601 903 1644 934 cf.
1676 901 1837 933 Abresch.
1859 901 1973 933 Diluc.
1997 900 2103 932 Thuc.
2125 895 2210 930 471:
2245 899 2288 930 sci

1294 951 1374 982 licet
1391 959 1534 991 aequore
1552 949 1611 980 vix
1628 949 1774 981 altiores.
1797 966 1838 972 -
1866 947 1952 980 Cum
1968 947 2160 988 metaphora
2184 945 2288 977 dictur

1295 994 1454 1030 ποντίους
1486 994 1644 1030 αὐλῶνας
1669 994 1786 1039 (ναίει)
1821 996 1877 1027 Tr.
1901 991 1968 1027 100
1986 994 2037 1026 ch.
2066 994 2120 1025 vel
2145 993 2186 1024 de
2212 994 2288 1025 mari

1295 1049 1431 1086 propter
1448 1046 1611 1076 fluctuum
1637 1044 1808 1075 incurvam
1828 1044 1967 1082 figuram
1984 1041 2191 1073 convallibus
2215 1040 2288 1071 simi

1295 1093 1374 1132 lem,
1395 1092 1449 1123 vel
1465 1094 1643 1133 propterea
1653 1116 1661 1131 ,
1682 1091 1771 1131 quod
1788 1090 1947 1122 Graeciae
1959 1089 2062 1120 maria
2078 1088 2200 1119 insulis
2216 1096 2288 1119 mon

1296 1140 1400 1171 tuosis
1418 1142 1453 1170 et
1469 1139 1710 1180 praecipitibus
1728 1138 1887 1169 distincta
1909 1137 2137 1176 undecunque
2161 1135 2288 1175 ingenti

1296 1188 1359 1218 bus
1377 1196 1532 1218 saxorum
1546 1186 1689 1217 molibus
1708 1187 1928 1217 coarctantur.
1949 1183 2021 1215 Hoc
2037 1183 2138 1224 probo
2152 1179 2199 1225 [v.
2214 1182 2288 1214 Cam

1295 1234 1391 1275 pium
1408 1234 1443 1265 in
1462 1229 1697 1265 Phi101.1865.
1720 1242 1753 1273 Ρ.
1766 1229 1863 1274 327].
1883 1232 1923 1262 In
1942 1230 2077 1263 scholiis
2095 1229 2182 1261 nihil
2199 1232 2288 1270 aptul

1296 1282 1445 1313 invenio.
1473 1281 1629 1312 Alterum
1653 1283 1723 1311 est:
1751 1277 1831 1312 τοὺς
1863 1275 1956 1324 παρὰ
1987 1273 2158 1310 θάλατταν
2192 1274 2288 1309 τόποι

1298 1325 1446 1362 στενούς’
1468 1325 1508 1361 ἐκ
1526 1325 1563 1360 δὲ
1580 1324 1711 1360 τούτων
1728 1324 1771 1359 τὰ
1788 1323 1922 1371 πελάγη
1942 1322 2057 1371 φησίν.
2086 1324 2261 1356 Alterum:

1296 1373 1370 1409 ἀντὶ
1402 1377 1462 1409 τοῦ
1504 1373 1685 1420 νήσους·
1729 1371 1843 1407 αὐλὼν
1875 1371 1914 1406 τὸ
1949 1369 2178 1417 στενόμακρον
2207 1368 2288 1404 πέλα

1296 1429 1355 1468 γος
1381 1420 1438 1467 [of.
1457 1419 1590 1455 αὐλών;
1621 1419 1720 1466 στενὴ
1747 1417 1903 1467 ἀναφορὰ
1918 1421 1980 1453 τοῦ
1997 1416 2120 1456 ὕδατος
2138 1418 2281 1457 Hesyeh.

1298 1471 1399 1511 Soph.
1420 1471 1524 1510 igitur
1536 1472 1678 1510 utroque
1692 1477 1815 1509 genere
1829 1468 1957 1500 dixisse
1969 1464 2026 1500 τὸν
2044 1469 2079 1498 et
2094 1464 2159 1511 τὴν
2177 1462 2288 1499 αὐλῶν

1298 1518 1450 1558 videtur3
1480 1517 1539 1548 sed
1564 1526 1640 1548 cum
1664 1517 1700 1548 in
1725 1516 1784 1547 LA
1807 1516 1843 1546 in
1867 1515 1922 1546 Tr.
1954 1510 2020 1546 100
2050 1510 2189 1546 ποντίας
2217 1522 2288 1554 sup]

1299 1566 1422 1606 scripto
1447 1575 1487 1597 ου
1513 1564 1654 1604 legatur,
1691 1573 1752 1595 sua
1776 1562 1946 1594 Athenaei
1971 1561 2055 1592 fides
2080 1563 2219 1593 constat.
2249 1560 2288 1592 Al

1298 1617 1417 1653 poetae
1443 1611 1651 1643 selectiorem
1677 1620 1777 1642 usum
1803 1610 2039 1649 neglexerunt,
2069 1618 2099 1639 V.
2126 1607 2288 1639 Bernharc‘

1300 1661 1340 1691 ad
1357 1660 1456 1691 Dion.
1480 1659 1610 1698 Perieg.
1630 1668 1664 1699 p.
1687 1654 1766 1690 536.
1790 1674 1831 1680 —-
1861 1657 1975 1688 Tonus
1993 1655 2250 1697 periecticorum
2268 1664 2286 1686 e

1301 1711 1334 1739 et
1350 1706 1557 1748 praecipitur
1574 1707 1613 1737 ab
1632 1705 1773 1737 Arcadio
1797 1713 1831 1744 p.
1856 1700 1911 1743 12,
1931 1700 1989 1734 24.
2115 1699 2147 1745 (1
2163 1711 2197 1742 p.
2218 1698 2285 1734 261

1372 1761 1591 1799 Αὐλῶπις.
1621 1761 1795 1800 αὐλῶπις;
1817 1759 1944 1795 αὐλοὺς
1961 1758 2120 1819 ἔχουσαν.
2151 1757 2238 1807 Σοφ.
2259 1759 2288 1804 (f

1301 1815 1367 1845 inc.
1388 1809 1475 1855 851)
1492 1810 1530 1845 δὲ
1554 1809 1617 1856 τὴν
1642 1808 1775 1858 λόγχην
1800 1809 1864 1855 τὴν
1889 1820 2024 1855 μακραν
2048 1806 2204 1842 αὐλῶπιν
2227 1805 2288 1841 εἶπε

1302 1860 1447 1899 Hesych.
1471 1877 1511 1882 —
1538 1860 1589 1891 De
1615 1862 1693 1891 tono
1710 1852 1786 1889 eum
1805 1858 1881 1898 quis
1906 1857 2095 1888 considerat
2120 1853 2229 1902 οἰνώψ
2247 1852 2286 1888 ἑλ

1300 1905 1382 1953 κώψ
1399 1904 1593 1953 παραβλώψ
1610 1906 1783 1937 dissensus
1796 1914 1871 1936 esse
1889 1913 1955 1936 non
1972 1904 2106 1945 poterit.

1373 1973 1506 2016 ΑὔΕω.
1534 1977 1541 2018 l
1555 1978 1688 2017 proprie
1713 1985 1828 2016 auyeo.
1866 1967 1925 2008 εἶτ’
1957 1971 2055 2019 ἦμαρ
2080 1970 2173 2013 αὔξει
2198 1983 2288 2018 μεσσι

1303 2022 1461 2071 ὄμφακος
1477 2035 1497 2057 τ
1539 2035 1602 2057 πον
1616 2024 1753 2063 Thyest.
1767 2019 1850 2062 239,
1863 2019 1896 2054 5.
1919 2022 2002 2053 Inde
2014 2022 2186 2062 passivum
2199 2029 2288 2052 erese

1304 2069 1381 2106 οὔτε
1397 2069 1462 2117 γὰρ
1481 2069 1508 2105 ἔΑ
1522 2082 1605 2117 γονα
1621 2069 1750 2107 κλυτᾶς
1767 2066 1894 2116 χθονὸς
1915 2065 2051 2107 αὔξεται
2068 2068 2126 2100 OR
2138 2064 2204 2099 172
2212 2067 2263 2099 ch.
2278 2085 2288 2092 -

1306 2138 1346 2144 —
1366 2122 1381 2157 11
1414 2119 1531 2151 tralate
1549 2127 1652 2158 auyeo
1670 2119 1693 2149 i.
1711 2128 1743 2158 q.
1763 2116 1979 2158 maynifieum
1995 2114 2108 2154 reddo,
2128 2124 2204 2155 opes
2220 2114 2287 2146 add

1305 2166 1458 2198 laudibus
1475 2167 1565 2197 tolt0.
1595 2166 1751 2198 Proxime
1776 2175 1795 2195 a
1818 2164 1951 2204 propria
1968 2162 2213 2203 significatione
2230 2163 2288 2194 abe

1304 2207 1445 2247 τοιοῖσδ’
1469 2211 1537 2259 ἐγὼ
1561 2210 1696 2257 νόμοισι
1712 2207 1806 2256 τήνδ’
1830 2207 1922 2249 αὔξω
1949 2206 2076 2254 [αὔξων
2093 2209 2288 2241 Heimsoeth

1305 2259 1402 2294 πόλιν
1421 2261 1502 2292 Ant.
1527 2256 1590 2291 191
1610 2262 1644 2291 et
1659 2257 1784 2305 χρόνος
1800 2256 1843 2291 τὰ
1861 2255 1899 2290 δὲ
1916 2254 1994 2303 παρ’
2018 2254 2115 2301 ἦμαρ
2141 2252 2241 2290 αὖθις
2258 2253 2288 2290 αἱ

1307 2307 1372 2348 ξων
1389 2305 1461 2341 ἄνω
1479 2306 1534 2339 OG
1549 2303 1637 2338 1455
1656 2307 1707 2338 ch.
1728 2303 1831 2339 πάλιν
1850 2315 1914 2350 σφε
1931 2301 2064 2349 δαίμων
2083 2301 2213 2337 δίκαιος
2229 2299 2288 2343 αύξ

1309 2351 1398 2387 1567
1417 2355 1467 2386 ch.
1506 2354 1613 2386 Schol.
1634 2351 1799 2398 τιμωρίαν
1818 2349 1974 2398 ὑπίσχειν
2002 2351 2167 2391 explicat,
2198 2351 2288 2382 recti1

1306 2404 1423 2434 Herm.
1446 2419 1487 2425 -
1508 2398 1598 2434 οὕτω
1617 2398 1655 2434 δὲ
1670 2399 1728 2434 τὸν
1747 2396 1957 2444 Καδμογενῆ
1975 2410 1994 2431 τ
2016 2395 2103 2443 ἐφει,
2122 2395 2162 2431 τὸ
2188 2393 2215 2430 δ’
2233 2394 2288 2436 αὔξ

1308 2447 1423 2495 βιότου
1449 2446 1656 2487 πολύπονον,
1686 2446 1800 2490 ὥσπερ
1825 2443 1975 2491 πέλαγος
1997 2408 2154 2490 ἵ<ρήσιον
2180 2444 2236 2476 Tr.
2260 2441 2288 2476 11

1309 2497 1359 2529 ch.
1390 2497 1476 2528 Male
1510 2492 1602 2534 αὔξει
1635 2505 1693 2535 pro
1727 2491 1862 2532 αὔξεται
1893 2493 1961 2525 dici
1983 2493 2111 2534 opinati
2135 2495 2234 2531 sunt,
2264 2501 2286 2523 n

1309 2543 1423 2588 ὥσπερ
1441 2540 1590 2588 πέλαγος
1607 2543 1817 2574 accusativus
1834 2543 1896 2572 est.
1929 2538 2043 2586 ὥσπερ
2056 2542 2108 2571 est
2125 2539 2218 2580 quasi
2235 2548 2288 2570 con

1309 2591 1509 2632 parationis:
1540 2591 1632 2630 quasi
1657 2589 1799 2620 Creticus
1817 2587 1947 2628 quidem
1959 2590 2082 2627 pontus
2098 2586 2257 2618 Herculis
2274 2597 2288 2616 ν

1310 2642 1378 2670 tam
1395 2638 1561 2670 laboribus
1574 2640 1698 2676 gravat.
1716 2654 1761 2658 —
1780 2633 1817 2668 σέ
1833 2645 1870 2680 γε
1888 2631 2032 2669 Οἰδίπου
2048 2631 2108 2666 καὶ
2123 2630 2250 2679 τροφὸν
2267 2642 2288 2665 κ

1312 2681 1430 2730 μητέρ’
1448 2681 1558 2723 αὔξειν
1577 2684 1635 2715 OR
1647 2680 1736 2714 1092
1746 2682 1813 2721 ch..
1830 2682 1916 2722 quod
1930 2682 2042 2722 ipsum
2055 2689 2188 2722 quoque
2198 2680 2288 2720 Musg

1310 2732 1525 2764 intransitiva
1542 2731 1785 2770 significatione
1801 2729 1913 2760 donat.
1941 2729 2078 2760 Rectius
2097 2727 2198 2759 schol.
2220 2737 2288 2772 μεγι

1310 2777 1436 2820 λύνειν,
1456 2775 1566 2824 λέγειν
1586 2778 1733 2818 explicat
1748 2777 1978 2816 emissumque
1995 2773 2100 2819 ἡμᾶς.

1375 2841 1563 2884 ’Ἃυπνος
1600 2848 1770 2878 insomnis.
1800 2843 1905 2879 ὕπνος
1936 2843 2066 2881 ἄυπνος
2098 2844 2160 2875 Ph.
2186 2840 2288 2876 848c

1313 2896 1481 2928 irritabilis
1507 2899 1570 2934 est,
1599 2903 1641 2925 ex
1667 2903 1732 2934 quo
1758 2894 1855 2925 facile
1881 2893 2065 2924 susciteris.
2100 2891 2209 2923 Affert
2227 2891 2288 2922 Em

1311 2954 1345 2985 p.
1370 2939 1478 2981 1297,
1507 2938 1564 2973 26.
1604 2938 1711 2980 1837,
1741 2937 1796 2971 62.
1845 2936 1946 2979 1843,
1969 2936 2025 2971 37.
2054 2935 2146 2984 ἔχων
2179 2935 2288 2971 ἀύπνο

1311 2987 1417 3036 ἄγρας
1434 2990 1487 3021 Ai.
1509 2985 1578 3020 880
1596 2988 1647 3019 ch.
1677 2988 1718 3019 de
1735 2988 1955 3028 piscatoribus
1977 2989 2078 3018 noctu
2095 2985 2288 3025 vigilantibu

1314 3037 1398 3069 Cum
1418 3035 1609 3076 metaphora
1626 3035 1752 3066 dictum
1771 3038 1823 3065 est
1840 3030 1909 3066 οὐδ’
1934 3030 2056 3066 ἄυπνοι
2077 3033 2203 3076 κρῆναι
2228 3041 2288 3075 μιν

1312 3082 1430 3118 θουσιν
1449 3082 1504 3115 OC
1523 3079 1590 3114 685
1609 3082 1659 3114 ch.
1683 3100 1724 3106 —
1743 3082 1794 3113 De
1811 3081 1866 3113 OC
1888 3076 1977 3112 1578
1995 3090 2026 3111 V.
2047 3076 2238 3115 αἰένυπνος.

1384 3138 1441 3176 Αὔ
1455 3153 1513 3187 ρα.
1534 3150 1628 3172 aura.
1649 3136 1839 3184 ἀνεμόεσσά
1850 3149 1900 3176 τις
1912 3131 2033 3196 γένοιτ’
2046 3134 2192 3182 ἔπουρος
2206 3133 2288 3188 egui

1312 3200 1363 3227 τις
1380 3185 1468 3234 αὔρα
1485 3189 1539 3219 Tr.
1557 3184 1626 3219 954
1646 3187 1696 3218 ch.
1717 3185 1812 3231 κόμη
1831 3179 1871 3219 δι’
1889 3191 1994 3231 αυρας
2011 3182 2207 3217 ἀκτένιστος
2225 3192 2288 3215 ασσ

1312 3246 1368 3269 ται
1385 3236 1440 3268 OG
1461 3232 1563 3267 1261.
1583 3232 1633 3271 τίς
1643 3227 1702 3267 ὧδ’
1711 3231 1746 3266 ἐν
1760 3230 1879 3291 αὔραις
1895 3230 2072 3278 τρέφεται;
2096 3231 2156 3262 Ph.
2173 3217 2288 3262 1160c

1317 3283 1448 3316 Schol.:
1476 3279 1527 3319 τίς
1553 3277 1715 3326 θρέψεται
1739 3277 1774 3320 ἐξ
1797 3277 1933 3323 ανέμων
1953 3276 2098 3323 μηδενὸς
2122 3281 2190 3310 τῶν
2208 3274 2249 3310 ἐκ
2265 3288 2288 3322 γ·

1314 3327 1492 3376 τροφίμων
1509 3326 1677 3373 εὐπορῶν.
1705 3327 1795 3359 Olim
1820 3324 1907 3372 αὖρα
1932 3326 2137 3358 scribebatur
2161 3324 2272 3364 vulgo,

1316 3380 1427 3409 exstat
1452 3375 1512 3408 EG
1530 3385 1563 3416 p.
1585 3372 1642 3415 93,
1664 3371 1708 3406 37
1732 3377 1766 3405 et
1783 3370 1847 3411 41:
1877 3374 1935 3405 sed
1962 3383 1992 3404 V.
2015 3372 2105 3404 Pors.
2133 3371 2173 3403 ad
2196 3371 2288 3402 Hecu
