2288 3600
288 110 387 166 326

283 220 362 260 κάπ’
383 224 468 271 ἐμοῦ
486 224 624 273 θρήνων
641 225 730 307 rb&
751 224 853 259 1469.
875 246 915 252 —-
942 229 995 260 De
1012 233 1151 261 accentu
1170 231 1308 269 generis·

285 275 426 315 exponit
442 275 519 306 Arc.
548 284 582 315 p.
601 271 658 315 63,
728 299 734 306 .

355 329 463 378 Θρῄξ
485 333 605 365 Thrax.
634 330 652 366 ὁ
688 330 834 380 Θρῃκῶν
869 328 1099 379 Σαλμυδησός
1131 335 1212 368 Ant.
1234 332 1302 368 969

284 380 337 412 ch.
358 371 471 420 ‘'Hioe,
493 377 671 425 φιλίπποις
689 377 793 428 Θρῃξὶ
810 377 1012 425 πρέσβιστον
1031 379 1132 419 σέλας
1159 383 1235 420 Ter.
1256 383 1298 414 fr.

285 424 353 460 523
370 438 424 468 ap.
446 428 548 459 schol.
569 427 609 459 Il.
631 438 649 460 ο
668 425 748 460 705.
784 428 973 467 Legebatur
990 429 1070 460 olim
1087 426 1186 474 θριξί,
1215 430 1301 470 quod

284 477 413 506 certum
445 483 543 506 verae
573 475 757 516 scripturae
789 475 963 507 indicium.
1010 476 1095 508 Nam
1120 477 1301 518 quominus

284 522 360 563 quis
386 518 488 567 Θρᾳξί
513 521 667 562 invehat,
694 522 848 576 prohibet
864 523 948 556 illud
961 547 969 563 ,
990 524 1078 564 quod
1093 534 1117 568 η
1136 524 1171 556 in
1189 525 1250 557 hoc
1267 529 1302 556 et

283 569 443 601 derivatis
469 565 608 616 Θρῇσσα
634 566 783 615 Θρῃκιος
812 570 881 601 sola
898 570 1032 610 tragicis
1050 572 1201 612 expetita
1218 572 1300 605 scri-

283 619 383 658 ptura
400 619 469 648 est:
499 617 542 647 cf.
562 616 678 648 Herm.
706 617 746 648 ad
770 617 897 648 Alcest.
918 613 999 658 967,
1026 618 1086 649 ubi
1103 618 1217 650 Monk.
1239 617 1301 652 άτ-

282 661 420 701 τικίζων
446 656 616 709 Θρᾴσσαις
640 664 788 695 dederat.
826 664 888 695 Illa
905 674 1037 705 quoque
1056 675 1074 696 a
1090 666 1184 699 libris
1203 667 1300 698 unice

284 711 581 750 commendantur,
610 721 641 742 v.
671 711 754 742 Eur.
783 711 866 742 Hec.
897 709 931 743 7.
952 709 1020 743 425
1046 713 1161 753 ibique
1179 713 1296 745 Matth.

282 758 404 789 Aesch.
433 758 524 789 Pers.
552 754 631 789 501.
659 754 739 790 558.
774 758 836 797 Ag.
859 754 939 790 640.
968 755 1069 799 1392,
1098 761 1134 791 in
1159 770 1300 801 quorum

282 808 378 846 parte
396 805 516 837 Blomf.
537 806 672 837 erravit.
695 823 736 829 -—
755 799 963 851 Θρῄσσαισιν
982 808 1104 844 πνοαῖς
1128 807 1209 838 Ant.
1232 805 1299 839 589

283 852 335 884 ch.
356 853 379 884 i.
402 862 431 883 e.
452 853 558 883 Borea
583 853 695 894 flante.
734 850 903 886 ὃυσπνόου
928 846 1088 900 Θρῄσσης
1115 857 1225 899 πνοῆς
1257 865 1299 886 ex

281 899 314 931 h.
336 900 358 931 1.
380 893 538 946 meminit
554 900 651 932 Eust.
671 910 705 941 p.
728 896 807 941 732,
829 897 886 932 28.
924 902 1091 941 Vulgatur
1108 895 1221 948 Θρῄσσ
1250 912 1298 934 σιν

283 947 341 978 sed
366 947 614 978 terminationis
639 957 715 994 ησιν
739 950 806 978 tam
832 948 955 987 exigua
977 958 1053 979 cum
1079 949 1115 980 in
1141 914 1299 981 divernniis

282 997 354 1025 tum
379 994 416 1025 in
441 995 580 1026 canticis
606 999 658 1026 est
684 995 787 1034 fides,
816 998 856 1026 ut
880 1005 934 1035 ap.
963 999 1069 1036 tragg.
1090 997 1125 1027 in
1144 997 1298 1028 ducentis

281 1042 351 1073 fere
381 1045 415 1072 et
440 1042 685 1083 quinquaginta
711 1042 877 1083 exemplis
895 1042 992 1084 talia,
1021 1044 1144 1084 quibus
1161 1054 1218 1091 ῃσι
1235 1045 1298 1075 ali—

280 1092 407 1129 quanto
433 1084 576 1120 firmiore
593 1089 679 1130 pede
697 1090 845 1129 nitatur,
867 1099 921 1130 ap.
943 1090 1043 1131 Soph.
1070 1091 1181 1123 videas
1200 1095 1297 1132 quat-

282 1139 376 1176 tuor,
413 1145 465 1176 ap.
494 1136 652 1175 Aeschyl.
684 1137 790 1168 ferme
815 1137 898 1177 tria⁷
929 1147 981 1178 ap.
1004 1138 1123 1178 Eurip.
1151 1140 1294 1170 nullum.

280 1183 342 1214 Illa
365 1186 479 1215 autem
505 1184 707 1215 correctione
732 1184 847 1215 tollere
874 1193 940 1215 non
965 1185 1092 1217 dubito.
1138 1183 1298 1232 Θρῇσσαν

281 1227 428 1263 σκοπιάν
448 1227 562 1275 Ζηνὸς
578 1223 717 1276 Ἀθῴου
737 1231 894 1270 Thamyr.
916 1232 956 1263 fr.
969 1228 1050 1264 229.
1080 1233 1186 1265 Athos
1204 1243 1298 1265 mons

280 1277 512 1318 Macedoniae,
541 1287 626 1319 quae
645 1279 723 1310 olim
743 1277 902 1310 Thraciae
921 1281 1170 1312 accensebatur.
1210 1281 1298 1312 Num

279 1325 411 1356 inflecti
435 1325 574 1366 debeat,
601 1335 686 1366 quae
704 1326 905 1357 Buttmanni
922 1327 1112 1359 sententiae
1131 1331 1201 1369 est,
1231 1338 1297 1360 non

283 1372 419 1404 videtur
443 1373 680 1404 certissimum.

350 1427 527 1479 Θρῇσσα
552 1442 584 1462 v.
613 1428 718 1477 Θρῇξ.

350 1486 537 1534 Θρῑοίζω.
567 1487 733 1535 ὃριάζεινε
764 1487 1005 1537 φυλλολογεῖν,
1028 1489 1218 1533 ἐνθουσιᾶν,
1240 1491 1297 1527 ἐν-

281 1534 487 1576 θουσιάζειν.
514 1533 638 1583 Εὐριπ.
674 1533 855 1583 Λικυμνίῳ
890 1537 949 1572 καὶ
977 1535 1064 1585 Σοφ.
1097 1533 1171 1575 Ὀδ.
1202 1552 1293 1584 μαιν.

278 1583 337 1626 (fr.
359 1581 445 1628 415)
467 1585 615 1624 Hesych.
658 1585 783 1617 Eodem
807 1585 903 1619 modo
928 1587 1134 1627 explicatum
1160 1589 1218 1620 sed
1241 1598 1296 1620 co-

278 1631 408 1672 piosius
434 1631 500 1663 EM
517 1628 598 1672 455,
615 1629 673 1664 45.
706 1633 760 1669 Ad
778 1630 947 1678 μαντικήν
973 1634 1034 1666 hoc
1051 1638 1179 1675 spectat
1196 1636 1297 1668 disci-

278 1678 426 1719 plinam:
455 1689 487 1710 V.
504 1679 621 1710 Herm.
644 1680 685 1711 ad
701 1680 799 1711 Hom.
822 1680 855 1711 h.
877 1680 980 1712 Mero.
1001 1678 1082 1714 552.

350 1745 543 1796 Θριγκός
568 1751 656 1782 murz·
679 1749 863 1790 fastiyium.
899 1749 1044 1798 τειχέων
1063 1749 1122 1784 καὶ
1147 1749 1189 1797 δὴ
1215 1751 1296 1790 τοὺς

277 1792 477 1838 Ποσιῧείους
501 1793 663 1843 θριγκοὺς
685 1795 940 1844 ἀποσεισαμένη
965 1808 1008 1830 ex
1022 1799 1112 1831 Past.
1132 1797 1189 1842 (fr.
1211 1797 1296 1844 451)
1332 1787 1569 1834 ἀποστερῖσχεῑ
1587 1788 1666 1823 375·
1697 1789 1733 1824 ὃς
1755 1793 1814 1824 νῦν
1841 1795 1998 1839 σκῆπτρα
2023 1791 2082 1826 καὶ
2106 1789 2272 1842 θρόνθυξ

277 1843 459 1878 Herodian.
479 1844 577 1877 affert
593 1855 629 1877 π.
644 1856 680 1889 μ.
694 1842 727 1877 λ.
755 1855 789 1888 p.
810 1841 863 1886 11,
886 1842 919 1877 3.
943 1863 984 1869 —
1011 1847 1181 1879 Accentus
1206 1849 1296 1889 peri-

277 1891 460 1923 ecticorum
484 1895 555 1924 est:
596 1892 662 1923 etsi
685 1901 751 1924 non
777 1892 912 1924 videtur
935 1893 1076 1926 Arcadio
1110 1904 1143 1935 p.
1166 1892 1228 1935 50,
1253 1893 1295 1927 10
1331 1883 1389 1917 καὶ
1422 1881 1567 1930 θρόνους
1600 1883 1691 1932 ἔχων
1727 1883 1828 1917 1354·
1857 1885 1899 1920 Τὰ
1931 1883 2040 1921 Λαΐου
2068 1885 2201 1935 θρόνυ)ν
2251 1890 2281 1936 ,ζ’

276 1947 331 1978 ap.
353 1947 454 1979 quem
479 1939 599 1970 vitiose
617 1940 775 1971 scribitur
799 1936 978 1986 θηριγκός,
1008 1951 1084 1972 cum
1101 1941 1142 1972 de
1158 1942 1295 1982 bisylla-
1331 1932 1412 1963 Ant·
1436 1929 1513 1964 166·
1542 1943 1564 1965 ²
1587 1931 1652 1979 ἀτη
1686 1931 1728 1978 δὴ
1763 1931 1874 1967 πάντα
1904 1932 1963 1968 καὶ
1995 1931 2139 1980 &imvm-’5
2165 1931 2236 1981 ἔχω
2271 1968 2275 1971 -

276 1985 328 2017 bis
344 1988 431 2026 agat.
462 1986 590 2018 Tamen
606 1986 685 2019 inde
703 1988 782 2019 satis
800 1987 841 2019 de
857 1990 934 2023 tono
953 1991 1091 2020 constat.

347 2051 451 2101 θρίξ
484 2057 594 2089 crinis.
645 2057 812 2098 Capillum
840 2067 974 2090 omnem
1003 2061 1038 2090 et
1071 2059 1233 2098 singulari
1261 2064 1295 2091 et

281 2103 406 2144 plurali
423 2112 563 2135 numero
589 2104 717 2138 dictum
735 2105 920 2146 significat:
966 2107 1156 2137 cincinnum
1181 2110 1294 2138 autem

276 2150 458 2190 singulari:
488 2147 546 2188 δὸς
564 2148 659 2196 αὐτῷ
674 2150 768 2197 τήνδ’
788 2150 940 2198 ἀλιπαρῆ
958 2150 1060 2199 τρίχα
1076 2153 1129 2184 ΕΙ.
1151 2150 1231 2185 451.
1249 2172 1295 2186 -.

277 2194 313 2237 ἐξ
331 2194 410 2231 ὅτου
427 2194 556 2241 λευκὴν
583 2196 652 2244 ἐγὼ
670 2197 764 2244 τήνδ’
790 2198 830 2233 ἐκ
847 2197 1012 2246 μελαίνης
1030 2199 1078 2244 ἀμ
1109 2198 1292 2246 ιβοὶλλομαι

274 2241 378 2291 τρίχα
401 2245 483 2277 Ant.
508 2241 609 2278 1093.
631 2247 674 2278 cf.
697 2245 748 2287 ἐκ,
777 2251 812 2279 et
828 2247 870 2280 de
886 2249 1056 2280 sententia
1082 2211 1150 2280 ἶὼ
1168 2245 1292 2292 μέλαι-

275 2301 336 2325 ναν
368 2288 545 2332 ἐξιονθίζω
576 2291 685 2339 τρίχω
709 2295 750 2326 fr.
781 2294 898 2334 Chrys.
926 2291 1006 2327 653.
1037 2306 1068 2326 v.
1100 2259 1287 2334 ἔξιονθίζω.

276 2335 449 2376 ἐλαιοῦται
480 2336 557 2385 θρίξ
584 2340 684 2373 Troil.
707 2337 787 2373 556.
815 2352 847 2373 V.
870 2339 1008 2375 ἐλαιόω.
1032 2359 1072 2364 ——
1098 2343 1201 2374 Paulo
1228 2343 1290 2374 ali-

274 2388 328 2418 ter
348 2386 476 2419 dictum
511 2385 598 2420 ὥστε
629 2385 758 2426 πάντας
791 2386 911 2433 ὀρθίας
944 2391 1065 2434 στῆσαι
1092 2387 1212 2436 τρίχας
1235 2389 1290 2422 OC

278 2429 379 2465 1625.
401 2451 446 2456 —
464 2434 517 2466 De
532 2435 612 2472 iuba
629 2436 708 2476 equi
731 2432 860 2480 ξανθὴν
876 2433 1076 2482 καθαίρονθ’
1100 2434 1205 2471 ἵππον
1229 2433 1291 2469 αὐ-

274 2480 416 2526 χμηρᾶς
430 2478 549 2527 τριχός
564 2481 648 2514 Oen.
669 2483 711 2516 fr.
731 2479 813 2524 422,
832 2479 866 2515 2.
1010 2481 1043 2526 (Ι
1058 2494 1092 2525 p.
1113 2481 1195 2524 814,
1217 2481 1293 2528 13.)

347 2535 374 2573 Θ
385 2549 431 2585 ρο
442 2535 498 2572 έω
515 2540 640 2581 loquor,
668 2541 748 2573 inde
766 2544 800 2573 et
817 2541 858 2573 de
876 2542 1017 2574 clamore
1035 2546 1069 2574 et
1085 2542 1126 2574 de
1142 2543 1223 2584 fletu
1239 2543 1291 2574 di-

275 2588 385 2627 ctum,
415 2595 563 2618 sermone
587 2588 727 2629 celebro,
755 2587 925 2620 denuntio.
969 2590 1105 2621 Praeter
1131 2599 1290 2631 praesens

277 2636 412 2674 tempus
429 2636 464 2665 et
480 2634 640 2666 aoristum
666 2635 752 2667 nihil
779 2636 852 2667 eius
869 2637 962 2668 verbi
987 2637 1077 2678 apud
1095 2637 1290 2678 Sophoclem

274 2680 410 2720 legitur.
433 2677 586 2726 διάσημα
602 2679 667 2728 γὰρ
684 2679 782 2728 θροεῖ
798 2682 860 2714 Ph.
873 2679 941 2715 209
953 2683 1005 2715 ch.
1025 2684 1129 2716 Dind.
1151 2681 1285 2730 θρηνεῖ.

273 2724 308 2760 τί
331 2724 464 2773 θροεῖς;
497 2725 587 2760 1185
606 2730 658 2762 ch.
687 2728 781 2776 παρὰ
806 2731 886 2763 νοῦν
904 2727 1021 2776 θροεῖν
1041 2727 1130 2763 1195
1148 2741 1193 2763 m.
1216 2729 1290 2765 ἐπεὶ

275 2775 342 2811 πᾶς
365 2773 466 2808 τοῦτό
512 2772 520 2786 ’
544 2769 723 2821 Ἑλλήνων
748 2774 847 2821 θροεῖ
863 2776 919 2809 OG
936 2774 1005 2810 597
1022 2779 1057 2809 in
1073 2787 1127 2810 ore
1143 2780 1290 2810 omnium

275 2822 339 2853 ista
355 2825 443 2853 sunt.
471 2786 514 2856 τά
537 2821 638 2856 τοῦδε

275 2865 407 2915 ἀμφοῖν
431 2866 547 2914 θροεῖ·
583 2821 883 2903 142όὲαντεύμαθζ
914 2821 950 2862 ὃς
968 2825 1063 2870 σφῷν
1089 2822 1236 2859 θάνατον
1254 2823 1289 2866 ἐξ

714 2870 760 2908 ὡς
789 2867 991 2917 Ἀργείοισιν
1017 2869 1151 2906 εἰσιδὼν
1176 2869 1288 2919 θροῆς

275 2916 332 2947 Ai.
353 2911 408 2946 67.
437 2913 536 2949 πόλλ’
553 2914 638 2962 ἄγαν
656 2915 726 2964 ἤδη
744 2914 861 2963 θροεῖς
879 2915 959 2951 592.
982 2916 1079 2953 ὁποῖ’
1105 2917 1148 2952 ἔπ
1190 2905 1289 2966 θροέῖ

274 2958 355 2995 785.
382 2956 479 2996 τοῦθ’
497 2961 515 2997 ὖ
548 2974 576 2997 ιν
595 2961 685 3002 Α’ίας
701 2962 827 3002 τοῦπος
845 2962 986 2999 ὕστατον
1012 2963 1112 3012 θροεῖ
1127 2930 1207 2999 864.
1229 2969 1291 3000 ποῖ

298 3006 413 3042 λὲπων
453 3008 519 3043 πότ
567 3008 654 3044 αὐτοὶ
685 3010 744 3045 καὶ
776 3009 908 3059 θροεῖς;
948 3010 1051 3046 1290.
1094 3011 1288 3060 πρόσπολος

291 3055 375 3102 πρὸς
400 3054 551 3095 πόλλους
566 3059 670 3093 Dind.
690 3069 718 3091 c.
739 3057 874 3104 Herm.]
907 3057 1007 3106 θροεῖ
1038 3057 1149 3107 Λίχας
1181 3063 1289 3094 ταῦτα

276 3103 333 3135 Tr.
357 3100 434 3136 188.
462 3101 553 3149 ἦμος
571 3102 588 3138 ὁ
606 3102 699 3144 ξένος
716 3102 815 3151 θροεῖ
830 3109 906 3144 ταῖς
923 3105 1158 3153 αἰχμαλώτοις
1175 3106 1288 3142 παισίν

275 3146 355 3182 531.
384 3149 432 3187 ὡς
450 3149 632 3196 ἐργασείων
650 3151 748 3186 οὐδὲν
766 3153 813 3187 ὧν
831 3150 923 3199 λέγω
941 3151 1056 3199 θροεῖς
1077 3152 1178 3187 1232.
1195 3153 1289 3189 είδο-

276 3207 337 3241 μεν
363 3194 385 3230 ἃ
409 3194 525 3243 θροεῖς
552 3199 606 3231 El.
626 3197 695 3232 853
713 3200 764 3233 ch.
786 3201 858 3232 Erf.
887 3198 938 3245 [et
955 3198 1078 3245 Dind.]
1097 3211 1139 3234 ex
1157 3202 1283 3235 Gernh.

275 3245 468 3276 coniectura
494 3243 646 3291 θρηνεῖς.
677 3244 749 3281 ἰδοὺ
776 3244 856 3291 μάλ’
880 3245 923 3281 αὖ
940 3244 964 3283 θ
987 3250 1040 3282 οεῖ
1055 3258 1105 3286 τις
1124 3246 1214 3282 1410
1231 3259 1287 3281 ez-

274 3291 405 3323 clamat.
420 3309 461 3315 —
479 3290 680 3339 ἀναλγήτων
695 3290 865 3340 ἐθρόησας
878 3292 964 3328 ἄνοιυ
989 3306 1026 3328 ον
1041 3293 1138 3340 ἔργον
1156 3290 1287 3342 Ἀτρει-

275 3334 336 3371 δᾶν
369 3339 424 3370 Ai.
445 3335 514 3371 947
531 3339 583 3372 ch.
627 3340 673 3372 Et
696 3342 813 3382 procul
836 3342 937 3374 dubio
962 3343 1164 3383 exquisitior
1187 3344 1286 3375 lectio

275 3388 326 3416 est
343 3386 383 3417 ab
396 3386 551 3420 omnibus
568 3387 751 3421 editoribus
769 3389 895 3421 delecta
919 3386 995 3422 τίνοι
1020 3387 1136 3434 θροεῖς
1161 3387 1280 3436 λόγον;

1047 110 1171 185 Θρῇξ
1201 142 1262 149 -
1290 112 1558 180 Θρύπτομαι

2035 126 2068 174 [1
2083 126 2204 172 ,1813
2256 100 2263 105 ⁶

1338 230 1420 265 Ant.
1443 227 1533 263 1287
1551 241 1595 263 ιιι.
1625 227 1748 278 [λόγωι
1771 237 1805 265 et
1827 230 1938 279 λόγων
1965 234 2023 266 LA
2039 244 2090 276 pr.
2111 232 2214 282 λόγον
2231 245 2264 274 m

1338 275 1546 322 centissima]
1572 279 1692 311 Dresd.
1721 290 1749 311 a.
1779 280 1885 314 Turn.
1913 281 2030 323 Steph.
2053 281 2149 321 Cant.
2176 292 2220 315 ex
2262 286 2266 288 “

1338 325 1523 366 pretatione
1539 319 1601 358 τίν’
1625 323 1731 371 αὐδᾷς
1761 325 1874 373 λόγον,
1903 329 1991 369 quod
2008 329 2091 362 scite
2106 330 2227 368 etiam,
2263 371 2276 374 ..

1339 371 1509 403 modatum
1527 376 1579 403 est
1596 375 1708 405 versui
1726 374 1925 406 dochmiaoo.
1948 393 1989 399 —
2008 376 2061 422 Dq
2078 377 2134 408 Ai.
2154 373 2224 413 582
2270 379 2272 381 ’

1338 419 1374 450 in
1393 429 1423 450 v.
1445 415 1575 465 θρηνῶ.
1606 420 1670 452 Sed
1688 422 1723 452 in
1742 422 1782 453 fr.
1805 421 1913 462 Niptr.
1934 419 2022 462 407,
2054 433 2130 456 cum
2147 425 2246 466 vulgo

1338 469 1393 497 tur
1410 476 1462 506 ap.
1484 467 1575 498 Plut.
1596 467 1677 500 Mor.
1698 478 1732 510 p.
1753 465 1821 500 745
1839 470 1855 500 f
1876 467 1894 502 ὁ
1924 465 2146 520 Σοφοκλέους
2169 466 2251 507 ’osu

1340 523 1423 559 φησι
1459 510 1674 560 Σειρῆνας
1714 512 2033 560 εἰσαφικέσθαι
2064 513 2240 565 Φόρκου

1340 567 1415 605 ρας
1455 557 1698 606 ἀθροῡντος
1731 561 1833 600 τοὺς
1862 555 2016 597 “Ἀιδου
2051 562 2236 609 νόμους,

1338 608 1379 639 ad
1396 608 1531 640 Ulixem
1551 605 1800 655 ἀκονθοπλῆγα
1825 619 1951 642 errores
1969 620 2045 643 suos
2063 613 2275 646 narrantem*⁴

1339 659 1427 686 ctare
1454 656 1632 696 videntur,
1664 657 1754 688 unde
1774 658 1919 690 Brunck.
1949 658 2035 690 nihil
2060 661 2254 702 extricabat,
2270 655 2282 675 ⁷

1338 702 1476 734 initium
1503 704 1627 734 senarii
1653 700 1819 750 Σειρ”νας
1846 703 2091 751 εἰσαφικόμην,
2121 711 2211 739 recte
2235 660 2288 776 pt!

1338 750 1438 781 dubio
1456 750 1535 781 Lob.
1558 751 1599 781 ad
1616 751 1671 782 Ai.
1692 762 1726 792 p.
1772 749 1817 783 52
1834 753 2025 784 emendavit
2041 751 2272 799 θροοῦντε,

1337 793 1488 842 θροοῦσα
1506 797 1646 829 dictum.
1670 817 1710 821 —
1730 799 1923 831 Melicorum
1940 803 1975 832 et
1991 801 2216 834 diverbiorum
2237 778 2288 880 (ni

1338 853 1470 885 quoque
1488 846 1646 877 vocabulo
1664 845 1843 877 discrimen
1871 856 1936 878 non
1954 851 2016 880 est.
2283 881 2288 896 Ι

1408 911 1435 949 Θ
1447 925 1464 961 ρ
1476 926 1492 948 ο
1504 927 1529 960 μ
1539 913 1557 959 β
1569 915 1597 948 ‹i›
1608 913 1625 947 ὃ
1634 927 1657 961 η
1669 927 1685 953 ς
1710 920 1887 948 concretus.
1923 915 2103 957 ἀναζέουσι
2135 916 2248 969 θρομβ

1337 959 1441 1008 ἀφροί
1474 963 1529 994 Tr.
1558 959 1638 994 702.
1679 982 1719 987 --
1755 961 1907 1010 θρόμβον
1941 967 2136 1005 sanquinem
2167 976 2262 999 coner

1336 1018 1362 1040 s.
1384 1019 1517 1049 grumos
1544 1011 1719 1049 sanguinis
1747 1011 1971 1053 lexicographi
1997 1013 2288 1054 interpretantur,

1335 1057 1455 1088 Blomf.
1477 1058 1519 1097 gl.
1539 1057 1620 1089 Cho.
1642 1054 1722 1090 526.
2147 1060 2178 1105 [1
2195 1072 2228 1103 p.
2254 1057 2279 1090 :s

1406 1124 1515 1173 Θρόν
1527 1138 1543 1160 o
1556 1139 1571 1164 ς
1590 1125 1699 1172 [Curt.
1717 1129 1773 1160 Et.
1791 1139 1825 1160 n.
1837 1127 1920 1175 316]
1937 1131 2067 1162 solium.
2095 1131 2147 1163 De
2164 1116 2282 1165 sedili*t

1335 1362 1447 1402 ζοντες
1470 1361 1505 1400 ἐς
1529 1360 1608 1402 Διὸς
1631 1362 1776 1409 θρόνους
1794 1367 1874 1398 Ant.
1898 1363 1999 1398 1041.
2029 1366 2109 1402 ὅταν
2132 1365 2247 1414 θρόνοι
2262 1392 2279 1407 ,1.

1357 1408 1451 1444 ισθον
1477 1408 1678 1445 ἐνθακοῦνθ’
1703 1411 1774 1458 ὁρῶ
1798 1415 1905 1447 τοῖσιν
1931 1408 2104 1460 πατρώοις
2132 1411 2282 1448 Ε1.261’

1355 1456 1362 1469 ³
1391 1456 1426 1491 ἐν
1455 1455 1608 1504 θρόνοισι
1635 1459 1847 1507 γραμμάτων
1877 1460 2009 1508 πτυχὰς
2038 1448 2128 1509 ἔχων
2163 1459 2266 1498 ἀπόν

1335 1506 1437 1545 Synd.
1467 1506 1506 1537 fr.
1531 1503 1607 1548 150,
1633 1506 1662 1540 1.
1700 1508 1801 1549 Apud
1824 1509 1926 1540 schol.
1958 1509 2056 1542 Pind.
2085 1510 2204 1542 Isthm.
2224 1506 2280 1545 2

1334 1554 1393 1594 qui
1416 1553 1619 1585 versiculum
1645 1556 1858 1595 memoravit,
1887 1556 1967 1588 olim
1983 1557 2109 1589 lectum
2127 1554 2234 1603 θρήν
2250 1563 2279 1598 ι’,

1334 1601 1448 1640 Longe
1474 1601 1683 1642 frequentior
1700 1603 1803 1634 altera
1820 1604 1883 1635 vis.
1911 1606 1993 1648 γῆς,
2023 1602 2067 1648 ἧς
2083 1602 2151 1650 ἐγὼ
2175 1602 2242 1650 κ’ρά
2259 1606 2268 1613 ”

1332 1646 1391 1681 καὶ
1420 1644 1564 1691 θρόνους
1597 1647 1692 1694 νέμω
1717 1650 1774 1681 OR
1791 1647 1871 1682 237.
1908 1648 2044 1697 θρόνοις
2077 1661 2223 1697 παραστ
2262 1655 2271 1696 J

1331 1697 1405 1732 τοῖς
1434 1691 1650 1740 Κρεοντείοις
1683 1694 1789 1734 πέλας
1822 1694 1902 1730 399.
1946 1694 2095 1744 Κρέοντί
2133 1709 2171 1732 τε
2203 1694 2258 1744 θρ

1334 1739 1455 1775 ἐᾶσθαι
1473 1742 1527 1774 OC
1545 1740 1615 1776 368
1633 1745 1725 1776 codd.
1747 1744 1811 1776 duo
1835 1741 1970 1790 θρόνον.
1999 1742 2192 1792 Πολυνείκη

1355 1834 1411 1868 25.
1450 1834 1594 1881 θρόνους
1627 1837 1685 1872 καὶ
1711 1840 1869 1885 σκῆπτρα
1900 1838 2048 1886 κραίνειν
2072 1837 2153 1874 448.
2190 1850 2231 1874 oz
2255 1860 2278 1886 4

1329 1976 1465 2024 τρέφων
1484 1972 1533 2012 δυ’
1551 1991 1616 2013 ατα
1638 1979 1910 2018 κάπαναστάσεις
1928 1978 2063 2027 θρόνων
2081 1978 2160 2015 533.
2197 1982 2216 2002 *
2229 1997 2236 2010 ι

1332 2024 1397 2064 ζειν
1423 2023 1554 2072 θρόνων
1579 2024 1716 2060 Tr.363
1737 2024 1830 2071 [secl.
1852 2026 2048 2073 Hartung.].
2093 2029 2282 2071 Compon

1330 2069 1477 2118 θάκημα
1502 2078 1535 2106 et
1558 2071 1687 2120 θρόνοι,
1723 2076 1842 2107 solium
1868 2079 1902 2108 et
1926 2077 2100 2117 imperivm
2123 2079 2285 2118 ’νερὶιιιιηχ

1330 2119 1386 2154 σὸν
1406 2119 1551 2166 θάκημα
1567 2120 1625 2155 καὶ
1641 2120 1722 2159 τοὺς
1748 2120 1827 2163 σοὺς
1845 2119 1990 2168 θρόνους
2009 2121 2146 2170 ἔχουσιν
2163 2123 2219 2157 OG
2236 2120 2280 2168 ,ίζ

1330 2169 1424 2201 Ratio
1439 2172 1553 2200 autem
1569 2170 1795 2201 transferendi
1820 2171 1970 2206 vocabuli
1995 2171 2048 2202 his
2074 2172 2219 2210 maxime
2242 2172 2282 2209 sas

1329 2215 1410 2247 soit:
1442 2213 1511 2249 ἔστι
1534 2214 1597 2262 γὰρ
1621 2215 1681 2249 καὶ
1698 2213 1786 2262 Ζηνὶ
1805 2214 1974 2255 σύνθακος
1999 2215 2132 2264 θρόνων
2157 2214 2250 2258 Al,
2266 2214 2286 2267 s

1331 2260 1441 2308 ἔργοις
1467 2265 1550 2296 πᾶσι
1576 2263 1630 2295 OC
1651 2260 1759 2304 1267;
1789 2273 1874 2304 quae
1900 2274 1975 2296 cum
1992 2266 2089 2297 iuxta
2113 2275 2191 2302 eum
2207 2265 2244 2303 iu

1330 2311 1527 2350 consederit,
1558 2311 1708 2342 adiutrix
1734 2308 1868 2356 ἔργων
1881 2337 1888 2350 ,
1916 2321 2028 2344 rerum
2045 2316 2078 2345 et
2093 2313 2286 2361 factorumu

1328 2358 1502 2397 pensatrix
1523 2358 1675 2398 videtur3
1715 2361 1749 2389 et
1773 2359 1872 2399 paulo
1896 2359 1994 2391 aliter
2015 2359 2142 2392 dictum
2166 2359 2275 2399 τοῖς

1328 2403 1518 2450 πανάρχοις
1544 2401 1703 2438 ἐνθακεῖν
1729 2402 1864 2449 θρόνοις
1888 2406 1942 2438 OC
1961 2402 2061 2439 1293.
2084 2424 2126 2430 —-
2145 2407 2198 2438 De
2214 2415 2265 2439 ιι

1329 2461 1394 2492 que
1425 2453 1560 2484 numeri
1592 2462 1658 2483 usu
1684 2453 1841 2493 exposuit
1866 2453 1992 2493 Reisig.
2022 2457 2091 2486 not.
2120 2455 2192 2486 crit.
2227 2456 2279 2498 εἰ,

1330 2495 1416 2530 365:
1446 2500 1567 2530 erravit
1583 2503 1695 2530 tamen
1712 2500 1748 2530 in
1762 2509 1811 2540 eo,
1840 2503 1880 2531 ut
1895 2501 2060 2541 pluralem
2077 2501 2150 2533 eius
2167 2500 2284 2542 soliti:

1328 2546 1404 2577 dem
1431 2547 1618 2586 significare
1636 2550 1781 2587 putaret,
1803 2547 1900 2578 cuius
1924 2550 2013 2579 esset
2029 2548 2219 2588 imperium.

1327 2593 1399 2634 hoc,
1420 2594 1487 2624 nisi
1503 2597 1620 2634 poetae
1644 2594 1711 2624 vim
1729 2595 1868 2634 feceris,
1897 2595 1982 2626 clare
2000 2594 2275 2627 demonstratur

1327 2640 1379 2672 El.
1401 2637 1480 2672 267.
1511 2640 1612 2679 Synd.
1642 2641 1682 2672 fr.
1708 2637 1786 2682 150,
1810 2638 1847 2681 1,
1883 2651 1968 2682 quae
1993 2642 2148 2683 exempla
2171 2651 2281 2688 1:⁹¹2

1327 2687 1470 2720 videtur.
2268 2708 2285 2719 .„

1397 2754 1424 2790 Θ
1430 2754 1572 2814 ρῦλὲω
1589 2766 1733 2788 sermone
1747 2759 1823 2789 tero.
1843 2755 1924 2803 μηδ’
1941 2756 2160 2806 ἐπιμνησθῇς
2174 2756 2223 2792 ἔτι
2261 2790 2263 2794 ,

1325 2815 1385 2844 ας,
1424 2801 1498 2840 άλις
1523 2802 1587 2848 γάρ
1614 2814 1673 2848 μοι
1693 2801 1901 2849 τεθρύληται
1923 2803 2039 2851 λόγοις
2069 2805 2130 2838 Ph.
2153 2801 2240 2839 1401

1325 2851 1416 2883 Harl.
1436 2848 1678 2897 τεθρύλληται.
1706 2849 1914 2898 τεθρήνηται
1931 2850 1963 2885 λ.
1994 2853 2053 2884 LA
2069 2852 2156 2885 Flor.
2178 2848 2286 2897 FP1145.

1325 2907 1443 2939 marg,
1464 2899 1500 2929 in
1518 2899 1587 2930 illis
1605 2898 1716 2930 addito
1734 2909 1785 2944 γρ.
1807 2897 1910 2944 γόοις.
1944 2899 2093 2940 Utraque
2111 2900 2209 2932 lectio
2234 2911 2278 2926 ο

1325 2947 1427 2986 bona,
1457 2946 1515 2977 sed
1533 2946 1788 2986 exquisitiorem
1814 2955 1887 2978 esse
1903 2943 2111 2992 τεθρύληται
2136 2947 2214 2979 satis
2231 2948 2277 2991 ο]

1326 2993 1394 3024 suit
1417 2993 1532 3024 Herm.
1574 2992 1731 3024 Ceterum
1749 2990 1890 3037 θρυλεῖν
1915 2994 2040 3025 rectius
2058 3003 2157 3034 quam
2174 2990 2237 3039 θρυ
2258 3000 2281 3037 ᾗ.

1325 3040 1425 3071 scribi
1450 3040 1515 3070 iam
1540 3049 1583 3071 ex
1615 3039 1780 3080 positione
1804 3040 1941 3072 inducta
1973 3041 2012 3072 ab
2038 3041 2087 3072 eis
2109 3038 2280 3081 scribis,

1324 3088 1515 3126 ignorarent
1545 3087 1687 3128 primam
1721 3090 1839 3118 natura
1871 3088 2027 3128 produci,
2063 3088 2287 3135 colligitur-'5‘

1325 3134 1488 3174 scriptum
1512 3143 1563 3174 ap.
1586 3133 1681 3165 Phot.
1706 3142 1739 3173 p.
1761 3130 1817 3172 95,
1841 3131 1883 3165 19
1908 3135 1966 3165 ubi
1990 3135 2158 3175 quondam
2182 3134 2227 3166 Po
2248 3130 2286 3165 '3

1323 3182 1543 3222 praeferebat,
1571 3181 1653 3212 item
1671 3180 1726 3211 Gr.
1750 3181 1854 3211 Bekk.
1875 3190 1908 3221 p.
1930 3178 2011 3221 263,
2034 3177 2088 3212 19.
2117 3178 2196 3221 264,

1323 3227 1447 3259 diserte
1479 3228 1642 3268 praecipit
1676 3237 1774 3258 usum
1808 3228 1970 3268 potiorem
2004 3231 2146 3260 testatus
2170 3215 2288 3274 Euan}

1325 3270 1415 3306 1307
1419 3299 1426 3314 ,
1448 3271 1504 3306 40.
2255 3274 2288 3323 sii}

1393 3340 1690 3389 *Θρύπτομαι.
1720 3341 1906 3390 ἐθρύπτετο
1934 3346 1975 3376 fr.
2003 3346 2068 3376 inc.
2101 3345 2138 3376 L.
2167 3340 2199 3375 9.
2231 3315 2288 3431 R}

1323 3388 1682 3434 [Pseudosophocleum
1707 3395 1759 3422 est
1784 3402 1815 3423 v.
1837 3388 2000 3435 βαθμός.]
2024 3402 2053 3422 ν.
2082 3388 2288 3442 θόρνυμιη-’Ϊῤζ

2253 3462 2287 3494 344
