2288 3600
65 131 383 230 [simeona]
1024 155 1150 222 Πρός
2031 157 2126 207 661

64 267 92 312 ᾗχι
136 269 215 306 ’178
230 272 282 304 eh.
312 271 398 319 πρὸς
416 270 454 305 σὲ
520 269 626 309 ἱκέτις
642 270 794 317 ἀφῖγμαι
811 267 892 303 919.
920 266 983 305 ἵετ’
999 267 1083 305 εὐθὺ
1119 272 1183 304 bus
1200 273 1374 304 sententia
1393 273 1510 305 subest
1527 274 1562 305 in
1581 274 1654 305 his:
1686 271 1739 306 σοὶ
1757 268 1786 306 δ’
1803 271 1872 320 ἐγὼ
1889 272 2010 320 φράζω
2026 273 2134 310 κακὸν

59 318 129 354 ‘'Z-w
177 317 222 354 τὰ
242 316 400 366 νυμφικὰ
423 316 463 352 λέ
541 315 642 352 1242.
686 316 824 364 ἄριστος
853 315 966 353 ἐλθὼν
998 317 1083 365 πρὸς
1118 317 1204 364 πρὸς
1221 316 1330 354 ἀλλον
1346 316 1435 353 εἶναι
1453 345 1462 360 ,
1491 318 1577 365 πρὸς
1593 317 1622 354 δ’
1640 315 1691 365 ἔμ’
1711 317 1874 366 ἀψευδεῖν
1892 319 1946 355 ἀεί
1974 321 2029 353 Tr.
2050 318 2131 354 469.

103 407 106 409 7
150 376 229 401 στον
258 363 353 412 ἄνδρ’
378 363 442 411 ἐμέ
461 329 563 399 1433.
607 364 690 411 πρὸς
719 362 864 411 οὐρανὸν
892 363 998 412 βιβῶν
1026 366 1082 399 OC
1118 364 1204 412 πρὸς
1236 363 1339 400 αὐτὸν
1372 360 1471 401 πάντ’
1503 365 1520 401 ἐ
1548 365 1698 413 εύρημαι
1725 366 1832 406 κακός
1865 368 1923 401 OR
1942 365 2043 401 1421.
2081 366 2135 403 δεῖ

57 415 109 463 Si’l
119 410 150 448 1.
185 412 270 461 πρὸς
295 411 395 447 πόλιν
426 408 451 446 δ’
484 410 666 458 ἐπίσταμαι
697 410 795 458 ἥκων
823 409 904 446 733.
939 410 1083 447 ἔπεσθαι
1117 411 1204 459 πρός
1226 424 1265 460 γε
1288 411 1393 459 τήνδε
1418 424 1524 460 φροντ
1538 413 1596 452 δος
1614 414 1667 447 ΕΙ.
1689 411 1769 447 612.
1798 414 1884 461 πρὸς
1910 414 1948 449 δὲ
1964 412 2024 454 τὰς
2042 415 2133 460 πρά-

59 477 108 495 *rw
123 473 153 500 ς
177 459 219 495 τὸ
245 457 432 506 Καδμείων
461 458 564 495 πέδον
581 457 662 494 736.
698 457 816 505 μολὼν
845 458 931 506 πρὸς
958 457 1082 494 τούσδε
1117 458 1184 501 ξεις
1201 458 1360 507 ἀντιδρᾶν
1377 459 1585 506 πειράσομαι
1602 461 1658 494 OG
1668 458 1750 494 958.
1771 463 1813 494 cr.
1843 460 1927 508 πρὸς
1944 461 2007 508 τὴν
2025 459 2092 496 ἀνά
2116 482 2133 487 -

60 508 84 548 ’.ζὲ
111 527 114 537 ι
150 506 210 546 ούς
222 505 304 541 898.
331 508 504 542 κινοῦνται
520 505 622 554 λόχοι
638 505 724 553 πρὸς
738 503 823 540 ἄστυ
841 503 918 553 Θήβ
946 504 1078 545 ς1372.
1115 518 1138 541 κ
1206 501 1279 542 οὐδ’
1306 499 1419 555 Ἀρης
1436 505 1635 543 ἀνθίσταται
1665 509 1803 549 Thyest.
1831 511 1871 542 fr.
1893 507 1963 542 234
1980 512 2012 543 b.
2048 475 2133 556 πρός

59 550 105 599 s’
121 551 226 591 αὐτίκ’
245 553 360 596 ἀξεται
377 552 503 601 βροντὴ
522 547 741 601 πρὸς”Αιδην
757 551 860 588 1461.
888 564 934 600 πρ
956 565 973 592 ς
990 551 1082 600 ἕρμα
1116 518 1242 600 ἄπρας
1269 553 1308 589 οὐ
1334 553 1540 603 μαχουμένα
1567 557 1648 588 Ant.
1670 552 1727 588 62.
1755 554 1943 604 ταχθέντες
1962 555 2030 591 ἴσοι
2046 557 2132 603 πρὸς

95 601 178 649 ιμβό
205 612 314 636 ωστον
333 601 351 636 ἔ
399 613 483 647 ομαι
501 599 719 635 Ant.848m.
748 600 832 683 vrgo<
849 599 928 639 οὓς.
946 627 954 634 .
971 626 979 634 .
994 600 1080 646 μέτ-
1115 599 1211 639 ’ίσους
1239 599 1306 635 142
1321 612 1375 634 an.
1398 620 1439 627 —-
1465 605 1482 641 ΙΙ
1506 604 1666 644 Inprimis
1698 604 1863 636 usitatum
1887 604 1930 636 de
1961 604 2067 637 verbi-s
2098 609 2134 638 et

60 651 88 695 5¹³
123 662 163 689 ος
198 660 327 698 ρχομαι
390 643 414 683 7
428 660 472 683 m.
517 659 562 683 πο
586 646 711 694 εύομαι
726 659 771 694 πρ
795 660 811 686 ς
827 647 908 687 τοὺς
926 646 1080 694 ἐμαυτῆς
1115 659 1261 681 sermone
1275 650 1385 691 aliquo
1396 649 1530 683 directo.
1558 648 1590 684 τί
1606 648 1720 696 λέγειν
1738 650 1823 697 πρὸς
1839 646 1929 697 ἄνδρ’
1952 648 2128 693 ύπόπταν;

65 700 106 727 Ἣ
141 722 148 731 .
177 697 261 744 πρὸς
277 694 399 731 λιθόστ
421 707 509 731 ωπον
533 660 642 742 κῖρης
659 693 1079 742 νυμφεῖον.είσεβαίνομεν
1116 697 1177 728 Ph.
1199 694 1276 729 136.
1307 694 1452 744 δηχθεὶς
1469 695 1554 743 πρὸς
1571 695 1762 742 άξήκουσεν
1780 694 1840 731 ὧδ’
1855 696 2030 744 ἠμείψατο
2047 696 2128 732 378.

59 739 171 781 1204.
207 743 325 782 δύντες
348 756 374 778 π
419 756 436 783 ς
461 742 544 778 αὐτὸ
574 742 714 788 στόμιον
740 740 841 776 1217.
877 741 946 777 ἔσω
970 745 1081 791 χωρεῖ
1116 753 1148 775 ν.
1170 740 1219 781 ὅς.
1245 741 1279 776 τί
1296 754 1340 788 με
1356 741 1446 777 κατὰ
1464 742 1586 778 σκότον
1604 742 1689 778 ποτὲ
1706 742 1877 791 διεμπολᾷ
1899 743 2029 792 λόγοισι
2045 745 2132 804 πρός

176 790 277 827 αὐτόν
304 789 371 825 122
398 817 406 824 .
440 788 536 826 ἵκετο
561 788 748 836 Τιρυνθίαν
774 789 858 836 πρὸς
875 788 994 825 κλιτύν
1019 791 1075 822 Tr.
1116 784 1145 823 σ’
1169 788 1187 824 δ
1211 789 1323 836 ναυβά
1370 802 1405 832 ς;
1435 788 1514 825 579.
1543 789 1655 838 λέγειν
1683 790 1733 830 εἰς
1757 796 1833 839 φῶς
1862 791 1946 839 πρὸς
1973 792 2010 826 σὲ
2038 792 2131 838 καμὲ

66 844 82 886 ,³:ss
116 837 148 873 1.
173 840 329 896 χωροῦσι
353 837 439 885 πρὸς
460 836 498 872 σέ
515 836 596 871 285.
624 836 708 883 πρὸς
735 835 773 871 δὲ
790 835 934 882 δώματα
975 841 1079 885 ωρῶ-
1114 835 1236 872 τούσδε
1252 848 1290 871 τε
1307 835 1354 871 58
1381 864 1389 871 .
1418 833 1519 872 πόλλ’
1544 836 1586 872 ἂν
1604 837 1713 885 λέγειν
1739 837 1856 886 ἔχοιμι
1873 839 1959 898 πρὸς
1981 838 2024 874 τὰ
2040 839 2133 875 τοῦδ’

113 897 131 921 ν
152 884 223 933 ἤδη
249 883 372 925 πάντες
389 883 469 919 332.
498 883 576 932 πρὶν
601 882 703 919 τάνδε
719 883 804 931 πρὸς
828 883 928 919 πόλιν
968 883 1079 919 νύσειε
1116 883 1185 931 ἔπη
1214 882 1316 918 1047.
1349 882 1383 919 τί
1411 883 1499 932 δῆτα
1526 883 1671 931 λέξομεν
1700 886 1786 931 πρὸς
1818 885 1897 920 τόνδ
1936 885 2037 929 ἔποςς
2072 889 2131 921 OR

63 927 136 979 207
151 935 204 967 eh.
233 931 342 992 ρίπτει
367 932 451 980 πρὸς
474 930 711 979 ἀμφίκλυστον
736 931 777 966 ἐκ
801 930 927 966 πόντου
954 931 1079 979 πέτραν
1118 929 1219 965 1419.
1248 936 1316 966 τῶν
1340 931 1425 980 πρός
1451 942 1487 966 σε
1513 935 1572 967 νῦν
1597 931 1791 979 εἰρημένων
1808 934 1863 967 00
1881 931 1962 967 257.
1990 933 2075 981 πρὸς
2093 933 2131 969 δὲ

62 978 148 1030 >³2⁴¹
181 992 268 1027 προς
292 983 358 1028 γῆν
433 974 483 1014 va*
513 977 704 1024 ἐκέλσαμεν
730 977 830 1025 μόλις
851 977 933 1013 804.
969 981 1080 1028 χωρεῖ
1114 978 1195 1018 τοὺς
1247 977 1341 1018 ίλους
1364 973 1409 1014 οἷ’
1430 978 1627 1026 ἀνταμείβει
1657 979 1797 1028 ῥήματα
1820 978 1901 1014 813.
1948 982 2130 1022 Reisigium

74 1068 77 1069 7
102 1040 151 1067 «ε
165 1027 262 1074 ἡμᾶς
279 1025 422 1075 γραῖα8
446 1025 480 1061 0.
505 1025 592 1073 πρός
615 1038 652 1060 τε
669 1025 819 1072 ποίμνας
838 1024 995 1072 ἐκτρέπω
1020 1028 1075 1059 Αἰ.
1116 1026 1200 1074 πρὸς
1246 1025 1264 1061 ὲ
1289 1027 1541 1060 adverbiascere
1567 1032 1602 1060 et
1627 1030 1762 1069 insuper
1787 1029 1976 1068 significare
2006 1034 2127 1070 ratum,

59 1081 124 1120 [ἢν.
159 1076 201 1109 ef.
229 1073 325 1122 ὕβριν
350 1073 435 1122 πρὸς
489 1072 559 1120 ἦλα
583 1072 644 1108 καὶ
665 1072 725 1108 ποί
753 1085 814 1112 νας
837 1077 954 1109 πεσεῖν
974 1071 1075 1107 1061.
1116 1075 1205 1116 quod
1223 1072 1490 1119 ἀνταμείβεσθαι
1506 1074 1590 1120 πρός
1609 1085 1674 1108 non
1693 1076 1837 1116 dicatur,
1867 1077 1993 1109 refutat
2009 1078 2125 1109 Herm.

72 1144 93 1159 ,ν
107 1120 179 1162 θεὶς
196 1122 281 1169 πρὸς
296 1121 398 1157 κίονα
417 1120 460 1156 10
487 1147 494 1154 .
525 1120 585 1156 ἰὼν
611 1120 697 1167 πρὸς
735 1132 828 1167 ρυμα
844 1118 976 1166 Τρώων
993 1119 1075 1154 467.
1117 1123 1182 1155 Sed
1198 1119 1464 1166 ἀνταμείβεσθαι
1489 1132 1566 1155 cum
1584 1123 1777 1164 respondere
1793 1124 1982 1163 significet,
2011 1125 2129 1166 quidni

117 1164 215 1205 σῶντ’
239 1168 313 1205 ἅνω
338 1168 422 1216 πρὸς
447 1167 542 1217 ῥῖνας
559 1166 650 1214 αἷμα
666 1166 746 1202 918.
787 1170 916 1202 Wakef.
937 1170 1080 1202 coniecit
1115 1169 1302 1202 secundum
1329 1178 1467 1202 sensum
1485 1170 1550 1202 diei
1577 1174 1616 1202 ut
1634 1168 1799 1215 ἀποκρίνο
1829 1181 1863 1204 αι
1888 1172 2021 1212 potnit?
2062 1173 2131 1203 lm-

83 1216 170 1260 νός,
207 1227 246 1251 ea:
267 1217 419 1259 naribus,
447 1227 513 1259 quo
530 1226 598 1249 non
616 1226 710 1259 opus.
747 1218 859 1263 χωρεῖ
883 1217 967 1262 πρὸς
983 1214 1079 1263 ἧπαρ
1116 1220 1246 1249 mutato
1271 1217 1342 1249 loeo
1365 1217 1468 1249 Dind.
1490 1217 1585 1250 dedit
1616 1215 1695 1264 οὺγί
1719 1213 1745 1250 σ’
1761 1245 1768 1258 ,
1818 1229 1834 1255 ς
1850 1218 1974 1264 γνώσει
2007 1217 2045 1265 φί
2070 1230 2130 1256 ους

71 1264 92 1297 2'1.
145 1263 203 1300 αία
219 1263 286 1311 δύη
311 1261 393 1297 938.
420 1263 516 1310 ἧπαρ
542 1274 610 1296 non
627 1265 761 1307 proprie
779 1264 915 1305 quidem
932 1265 1076 1304 dictum,
1115 1275 1149 1297 κ.
1168 1275 1198 1297 τ.
1219 1261 1269 1305 λ.]
1298 1262 1382 1308 πρὸς
1399 1261 1502 1302 κενὰς
1561 1264 1590 1298 ώ
1619 1276 1659 1302 ας
1672 1255 1786 1311 λέγειν
1804 1266 1886 1298 Ant.
1906 1263 1986 1297 753.
2016 1263 2132 1299 πολλὰ

85 1327 118 1341 ι
151 1315 187 1346 et
202 1313 330 1345 mentio
352 1313 426 1345 eius
448 1313 615 1344 viscerum
641 1313 744 1354 partis
769 1312 856 1344 facta
880 1314 916 1343 et
939 1312 1077 1344 verbum
1115 1309 1202 1356 πρὸς
1234 1307 1387 1348 πολλούς
1421 1322 1465 1356 με
1498 1310 1516 1344 δ
1575 1309 1591 1345 ἐ
1611 1314 1713 1350 εἴπας
1746 1313 1800 1345 ΕΙ.
1821 1309 1903 1345 520.
1930 1305 1955 1358 ᾗ
1978 1323 2015 1358 γε
2039 1311 2130 1359 μηδὲ

87 1360 194 1406 ’ρεῖν
217 1361 344 1400 efficit,
372 1363 412 1392 ut
427 1359 581 1401 propriae
605 1359 745 1391 dictioni
770 1359 912 1391 formula
935 1362 1007 1391 tota
1023 1368 1078 1390 ac·
1115 1369 1140 1391 π
1163 1355 1201 1396 ὃς
1225 1355 1327 1396 θεοὺς
1345 1352 1447 1398 ἔξεστ’
1471 1356 1655 1404 ἀκλαύστῳ
1679 1357 1776 1405 τῆσδ’
1800 1358 1992 1405 ἀποστῆναι
2009 1359 2131 1406 στέγης

95 1420 119 1435 ν·-
136 1411 254 1448 eatur,
281 1407 383 1449 plane
400 1410 440 1439 ut
463 1417 488 1439 π
512 1405 548 1444 ὸς
573 1403 631 1440 οἷα
656 1404 813 1443 δουλείας
831 1403 870 1445 ζυ
894 1403 917 1439 ἂ
939 1406 1080 1453 χωροῦ-
1116 1369 1196 1438 911.
1216 1405 1544 1447 addeosprecandos
1557 1406 1770 1440 accidentem.
1799 1406 1884 1451 πρὸς
1902 1405 2021 1445 πιστὰς
2040 1405 2131 1454 ἐρεῖς

76 1457 107 1498 J-
153 1451 235 1488 944.
263 1456 331 1488 πᾶν
354 1451 485 1488 ἀναπτύ
507 1465 542 1487 αι
565 1452 650 1500 πρὸς
676 1457 751 1500 φῶς
775 1454 827 1485 ΕΙ.
849 1418 928 1486 640.
949 1454 992 1486 es.
1020 1450 1078 1486 τὸν
1117 1449 1218 1486 1204.
1247 1450 1398 1487 ἐννέπειν
1424 1452 1509 1498 πρὸς
1533 1451 1640 1500 ἄνδρα
1661 1452 1759 1488 τόνδε
1780 1451 1880 1487 1440.
1911 1452 1996 1499 πρός
2015 1465 2051 1487 σε
2070 1453 2131 1501 δη-

91 1507 111 1535 ῑ.
156 1499 256 1549 τάφῳ
281 1499 481 1548 κρυφθέντα
513 1499 598 1547 πρὸς
624 1499 664 1535 τὸ
693 1503 768 1546 φῶς
798 1498 822 1535 ἅ
844 1511 892 1534 ειν
920 1501 1010 1541 Scyr.
1030 1501 1074 1532 fr.
1114 1497 1225 1534 λῶσαι
1253 1498 1294 1534 τὸ
1319 1502 1387 1534 πᾶν
1413 1501 1469 1532 Tr.
1491 1498 1571 1534 369.
1609 1499 1693 1547 πρός
1725 1499 1786 1535 τίν’
1810 1499 1962 1535 ἐννέπειν
1991 1499 2127 1541 δοκεῖς;

78 1545 104 1592 ,Ἰ
138 1574 147 1591 ,
166 1547 200 1582 5.
230 1546 444 1594 φορούμενος
469 1546 553 1596 πρὸς
570 1545 675 1586 οὖδας
704 1548 756 1580 ΕΙ.
777 1512 858 1581 752.
886 1546 918 1581 εί
942 1558 979 1580 σε
998 1545 1078 1584 θεὸς
1114 1544 1195 1580 402.
1223 1546 1308 1592 πρὸς
1334 1546 1400 1593 τὴν
1421 1550 1614 1593 κρατοῦσαν
1639 1544 1830 1596 Δῃάνειραν
1855 1545 1935 1589 405,
1965 1550 2052 1590 quod
2078 1559 2130 1582 re-

79 1595 223 1643 37όρισεν
241 1594 392 1641 ἁμέτερα
407 1594 492 1642 πρὸς
538 1593 670 1641 έλαθρα
686 1592 776 1628 1268
793 1606 838 1628 m.
870 1591 1007 1641 Ἐρμῆς
1024 1591 1078 1640 σφ’
1114 1604 1276 1636 sponsum
1301 1598 1354 1626 est
1386 1595 1428 1627 ad
1454 1606 1485 1627 v.
1514 1593 1594 1629 402.
1631 1598 1794 1638 prolatam
1818 1597 2125 1636 interrogationem.

74 1665 98 1686 7,.
118 1654 142 1678 ι
157 1642 241 1689 πρὸς
259 1641 341 1677 αὐτὸ
356 1641 467 1689 τέρμα
488 1640 502 1674 1
531 1639 588 1677 97.
618 1641 724 1680 δεινὸς
741 1640 806 1689 γὰρ
833 1640 945 1688 ἕρπειν
970 1640 1078 1675 πλοῦ·
1114 1653 1139 1675 π
1161 1640 1198 1679 ὸς
1222 1635 1251 1674 δ’
1269 1638 1323 1686 ἔμ’
1339 1639 1502 1687 ἀψευδεῖν
1519 1641 1572 1677 ἀεί
1598 1640 1678 1675 469.
1707 1642 1783 1677 εἷπε
1809 1641 1891 1688 πρός
1911 1654 1951 1687 με
1971 1641 2051 1688 βαιά
2071 1645 2125 1676 Αἰ.

97 1715 99 1717 ψ
148 1689 184 1729 ἔς
207 1702 244 1724 τε
260 1688 393 1736 τᾶβατα
408 1689 467 1724 καὶ
483 1688 568 1734 πρὸς
586 1687 719 1736 βέβηλα
736 1691 776 1722 fr.
798 1691 917 1723 Alead.
940 1686 1020 1730 109,
1040 1687 1073 1722 7.
1112 1687 1135 1721 2
1160 1686 1195 1722 2.
1223 1685 1314 1726 ὅστις
1339 1687 1424 1734 πρὸς
1453 1687 1549 1735 ἡμᾶς
1577 1688 1652 1724 ἀντὶ
1680 1692 1740 1724 σοῦ
1769 1688 1864 1729 λέξαι
1886 1688 1930 1723 τὰ
1954 1688 1998 1724 σά
2026 1688 2126 1723 1261.

92 1747 148 1772 -uo
170 1739 241 1771 loeo
258 1749 312 1780 ap.
333 1738 424 1770 Plut.
445 1737 561 1770 Moral.
582 1747 616 1780 p.
636 1735 694 1770 21.
723 1734 808 1783 πρός
831 1748 868 1770 τε
884 1735 961 1782 τᾶβ.
991 1737 1077 1769 scri·
1115 1734 1212 1783 ῥῆσις
1239 1734 1387 1784 βραχεῖα
1411 1735 1496 1783 πρὸς
1518 1735 1599 1776 τοὺς
1623 1736 1784 1775 τεκόντας
1807 1736 1866 1771 καὶ
1897 1735 2129 1783 φυτεύσαντας

72 1790 75 1792 ’
102 1798 120 1814 Ἰι
139 1801 154 1814 ιι
188 1790 251 1819 est.
282 1797 313 1817 v.
335 1795 361 1817 s.
382 1782 541 1830 ἄβατος]
574 1781 750 1830 ὠθούμεθ’
785 1782 851 1825 ἔξω
869 1810 876 1816 .
894 1810 922 1817 ..
944 1782 981 1817 αί
1015 1782 1076 1829 μὲν
1114 1781 1237 1828 πρέπει
1268 1785 1377 1816 Aeris.
1406 1786 1450 1817 fr.
1468 1781 1525 1817 62.
1570 1782 1622 1819 ὅτι
1653 1784 1724 1832 χρὴ
1759 1784 1844 1832 πρὸς
1876 1786 1985 1819 ταῦτα
2018 1782 2130 1832 λέγειν

69 1856 86 1870 0
129 1843 180 1870 υς
198 1830 282 1880 πρὸς
299 1829 424 1878 ἄνδρας
450 1833 528 1864 Ter.
548 1829 634 1873 517,
655 1829 689 1865 9.
717 1831 802 1877 πρὸς
827 1829 914 1878 ναρὰ
927 1830 971 1877 δὴ
987 1842 1080 1877 κρη-
1113 1831 1231 1864 Alead.
1255 1828 1340 1872 105,
1364 1829 1394 1864 1.
1431 1832 1522 1864 Hine
1543 1833 1668 1865 locutio
1698 1837 1751 1865 est
1782 1830 1868 1878 αὐτὴ
1902 1830 1987 1878 πρὸς
2020 1829 2130 1878 αὑτήν

169 1882 354 1928 χωροῦμεν
379 1877 469 1913 ποτά
493 1879 596 1912 Troil.
616 1876 696 1912 560.
725 1877 835 1925 *πρὸς
851 1877 1004 1925 ’λέκτρον
1022 1870 1078 1925 ᾔει
1114 1880 1186 1919 ipsa
1202 1878 1293 1919 apud
1308 1888 1372 1912 me.
1406 1877 1624 1914 κάπικωκύω
1648 1878 1775 1926 πατρὸς
1806 1879 1870 1924 τὴν
1905 1877 2130 1914 δυστάλαιναν

125 1952 134 1961 .
156 1929 194 1960 L.
209 1925 233 1960 8
249 1937 302 1969 ap.
320 1927 418 1960 Brck.
433 1925 677 1972 [Pseudosoph.
698 1928 740 1959 cs.
762 1937 790 1960 s.
811 1924 978 1972 βαθμός]
995 1925 1078 1972 πρὸς
1115 1919 1202 1959 δαῖτ’
1227 1923 1524 1972 ἐπωνομασμένην
1541 1926 1629 1972 αὐτ-ἡ
1647 1926 1734 1973 πρὸς
1751 1924 1794 1961 αὑ
1823 1925 1858 1960 ’ν
1877 1927 1931 1959 ΕΙ.
1952 1923 2035 1960 285.
2057 1945 2099 1951 -
2117 1925 2131 1972 Η

85 1971 186 2010 ὀἷον
201 1972 294 2020 ἥξεις
313 1972 460 2019 δαίμονα
475 1971 556 2014 709,
579 1971 610 2006 1.
649 1972 740 2012 ὅστις
758 1971 795 2007 δὲ
813 1972 897 2019 πρὸς
912 1971 1077 2019 τύραννον
1114 1973 1305 2015 Aliquando
1331 1974 1378 2006 sie
1402 1975 1587 2015 exponitur
1602 1977 1687 2007 ratio
1711 1938 1894 2007 mavum
1912 1974 2124 2007 intercedens.

79 2022 296 2102 ³³2⁹&ssss
322 2019 574 2110 ἓὲζξωῗωέἕ
608 2017 1076 2110 ἷΡ”6ἕί““-’“ώ’ἒ”ιῖἑ.ι.ἓέη3ἷῗὸ
1113 2014 1555 2112 5325222353233332'5?
1559 2019 2088 2113 3353533213335335153
2094 2019 2125 2056 ¹·

118 2117 211 2158 ius,
233 2117 331 2156 Diog.
346 2117 475 2156 Laert,
495 2117 652 2156 Zonaras,
673 2114 868 2160 Macarius]
895 2113 996 2149 αὐτὸν
1017 2112 1077 2161 ’γε
1112 2125 1184 2156 κεν,
1205 2111 1284 2148 οὔτε
1300 2114 1384 2161 πρὸς
1401 2113 1500 2149 πόλιν
1518 2114 1618 2150 πόλει
1635 2116 1690 2148 OC
1708 2080 1913 2149 fflgpafluieg
1925 2117 2004 2147 usui
2020 2081 2128 2148 cong-

84 2156 102 2199 ἷ-
118 2181 125 2192 .
167 2161 280 2210 μύλην
298 2160 377 2196 730.
408 2164 470 2196 His
489 2163 573 2196 adde
599 2161 723 2197 στάντα
751 2161 837 2208 πρὸς
863 2173 887 2195 π
910 2126 1076 2209 drmit-'ko’
1113 2172 1199 2203 guus
1213 2162 1271 2194 ille
1284 2167 1348 2203 est,
1362 2173 1439 2195 cum
1453 2161 1709 2208 φοβεῖσθαι,
1727 2158 2000 2207 θυμοῦσθαι,
2018 2160 2129 2196 θαυ-

80 2201 106 2261 Ἰ
124 2213 281 2244 orientem
297 2220 489 2243 conversum
505 2210 561 2243 OG
579 2207 660 2243 477.
681 2216 716 2242 et
732 2211 775 2243 ef.
796 2211 858 2242 Ph.
880 2173 938 2242 53.
959 2214 1076 2257 χῶρον
1149 2207 1270 2248 άζειν
1304 2219 1357 2254 πρ
1372 2208 1417 2248 ός
1441 2221 1481 2243 τι
1514 2211 1685 2243 dicuntur.
1724 2209 1774 2256 μὴ
1799 2208 1956 2255 θαύμαζε
1981 2208 2067 2267 πρὸς
2090 2209 2130 2244 τὸ

167 2255 281 2292 αὐτόν.
775 2256 824 2302 (11
842 2268 876 2299 p.
897 2254 977 2298 651,
1002 2255 1079 2302 15.)
1113 2221 1197 2290 λίπα
1221 2255 1255 2294 ές
1278 2257 1334 2290 OC
1363 2254 1464 2291 1119.
1500 2256 1585 2303 πρὸς
1610 2256 1710 2291 οὐδὲν
1736 2256 1786 2295 εἰς
1811 2255 1881 2302 ἔριν
1908 2255 2129 2302 θυμουμενος

92 2328 103 2340 .»;
134 2302 169 2338 2.
197 2305 350 2338 Proxima
366 2305 497 2337 tralatio
510 2306 551 2337 ab
565 2306 625 2337 hae
638 2306 883 2346 significatione
897 2309 950 2337 est
965 2305 980 2347 11
997 2314 1077 2336 ocu-
1114 2305 1170 2336 Ai.
1214 2301 1294 2337 018.
1332 2302 1362 2337 εί
1387 2302 1489 2351 φοβεῖ
1511 2303 1596 2350 πρὸς
1620 2307 1722 2339 τοῦτο
1753 2306 1808 2337 Tr.
1832 2302 1934 2337 1211.
1978 2305 2129 2337 Ductum

189 2354 411 2384 coniectorum
427 2355 481 2392 et,
510 2353 599 2394 quod
615 2353 743 2384 eisdem
769 2352 950 2393 aliquando
967 2353 1078 2385 verbis
1115 2351 1251 2383 videtur
1275 2353 1316 2383 ab
1340 2352 1415 2393 his,
1461 2353 1519 2393 qui
1545 2353 1743 2384 accedentes
1768 2352 1810 2384 ad
1834 2352 1962 2393 aliquid
1988 2355 2129 2393 repente

86 2398 124 2441 st,
158 2401 264 2432 animi
296 2401 446 2431 conversi
478 2400 661 2431 indicandi.
699 2397 792 2445 φιλεῖ
845 2397 887 2444 ἀρ
919 2398 1003 2445 πρὸς
1035 2396 1080 2432 τὰ
1114 2399 1251 2430 horrent
1268 2399 1478 2440 adspectum,
1507 2400 1683 2440 mirantur,
1712 2401 1917 2431 irascuntur.
1955 2400 2128 2431 Diversis-

83 2449 87 2481 ἶ
104 2463 107 2467 ’
139 2444 201 2480 ord.
217 2448 283 2484 πᾶς
302 2444 320 2480 ὁ
344 2447 384 2479 ἄν
402 2447 456 2478 ΕΙ.
480 2443 560 2479 972.
589 2446 681 2480 ὀκνῶ
705 2458 758 2480 τοι
773 2457 859 2492 προς
877 2440 905 2479 σ’
922 2444 1079 2480 ἀποσκο-
1115 2447 1200 2478 sima
1216 2447 1251 2477 in
1269 2446 1329 2478 hoe
1346 2456 1470 2486 genere
1496 2447 1674 2479 iudicando
1691 2448 1872 2487 permiscet
1888 2450 1923 2478 et
1940 2446 2066 2486 Musgr.
2089 2447 2128 2478 ad

83 2494 177 2530 »ὕεια
193 2494 251 2527 OR
268 2491 313 2526 74
339 2515 347 2525 .
372 2490 509 2538 βλέπειν
537 2493 600 2539 μὲν
628 2491 752 2530 αὐτοὺς
777 2493 862 2540 πρὸς
878 2493 935 2527 τὸν
953 2491 1078 2538 εὐσεβῆ
1115 2493 1171 2525 Tr.
1187 2490 1288 2525 1211.
1310 2498 1345 2525 et
1361 2494 1521 2526 Matthiae
1536 2494 1593 2526 Gr.
1606 2494 1662 2527 Gr.
1679 2491 1833 2538 §591.0.
1855 2491 1887 2538 β.
1899 2512 1945 2516 -
1962 2493 1976 2534 ΙΙ
1994 2493 2129 2526 Postre-

91 2557 124 2588 J'
156 2544 211 2582 ”ν,
232 2538 368 2586 βλέπειν
387 2538 424 2574 δὲ
440 2539 526 2586 πρὸς
542 2539 622 2578 τοὺς
641 2538 816 2585 δυσσεβεῖς
834 2541 890 2574 OC
899 2537 980 2573 279.
993 2537 1074 2573 280.
1114 2550 1168 2572 mo
1185 2541 1255 2573 loco
1273 2541 1465 2572 memoratis
1483 2542 1593 2573 simile
1612 2545 1665 2573 est
1682 2539 1766 2586 πρὸς
1783 2542 1890 2574 ταῦτα
1914 2551 1941 2572 s.
1962 2538 2046 2586 πρὸς
2064 2538 2128 2573 τά-

80 2587 133 2631 ,ξω
172 2585 205 2621 ῖτ
229 2599 263 2621 ια
287 2586 404 2634 βλέπω
430 2588 524 2619 Erid.
547 2589 588 2620 fr.
612 2585 691 2627 199.
721 2599 753 2620 v,
778 2588 898 2620 Markl.
927 2589 967 2620 ad
993 2589 1074 2620 Eur.
1116 2586 1172 2628 δε,
1200 2597 1267 2629 quo
1292 2588 1396 2620 altero
1423 2587 1603 2629 Sophocles
1630 2592 1742 2620 tamen
1759 2598 1842 2620 usus
1860 2597 1927 2620 non
1944 2592 2008 2627 est,
2037 2588 2127 2629 quod

91 2631 185 2681 [Jppl.
231 2632 287 2667 79.
309 2652 351 2659 -
370 2634 384 2678 ΙΙ
402 2635 537 2667 Deinde
555 2635 596 2668 de
614 2637 743 2668 actione
761 2636 816 2668 vel
841 2638 948 2667 mente
964 2637 1078 2676 aliquo
1112 2638 1286 2675 propterea
1302 2645 1329 2667 s.
1352 2645 1416 2676 qua
1433 2635 1472 2666 de
1488 2645 1522 2667 re
1539 2637 1804 2677 interpretantur
1822 2636 1935 2666 Valck.
1947 2635 1988 2666 ad
1998 2635 2124 2666 Phoen.

14 2685 15 2688 ’
140 2684 232 2714 tante
255 2685 286 2714 et
312 2682 437 2714 directa
461 2683 621 2723 ponitur,
650 2686 688 2714 ut
714 2683 767 2714 vel
791 2683 903 2724 facere
927 2681 1075 2724 ayyredt',
1115 2678 1196 2714 524.
1225 2682 1341 2713 Herm.
1369 2683 1409 2714 ad
1428 2683 1504 2722 Vig.
1534 2693 1568 2724 p.
1588 2680 1668 2715 863.
1698 2683 1816 2714 Matth.
1836 2683 1859 2713 l.
1881 2693 1906 2714 c.
1939 2682 2008 2713 Nee
2026 2682 2124 2722 male,

14 2740 18 2757 ι
134 2728 259 2761 adoriri
275 2729 402 2771 aliquid
427 2729 536 2761 hostili
561 2731 696 2770 impetu,
725 2730 827 2761 etiam
852 2730 893 2761 de
910 2731 998 2761 malo
1024 2731 1077 2761 in·
1114 2729 1212 2760 modo
1242 2739 1286 2761 ne
1315 2729 1357 2761 de
1386 2731 1465 2761 vera
1493 2730 1572 2761 facti
1598 2739 1699 2761 causa
1729 2731 1864 2770 cogites.
1912 2728 2128 2768 significatur

97 2774 102 2777 ⁸
127 2786 146 2802 ’ω
170 2786 200 2808 e
215 2776 356 2809 dicatur.
394 2777 449 2810 Sic
466 2786 566 2818 saepe
585 2777 706 2808 Latine
730 2777 882 2809 redditur
906 2776 1074 2808 adversus.
1115 2777 1219 2816 enim,
1240 2776 1325 2817 quod
1344 2778 1385 2808 ab
1399 2776 1574 2808 accedendi
1591 2778 1700 2818 aliquo
1718 2778 1853 2809 notione
1870 2776 2041 2807 deflexum
2059 2779 2122 2816 est,

16 2815 22 2870 ἱ
84 2820 102 2867 j?
133 2817 205 2858 ποτ’
224 2820 383 2867 εἰσίδοιμί
399 2834 436 2856 σε
453 2822 538 2868 πρὸς
554 2821 682 2869 τούμὸν
700 2820 791 2857 οὕτω
806 2822 943 2869 σπέρμα
954 2822 1079 2869 χωρή-
1114 2833 1168 2855 res
1186 2823 1290 2863 duas,
1319 2824 1459 2855 alteram
1484 2828 1633 2866 tempore
1658 2825 1813 2864 priorem,
1843 2827 1960 2854 mutuo
1986 2823 2126 2863 quodam

16 2874 31 2914 ᾗ
129 2868 172 2904 τά
187 2881 245 2904 ποι
262 2871 317 2902 Tr.
332 2868 412 2903 304.
434 2871 656 2903 incessentem.
685 2869 770 2916 πρὸς
789 2869 878 2916 ἐμὴν
896 2868 961 2904 αἰεὶ
976 2873 1079 2917 χεῖρα
1116 2870 1378 2903 necessitudinis
1397 2871 1530 2903 vinculo
1553 2872 1721 2911 eolligari3
1751 2880 1854 2912 quare
1884 2869 2042 2910 proinde,
2082 2871 2127 2901 sic

88 2919 258 2996 xmpiffiv
276 2915 427 2974 Ph3148
444 2927 498 2949 an.
528 2921 558 2950 te
574 2920 691 2974 rna-nui
708 2919 730 2950 i.
747 2928 783 2999 ξ.
803 2918 917 2998 dite-gui
933 2927 1003 2998 πιΞο
1021 2928 1079 2975 ρο·
1115 2919 1219 2974 iyifur
1242 2917 1341 2975 ionge
1365 2918 1494 2998 aptiora
1519 2923 1616 2997 sums&
1632 2917 1872 2997 ’πρὸςοῖαῖὶτρὲ
1888 2915 1946 2950 καὶ
1965 2912 2128 2973 ἱΚρέοντα

88 3007 107 3041 <2
139 2962 745 3057 '221“ss'oe‘fflfflffsspifssffffl
754 2976 876 3058 {affl
887 2962 1080 3058 ’.ἐτ’ὲιχῖῖβτὲ
1114 2975 1174 3045 223
1191 2964 1736 3057 ᾗορέΐῖζασᾷεἰζόῗίἰῗηοὸχὲὲἒ.
1765 2967 1850 3055 ,ἔρὸζ
1866 2973 2129 3055 τ’..ζξέςπζὲἕέιῖ

91 3076 111 3107 ‚1'
161 3056 297 3116 ἐχθρῶν
315 3057 424 3099 κακά;
460 3060 541 3091 Ant.
566 3056 621 3093 10.
656 3056 725 3104 ὅτῳ
750 3057 876 3105 φρένας
900 3055 1080 3117 θεὸςνᾶγει
1116 3055 1190 3113 οἷον
1216 3056 1256 3093 ἂν
1281 3056 1387 3106 θέλῃς
1416 3059 1471 3092 OC
1490 3056 1569 3099 956,
1591 3060 1678 3100 quod
1696 3059 1890 3114 exemplum
1908 3059 2046 3112 propips
2070 3067 2127 3089 ce-

150 3103 517 3195 13‘312‘32‘23'11'1311‘21
532 3104 853 3195 itfffflaeffiffi
872 3117 1079 3186 ’30ἷοὶἓῖῧῖ
1116 3102 2126 3198 ἷῗιῗῗτῖ,ΡᾸῗέἘΞ.2ἰῖζῇῗῆἷὟὲῡὲῗθῗρὸςπὲἓὲἓῗόἔυσῗὲἓς

37 3239 40 3242 ‚
165 3200 237 3232 ndi
262 3201 595 3241 adsignilicationem.
632 3199 716 3246 πρὸς
744 3199 808 3246 γὰρ
833 3200 892 3234 τὸν
917 3195 1034 3248 ἔχονθ’
1060 3198 1078 3234 ὁ
1116 3198 1152 3233 ἐν
1168 3202 1283 3238 κενοῖς
1301 3198 1465 3246 ὺβριζέτω
1483 3201 1539 3232 Ai.
1557 3197 1636 3233 971.
1665 3198 1750 3244 πρὸς
1765 3200 1873 3232 ταῦτα
1891 3196 2000 3243 μηδὲν
2019 3196 2126 3231 δεινὸν

21 3244 34 3285 ,’Δ
160 3260 198 3288 ος
234 3245 329 3286 ἔπει
354 3244 434 3280 157-
446 3257 501 3280 an.
539 3246 624 3292 πρὸς
658 3246 697 3281 τὸ
729 3246 905 3294 κέρδιστον
937 3245 1079 3294 τραπεὶς
1117 3244 1238 3295 ἐξάρῃς
1265 3245 1368 3292 μένος
1395 3245 1498 3288 1066,
1530 3248 1618 3289 quod
1635 3248 1751 3279 dubito
1777 3250 1891 3278 tamen
1909 3255 1997 3277 anne
2013 3246 2126 3286 potius

22 3287 31 3313 ’Δ
225 3258 306 3331 743,
343 3292 471 3341 ἐγθρὸς
495 3291 572 3328 οὔτε
598 3292 718 3340 φύεται
744 3293 827 3340 πρὸς
843 3294 1008 3342 χρήματα
1035 3296 1076 3326 fr.
1115 3295 1155 3326 ad
1189 3295 1369 3326 secundam
1403 3295 1656 3327 transferendae
1682 3294 1938 3336 praepositionis
1963 3293 2125 3324 rationem

113 3358 186 3376 7.-.·
209 3341 286 3384 109,
305 3344 337 3378 5.
367 3335 456 3380 ὅστις
474 3339 512 3375 δὲ
527 3341 642 3386 τόλμῃ
660 3340 744 3386 πρὸς
761 3341 799 3376 τὸ
817 3341 924 3376 δεινὸν
943 3340 1080 3389 ἔρχεται
1114 3342 1330 3374 referendum
1356 3343 1410 3374 sit.
1447 3340 1531 3387 πρὸς
1553 3343 1661 3375 ταῦτα
1691 3339 1828 3378 πλείους
1861 3338 1948 3385 δῆτα
1971 3338 2127 3384 κήρυκας

112 3398 186 3424 us.
206 3387 288 3434 322,
310 3390 341 3424 1.
377 3391 429 3422 De
446 3389 636 3430 defensione
653 3389 776 3422 dieitur
793 3387 893 3423 οὐδὲν
912 3387 1078 3434 σθένομεν
1114 3386 1231 3433 λαβὼν
1254 3386 1314 3422 καὶ
1337 3387 1395 3422 τὸν
1420 3387 1607 3435 στρατηγὸν
1633 3386 1699 3433 ἧκε
1719 3385 1819 3419 1115.
1848 3386 1931 3432 πρὸς
1947 3381 2041 3421 ταῦθ’
2063 3384 2126 3430 ὅρα

24 3434 27 3449 ¹
99 3432 156 3478 ’ς
175 3435 264 3472 ταῦτ’
301 3434 539 3477 ἀπαλέξασθαι
565 3436 622 3469 Αἰ.
645 3433 712 3468 165
729 3446 784 3469 an.
814 3435 942 3469 Similis
957 3437 1078 3478 priori-
1115 3433 1165 3480 μὴ
1182 3433 1418 3480 τούμόν,ἀλλοἰ
1433 3434 1493 3469 καὶ
1508 3435 1548 3469 τὸ
1566 3434 1623 3469 σόν
1641 3432 1740 3467 1313.
1770 3433 1854 3480 πρὸς
1871 3436 1977 3468 ταῦτα
1995 3431 2126 3480 φράζου

25 3495 28 3572 1
