2288 3600
18 187 46 197 .
68 134 301 185 „sas-3484

26 242 66 285 '⁷5
87 248 144 280 Tr.
166 244 245 280 331.
266 246 345 281 738.
368 246 403 282 ἔν
421 258 459 294 γε
471 250 547 285 ταῖς
564 244 696 292 Θήβαις
713 247 772 279 OR
792 243 891 278 1367.
913 244 955 279 ἔκ
970 236 1007 288 γ’

27 295 79 331 ,ὓ
95 291 152 328 00
169 291 226 327 51.
254 296 336 328 Ant.
358 292 440 328 207.
469 296 525 328 Tr.
546 291 626 326 461.
657 292 692 328 ἔν
709 291 738 340 γ’
755 292 833 338 ἐμοί
860 293 916 325 OC
932 291 998 326 153

30 339 150 388 ’,ιιπρός
169 351 208 388 γε
230 340 351 388 πρᾶξιν
369 343 424 374 Tr.
445 338 527 375 879.
563 339 648 386 πρός
664 352 703 387 γε
718 338 822 386 τήνδε
839 341 893 373 ΕΙ.
914 338 994 373 612.

23 388 98 422 stau
121 398 243 422 nomen
275 390 329 422 vel
359 399 541 430 pronomen
574 389 736 430 particula
764 391 910 428 spectat,
940 388 997 420 sed

18 424 30 448 ⁴⁴
51 437 186 469 ’ωἰεειο
205 438 442 478 praepositioni
455 437 584 475 eadem,
606 436 662 468 sed
673 438 835 477 perpetua
852 436 936 474 lege,
957 435 998 467 de

20 516 23 523 ..
52 483 104 521 ‚iu
120 484 264 516 articulo*
282 484 445 524 vidimus,
466 484 682 516 adhaerescit.
698 500 800 514 -.-
812 483 824 513 ‘l
842 483 998 524 Denique

36 545 48 559 τ
85 532 418 563 coniunctiones
449 531 483 562 vi
519 531 659 572 quadam
693 531 914 563 sublevandas
945 530 999 561 in-

25 576 49 618 33
78 585 105 610 r.
133 575 212 612 εὖτέ
228 589 266 624 γε
291 578 351 610 ΡΙι.
375 575 464 610 1099
481 578 534 610 ch.
561 575 627 624 οὐχ
652 576 739 611 ὥστε
762 573 791 619 γ’
816 575 924 611 εἰπεῖν
941 577 1000 609 OR

20 636 41 667 ³:
55 634 73 663 μ’
91 621 177 657 1131
196 634 266 657 non
282 627 327 657 sic
343 625 490 666 quidem,
511 628 559 656 ut.
615 623 654 658 τὸ
685 623 741 658 σὸν
774 622 812 657 δέ
841 618 870 670 γ’
898 621 1000 657 οἶσθα

20 665 69 714 ζ’,
95 671 195 704 Tricl.
214 670 372 714 τοσόνδε,
391 672 450 704 sed
474 682 590 713 pamm
610 672 776 704 commode
794 672 1001 704 adversativa

37 756 40 763 ¹
63 719 149 751 ‘cula
165 720 270 751 deest.
311 720 362 751 De
381 717 419 752 δέ
435 730 483 764 γε,
505 719 592 760 quod
610 716 865 764 προσληπτικόν
883 719 1000 750 dicunt

24 773 42 799 ’,ι
56 780 74 793 ··
99 775 134 798 es
152 770 294 806 veteres,
315 768 441 808 quippe
455 767 673 806 assumptioni
691 767 923 801 constitutum.
945 776 999 797 se-

43 822 135 851 fuum
159 813 375 854 Apollonium
400 813 564 854 explicuit
589 814 714 852 Reisig.
743 814 783 845 ad
809 812 864 846 OC
894 809 996 845 1534.
1017 817 1020 869 Ι

30 871 98 894 tzsc
114 861 327 892 scribendum
356 871 431 893 curu
449 861 634 892 Fritzscbio
658 870 715 901 qu.
738 862 818 892 Luc.
851 870 884 901 p.
909 857 995 891 121:

68 933 70 935 ,
90 904 134 940 δέ
157 901 187 953 γ’
204 905 243 941 οὐ
262 909 396 953 μακροῦ
411 905 537 953 χρόνου
555 908 610 940 OG
629 905 708 939 821.
731 908 833 939 Dind.
855 918 883 938 c.
899 907 997 940 Both.

22 939 66 1000 3⁴3⁷
110 947 138 987 τ’
161 951 214 987 ού.
235 972 277 978 -
297 953 411 1000 ὥσπερ
434 948 464 1000 γ’
488 953 512 999 ἡ
538 948 636 1000 φάτις
661 955 719 987 OR
736 951 815 986 715.
837 947 896 988 ἐοίν
913 951 942 999 γ’
965 951 1000 987 αἱ

24 995 51 1040 ⁴
80 999 118 1035 αἱ
135 1002 253 1042 Dind.]
281 996 371 1036 τοῦδ’
397 1000 475 1048 ἀραὶ
499 1000 665 1035 τελῶνται
691 1001 746 1034 OG
769 999 867 1033 1407.
897 999 1000 1035 ὁπότε

24 1050 211 1095 ᾍτεῖχον
239 1045 328 1080 1699
347 1059 390 1080 m.
421 1046 511 1094 μηδὲ
534 1061 572 1094 γε
598 1042 723 1093 μάτευε
746 1046 835 1081 1743
854 1049 904 1080 eh.
934 1046 1001 1093 οὐχ

38 1122 53 1149 A
73 1105 90 1128 ε
106 1095 188 1128 Ant.
209 1093 289 1128 570.
311 1093 375 1130 οὐκ
389 1094 430 1130 ἄν
447 1107 485 1142 γε
503 1094 582 1129 747.
606 1097 666 1138 [sic
679 1097 750 1127 LA.
773 1093 812 1129 ού
829 1093 892 1129 τᾶν
910 1093 1000 1132 ἕλοις

109 1153 146 1188 γε
170 1143 271 1175 Dind.
302 1154 329 1175 c.
352 1141 500 1223 Elmsl}
523 1142 597 1178 ἐπεί
620 1153 657 1186 γε
681 1141 724 1186 δή
750 1141 818 1175 923
845 1145 999 1184 quoniam

29 1190 57 1229 ’ἐν
119 1214 128 1230 ,
149 1190 243 1222 velut
259 1188 333 1224 ἐπεί
347 1202 384 1236 γε
402 1189 464 1235 μὲν
501 1190 524 1236 ἡ
545 1193 599 1223 Tr.
613 1188 694 1223 484.
717 1189 784 1236 ἐγὼ
802 1189 839 1223 δέ
855 1201 892 1235 γε
909 1187 1001 1230 ἄνδρ’

27 1232 57 1259 ¹·
91 1247 114 1270 α
134 1237 190 1269 Ai.
214 1234 315 1269 1150.
345 1235 441 1283 εἴπερ
466 1250 503 1282 γε
529 1239 582 1270 ΕΙ.
607 1235 707 1270 1216.
736 1236 816 1271 οὐδὲ
833 1248 870 1283 γε
898 1234 995 1269 1347.

30 1316 36 1326 ⁷.
63 1298 78 1310 ·=v
103 1294 160 1316 um
184 1288 297 1316 autern
315 1295 389 1317 esse
415 1283 494 1318 οὐδὲ
518 1279 548 1331 γ’
571 1283 632 1325 εἷς,
662 1287 748 1326 quod
767 1285 960 1318 Schneider.
982 1282 999 1317 ὁ

29 1330 92 1378 ‘41
122 1329 213 1368 λειος
241 1333 364 1371 trag-ico
396 1333 583 1374 impertivit
605 1333 664 1364 OR
687 1330 775 1370 280,
813 1332 1000 1364 observavit

32 1381 69 1403 t·
87 1392 96 1405 ι
111 1378 145 1410 d.
165 1379 206 1411 ad
223 1379 308 1410 Plat.
330 1380 453 1420 Rpubl.
474 1377 507 1411 2.
528 1391 561 1421 p.
585 1377 641 1412 56.
665 1398 705 1403 --
733 1378 795 1411 Est
812 1380 870 1411 ubi
887 1380 1002 1411 restri-

105 1426 396 1458 coniunctionibus
420 1428 639 1467 praemissum
665 1427 835 1459 abundare
853 1427 996 1458 videtur.

31 1473 34 1475 ’
94 1469 158 1510 “είς
174 1483 212 1518 γε
230 1472 346 1518 μέντοι
363 1474 424 1506 Ph.
446 1471 502 1506 93.
523 1477 620 1507 νικᾶν
638 1485 675 1519 γε
695 1473 809 1518 μέντοι
825 1474 1001 1519 πανταχοῦ

41 1525 46 1560 j
142 1517 225 1567 ἔφυν
241 1517 341 1552 1052.
363 1518 450 1566 αὕτη
468 1533 505 1567 γε
523 1521 639 1566 μέντοι
657 1515 684 1553 σ’
700 1519 723 1565 ἡ
735 1519 824 1567 τύχη
843 1518 1000 1553 ’διώλεσεν

94 1563 144 1599 2.
173 1565 325 1611 σπουδῆς
347 1579 384 1613 γε
402 1567 517 1613 μέντοι
542 1571 604 1614 τῆς
622 1567 711 1613 ἐμῆς
735 1567 798 1602 οὐκ
823 1566 899 1607 ἀξία
917 1565 996 1599 778.

46 1616 94 1645 ’Μ
133 1624 171 1660 γε
196 1612 312 1659 μέντοι
336 1613 446 1648 δεῖται
475 1612 573 1647 1292.
601 1614 698 1652 τέλος
715 1626 753 1661 γε
771 1614 887 1660 μέντοι
912 1608 1001 1657 δεῦρ’

39 1661 145 1708 ᾖσεν
171 1659 290 1706 μολεῖν
313 1672 365 1696 σοι
390 1663 470 1694 Ant.
491 1660 572 1695 233.
597 1666 685 1708 μισῶ
717 1674 754 1708 γε
778 1662 893 1706 μέντοι
916 1659 997 1694 495.

117 1719 155 1754 γε
179 1707 295 1754 μέντοι
319 1708 367 1755 μὴ
391 1707 419 1750 ’ξ
436 1708 600 1754 ἀβουλίας
624 1711 739 1743 πεσεῖν
764 1711 814 1742 ΕΙ.
838 1706 916 1742 398.
940 1708 1001 1755 ὅροι

75 1766 78 1770 ·
95 1774 99 1781 =
135 1766 167 1790 οι
187 1753 288 1797 1242,
317 1767 360 1788 ex
377 1759 564 1789 necessaria
580 1757 768 1789 Blomfleldi
785 1758 997 1798 correctione,

53 1799 152 1848 ’μὲν
178 1801 221 1848 δή
236 1829 243 1843 ,
271 1813 357 1844 quae
380 1805 538 1836 librorum
564 1806 729 1845 scriptura
747 1808 816 1844 est,
843 1804 884 1836 de
901 1806 1001 1836 rebus

34 1884 45 1887 ,,
109 1851 271 1882 faciendis
286 1861 350 1883 non
363 1852 503 1883 dicatur.
521 1849 649 1885 παῦσαί
665 1863 703 1895 γε
717 1850 832 1895 μέντοι
847 1852 904 1883 Ai.
917 1849 998 1883 483.

32 1894 120 1942 JJJss
151 1908 190 1943 γε
216 1895 330 1942 μέντοι
354 1896 442 1932 τοῦτ’
476 1897 636 1932 ἐπίστασο
664 1896 771 1938 1370,
806 1900 834 1930 si
851 1892 941 1932 ἀλλοί
965 1909 1002 1943 γε

94 1956 104 1978 ,4
114 1953 182 1984 gas.
210 1945 338 1977 Fortior
355 1946 390 1976 in
406 1946 458 1977 his
476 1950 528 1978 est
545 1947 657 1978 addita
674 1947 846 1986 particula,
869 1946 927 1977 sed
944 1947 1000 1977 vix

183 1992 389 2024 desideraret
405 1994 572 2025 omissam.
610 1994 736 2026 Similis
754 2003 806 2024 res
825 1997 876 2024 est
892 1994 927 2024 in
945 1991 1003 2026 καὶ

48 2036 125 2084 ’γε
145 2038 204 2071 OR
220 2035 288 2071 987
312 2040 348 2071 in
365 2051 402 2084 γε
427 2037 470 2082 δή
497 2039 544 2081 (v.
565 2040 713 2079 Hoogev.
734 2041 837 2072 doctr.
859 2044 943 2081 part.
964 2050 999 2080 p.

66 2095 69 2103 ¹
95 2101 111 2113 >n
125 2089 176 2120 nt.
192 2082 271 2126 923,
293 2098 331 2131 γε
349 2085 418 2131 μήν
436 2087 491 2118 ΕΙ.
513 2083 592 2119 973.
614 2088 669 2120 OC
688 2084 768 2126 587,
787 2089 834 2119 ita
851 2088 997 2128 quidem,

71 2132 77 2136 ’
118 2140 141 2167 v
168 2133 209 2165 ad
233 2135 436 2166 sententiam
462 2135 689 2166 necessarium
716 2136 770 2172 sit,
805 2146 849 2179 γε
884 2135 1003 2166 conflr-

66 2180 145 2226 χξῑίη
162 2190 200 2226 γε
217 2178 279 2225 μὲν
297 2178 339 2225 δή
359 2182 413 2212 Tr.
436 2178 524 2220 484,
552 2180 590 2227 γέ
606 2192 659 2215 τοι
677 2179 719 2222 δή
739 2182 796 2214 OR
816 2178 915 2213 1171.
939 2182 1002 2214 Sed

69 2226 82 2258 ²5?
106 2237 163 2261 τοι
185 2227 245 2258 Ph.
266 2224 347 2259 823.
376 2228 432 2260 OG
454 2225 553 2260 1324.
581 2230 662 2260 Ant.
687 2225 787 2260 1064.
818 2230 872 2260 Tr.
898 2225 999 2267 1212,

79 2312 84 2318 .
99 2288 112 2300 ν’
137 2275 220 2306 erasi
238 2273 367 2319 πρέπον
385 2286 422 2320 γε
438 2272 499 2308 τᾶν
522 2275 577 2307 Ai.
598 2273 667 2307 534
684 2279 826 2317 utroque
844 2286 944 2316 opus,
965 2286 1003 2319 γε

92 2334 122 2347 .--.
153 2321 257 2361 endo,
287 2319 342 2354 τοί
365 2322 548 2363 copulando
570 2324 709 2361 serviat,
740 2326 850 2354 tamen
874 2324 1003 2362 signifi-

72 2367 156 2406 477.
175 2367 338 2400 Fritzsch.
366 2379 419 2411 ep.
450 2378 496 2402 cr.
516 2370 556 2401 ad
581 2370 747 2402 Friedem.
768 2380 802 2410 p.
822 2367 879 2401 27.
909 2371 1001 2402 Reli-

97 2415 296 2456 ‚particulae
312 2425 409 2448 usum
423 2442 430 2455 ,
459 2410 549 2450 ἄλλοί
567 2435 608 2440 -
627 2427 664 2461 γε
677 2443 684 2457 ,
713 2414 808 2461 ὅμως
827 2435 868 2440 —-
888 2428 926 2461 γε
938 2444 945 2457 ,
974 2416 1003 2450 εἰ

74 2459 180 2502 ,mo
198 2479 239 2486 -
258 2473 314 2507 γε,
349 2461 388 2496 οὐ
415 2461 457 2508 δή
492 2474 557 2496 που
578 2482 619 2487 -
638 2474 675 2508 γε
699 2475 729 2495 ν.
759 2465 794 2495 in
821 2458 929 2504 ἄλλοί,
958 2463 999 2503 εἰ,

75 2545 80 2556 ‚
110 2506 186 2543 ησύ.
229 2509 343 2541 Unum
360 2511 526 2550 addimus,
553 2511 594 2542 de
619 2508 660 2544 ἄν
677 2522 714 2555 γε
732 2512 918 2543 coniunctis
936 2521 1002 2542 uon

77 2557 307 2597 ’,ωυεῐίῐυοῐε
334 2557 436 2588 Dind.
465 2558 624 2589 innoxiae
648 2559 831 2598 particulae
856 2559 999 2598 hostem,

75 2600 278 2647 iproduci
301 2605 364 2636 sibi
391 2605 632 2645 persuasisset,
661 2606 697 2636 iu
715 2606 819 2646 praef.
841 2606 881 2637 ad
900 2606 999 2646 Soph.

107 2653 114 2675 f
126 2649 212 2682 ed
229 2647 260 2682 1.
275 2668 316 2685 τ-
330 2675 336 2682 .
350 2669 391 2674 --
410 2652 449 2682 Β.
470 2650 484 2692 ΙΙ
502 2652 617 2683 Altera
637 2653 819 2693 particulae
837 2654 919 2684 ratio
937 2656 998 2691 est,

67 2693 141 2741 ²¹²1.)
177 2699 536 2736 responsionibus
571 2701 746 2730 maxime
787 2700 1004 2740 loquentis

135 2748 183 2775 us
203 2745 329 2777 verba
351 2748 533 2785 spectat,
568 2749 607 2777 ut
623 2747 845 2787 repetendum
861 2747 941 2778 inde
960 2748 1005 2778 sit

71 2789 120 2831 “¹
134 2789 175 2823 sd
190 2792 404 2832 sententiam,
424 2793 461 2823 in
479 2803 545 2833 qua
561 2793 663 2832 inest,
683 2794 934 2833 absolvendam3
955 2794 1003 2825 sic

75 2833 127 2861 ‘⁰¹³⁶
151 2838 333 2870 orationum
350 2840 447 2879 quasi
465 2840 664 2871 intermedio
678 2841 816 2880 ponitur
832 2841 903 2872 loco
924 2850 1002 2872 con-

142 2890 180 2916 ae
204 2885 338 2926 utrique
363 2887 526 2918 serviens.
572 2886 800 2918 Observarunt
831 2888 942 2928 aliqua
967 2889 1002 2918 in

141 2934 170 2960 ’.
197 2931 236 2963 ad
252 2931 307 2964 Or.
329 2929 429 2964 1234.
459 2933 623 2965 Fritzsch.
661 2943 718 2973 qu.
748 2934 829 2965 Luc.
857 2944 890 2974 p.
915 2931 999 2975 1203

131 2988 138 3003 ·.
154 2999 157 3002 ,
175 2990 191 3005 ιι
210 2977 377 3011 Brunckio
394 2980 587 3012 adversatus
605 2981 645 3012 ad
658 2981 747 3012 Med.
764 2977 853 3012 1362
869 2982 1004 3022 scripsit

48 3063 70 3068 „
150 3022 200 3055 in
223 3034 399 3067 responso,
436 3028 524 3068 quod
550 3028 815 3059 additamentum
839 3028 1002 3068 quoddam

95 3070 136 3111 js,
158 3072 353 3113 contineat,
379 3078 453 3114 post
476 3075 623 3115 primum
650 3076 720 3106 fere
745 3076 940 3106 vocabulum
967 3086 1004 3119 γε

37 3115 54 3122 ”’
183 3117 215 3157 i;
251 3128 383 3151 eausam
407 3130 474 3152 non
500 3121 644 3161 addidit,
681 3122 740 3153 sed
763 3125 868 3162 patet,
898 3123 1004 3162 primo

112 3193 122 3213 4
155 3176 177 3190 ὀ
202 3166 339 3205 ponitur
354 3166 408 3202 id.
435 3168 470 3198 in
495 3178 561 3208 quo
578 3169 724 3200 maxima
747 3170 936 3209 sententiae
954 3170 1004 3200 vis

32 3224 47 3245 ;-
155 3214 233 3250 ‚met
254 3211 333 3244 huic
355 3215 542 3246 necessario
571 3226 609 3260 γε
637 3215 837 3247 attollendae
866 3216 1022 3247 dictioni.

106 3249 136 3307 Σ
146 3257 218 3299 111111
230 3258 395 3292 adhaeret.
418 3257 541 3294 οὔκουν
560 3259 594 3295 ἐν
614 3259 665 3298 οἷς
682 3272 719 3306 γε
737 3259 822 3306 δρᾷς
835 3261 1004 3294 Philocte-

118 3326 139 3341 „
159 3303 276 3337 demo
299 3308 477 3348 respondet
499 3309 626 3340 dicenti
649 3307 788 3354 αἰσχρὸς
815 3310 1000 3353 φανοῦμαι,

1000 127 1062 177 Γε

1945 126 2042 175 139

1034 256 1071 291 γε
1089 245 1149 277 Ph.
1174 241 1274 277 1409.
1318 245 1481 276 Hercules
1504 245 1595 276 caelo
1618 245 1786 276 demissus
1808 245 1915 276 ituros
1940 246 2047 276 inter—

1034 293 1157 334 pellat,
1186 295 1224 323 ut
1238 292 1479 326 assumendum
1497 293 1541 323 sit
1558 301 1599 323 ex
1618 301 1732 323 eorum
1751 301 1902 323 sermone
1919 294 2045 337 στεῖχε.

1036 340 1182 372 Tiresias
1200 338 1347 380 Oedipo:
1376 336 1463 371 ε’ίπω
1489 349 1522 371 τι
1545 337 1633 384 δῆτα
1656 335 1766 371 κᾶλλο
1791 339 1849 370 OR
1865 336 1946 371 364.
1983 333 2050 372 R‘e-

1036 387 1180 428 spondet
1197 383 1280 420 ὅσον
1308 397 1345 432 γε
1363 379 1498 432 χρῄζεις
1515 382 1596 418 365.
1619 404 1660 410 —-
1678 386 1845 427 Oedipus:
1866 383 1935 419 τότ’
1953 384 2012 420 οὖν
2031 385 2049 420 ὸ

1036 432 1153 479 μάντις
1171 430 1269 471 οὗτος
1286 431 1330 478 ἦν
1349 431 1383 467 ἐν
1409 431 1452 478 τῇ
1471 430 1598 480 τέχνης
1628 429 1708 464 562.
1733 450 1773 456 ——
1794 433 1921 465 Creon:
1945 433 2050 480 σοφός

1035 477 1064 526 γ’
1081 478 1211 525 ὁμοίως
1228 478 1293 520 κάξ
1309 478 1387 514 ἴσου
1404 479 1599 524 τιμώμενος
1610 477 1690 512 563.
1705 497 1746 504 —
1765 480 1913 512 Chorus:
1935 478 2044 526 γύναι,

1034 526 1067 561 τί
1091 525 1227 570 μέλλεις
1251 525 1404 572 κομίζειν
1430 525 1547 571 δόμων
1571 524 1659 560 τόνδ’
1685 524 1771 566 ἔσω,
1793 524 1872 559 679.
1902 529 2046 560 Iocasta:

1036 573 1196 620 μαθοῦσά
1212 569 1242 620 γ’
1266 573 1342 619 ἥτις
1359 572 1382 619 ἡ
1407 572 1498 621 τύχη
1516 571 1584 606 680
1603 585 1648 606 sc.
1674 578 1800 616 κομιῶ.
1823 593 1864 599 -
1884 572 1964 622 οὐχὶ
1990 573 2051 610 iic-

1037 621 1133 665 μιτὸν
1159 619 1265 656 ἄλλον
1291 619 1434 662 εἰδέναι;
1466 622 1608 653 nuntius
1633 633 1664 652 v.
1693 618 1773 654 993.
1809 617 1958 662 Oedipus
1977 620 2046 667 μά·

1035 667 1134 704 λιστά
1150 680 1188 713 γε
1205 666 1286 702 994.
1309 687 1350 693 -
1369 670 1518 702 τεκοῦσα
1533 666 1677 713 τλήμων
1693 667 1756 711 (sc.
1777 667 1927 710 δίδωσι);
1949 670 2051 702 Oedi-

1035 727 1119 755 pus:
1150 715 1331 763 θεσφάτων
1355 710 1385 762 γ’
1411 713 1503 762 ὄκνῳ
1525 720 1644 749 κακῶν
1668 717 1815 748 famulus
1842 713 1942 749 1175.
1965 735 2005 740 ——
2025 715 2047 760 ἦ

1037 759 1140 803 ’σθῶς
1189 764 1357 805 Oedipus:
1386 762 1523 810 λέχριος
1538 757 1576 809 ’γ’
1600 757 1652 797 ἐπ’
1676 761 1784 809 ἄκρου
1810 761 1894 801 λᾶος
1921 762 2050 811 βραχὺς

1038 810 1188 850 ὀκλάσας
1213 812 1331 843 chorus
1356 810 1410 843 OC
1432 807 1498 843 195
1515 811 1567 842 cb.
1598 829 1639 834 —
1667 808 1767 844 αὗται
1791 809 1856 857 γὰρ
1889 805 2051 856 ἀπόγονοι

1035 857 1126 900 τεαί;
1164 859 1300 891 chorus:
1343 856 1456 892 κοιναί
1483 869 1521 903 γε
1546 857 1673 902 πατρὸς
1706 855 1869 904 ἀδελφεαί
1901 859 2051 899 Oedipus

1037 903 1105 939 535
1123 916 1168 940 m.
1191 924 1232 930 —
1251 899 1391 939 ἀκούεθ’
1416 903 1475 939 οἷα
1499 901 1682 951 φθέγγεται
1698 906 1867 946 Oedipus:
1906 904 1950 940 τά
1965 904 1994 952 γ’
2012 904 2051 939 οὐ

1035 951 1129 986 τελεῖ
1153 954 1272 986 chorus
1297 950 1376 985 881.
1407 972 1448 978 —-
1483 950 1600 990 δοκεῖς
1633 949 1874 998 παρεικαθεῖν;
1920 954 2046 986 Creon:

1039 999 1116 1034 ὅσον
1133 998 1174 1046 γ’,
1195 998 1290 1039 ἄναξ,
1310 994 1455 1046 τάχιστα
1473 1001 1592 1032 chorus
1609 1000 1692 1031 Ant.
1712 997 1813 1032 1103.
1833 1019 1880 1023 —
1895 998 1918 1045 ἦ
1937 999 1996 1034 καὶ
2012 999 2051 1034 τὸ

1037 1058 1152 1081 πιστον
1175 1050 1238 1093 τῆς
1264 1045 1432 1089 ἀληθείας
1456 1046 1586 1092 νέμεις;
1624 1048 1801 1079 Deianira:
1838 1045 1924 1080 ἴστω
1947 1045 2051 1094 μέγας

1039 1092 1140 1135 Ζεύς,
1176 1095 1223 1129 ὧν
1255 1106 1276 1140 γ
1319 1093 1359 1129 ἂν
1392 1093 1528 1134 ἐξειδὼς
1562 1098 1657 1140 κυρῶ
1692 1095 1810 1126 Lichas
1829 1096 1882 1126 Tr.
1906 1092 1985 1127 399.
2009 1113 2049 1120 -·

1037 1140 1157 1186 ἄπειμι
1182 1143 1312 1174 Lichas.
1342 1139 1395 1182 οὔ,
1423 1140 1501 1186 πρίν
1519 1135 1549 1187 γ’
1571 1139 1611 1175 ἂν
1629 1139 1728 1189 εἴπῃς
1746 1143 1887 1174 nuntim
1911 1139 1985 1174 115.
2008 1160 2048 1166 -—

1039 1187 1155 1223 *ταῦτ’
1173 1188 1256 1235 ἔτλη
1272 1187 1349 1235 χεὶρ
1367 1187 1541 1235 γυναικεία
1557 1186 1687 1229 κτίσαι;
1717 1189 1855 1221 chorus:
1878 1188 1994 1222 δεινῶς
2015 1202 2053 1236 γε

1038 1238 1155 1269 nutrix
1172 1234 1241 1270 899
1259 1235 1396 1280 [ser-lus.
1416 1236 1563 1277 Hermi.
1577 1254 1618 1260 —
1639 1237 1742 1268 Aliud
1759 1246 1866 1276 genus
1885 1241 1947 1275 ost,
1976 1247 2052 1269 cnm

1038 1285 1289 1325 coltoquentium
1306 1285 1388 1316 alter
1401 1285 1542 1315 sermoni
1556 1285 1675 1323 prioris
1693 1284 1818 1324 aliquid
1831 1285 1960 1315 subiicit
1973 1285 2051 1316 ube-

1037 1333 1106 1363 rius
1127 1341 1195 1363 rem
1221 1333 1475 1364 illustratorum.
1521 1332 1670 1363 Nuntius
1701 1329 1835 1377 φεύγεις
1860 1330 1908 1368 εἰς
1934 1329 2053 1369 οἴκους

1039 1376 1176 1423 μολεῖν;
1206 1378 1374 1419 Oedipus:
1395 1377 1529 1423 ταρβῶν
1555 1389 1591 1422 γε
1616 1377 1664 1423 μή
1692 1389 1751 1422 μοι
1774 1375 1904 1423 Φοῖβος
1930 1376 2052 1426 ἐξέλθῃ

1038 1424 1151 1471 σαφής
1174 1425 1233 1458 OR
1252 1423 1351 1457 1011.
1375 1426 1434 1457 LA
1458 1424 1592 1471 ταρβῶς
1624 1426 1708 1457 illud
1725 1435 1767 1457 ex
1793 1436 1903 1467 apogr.
1927 1427 2047 1463 Dind.,

1037 1474 1124 1514 quod
1156 1475 1191 1505 in
1221 1474 1438 1514 responsione
1471 1473 1659 1513 participiis
1692 1474 1903 1514 potissimum
1935 1474 2053 1505 Graeci

1038 1521 1220 1552 subiiciant
1236 1531 1285 1566 γε.
1314 1521 1358 1552 Et
1383 1530 1462 1552 sane
1482 1521 1529 1552 sic
1554 1521 1626 1551 fleri
1651 1524 1798 1561 oportet:
1829 1530 1904 1551 nam
1923 1531 1999 1552 cum
2016 1532 2053 1566 γε

1038 1578 1169 1600 causam
1194 1569 1360 1609 quandam
1384 1568 1529 1607 indicet,
1566 1569 1762 1599 secundario
1788 1568 1964 1599 enuntiato
1982 1569 2052 1599 sive

1039 1616 1243 1656 explicativo
1268 1616 1350 1646 insit
1375 1618 1520 1656 oportet,
1558 1616 1681 1655 quibus
1706 1616 1741 1646 in
1768 1616 1868 1646 breve
1895 1616 2053 1655 cogendis

1039 1663 1213 1703 participia
1230 1664 1412 1694 constituta
1428 1666 1520 1694 suut.
1550 1663 1640 1694 Idem
1659 1663 1733 1694 aliis
1750 1663 1830 1694 locis
1849 1663 1898 1693 flt.
1925 1660 2053 1708 ταύτην

1038 1707 1067 1755 γ’
1085 1707 1164 1743 ἰδὼν
1182 1707 1379 1743 θάπτουσαν
1397 1711 1478 1741 Ant.
1495 1706 1574 1741 404.
1604 1710 1649 1740 Et
1666 1719 1741 1740 cum
1760 1710 1928 1749 Antigone
1945 1710 2051 1741 dixis-

1039 1761 1090 1788 set
1108 1768 1139 1788 v.
1161 1754 1241 1789 517.
1277 1754 1316 1790 ού
1340 1755 1405 1802 γάρ
1429 1768 1462 1789 τι
1484 1754 1627 1795 δοῦλος,
1657 1750 1734 1789 ἀλλ’
1757 1754 1905 1802 ἀδελφὸς
1929 1754 2049 1797 ὤλετο,

1040 1804 1146 1836 Creon
1165 1805 1343 1846 respondet
1359 1801 1500 1848 πορθῶν
1525 1815 1562 1847 γε
1587 1801 1641 1847 [δὲ
1667 1805 1769 1836 Dind.
1791 1814 1832 1835 ex
1853 1804 1922 1846 LA]
1950 1801 2052 1847 τήνδε

1039 1854 1102 1897 γῆν
1121 1848 1200 1883 518.
1231 1851 1296 1883 Sed
1316 1852 1382 1883 alia
1398 1855 1497 1887 suut.
1528 1853 1562 1882 in
1581 1852 1705 1891 quibus
1722 1852 1942 1883 usitatissima
1960 1853 2051 1883 verbi

1040 1899 1242 1931 substantivi
1265 1899 1395 1939 ellipsis
1420 1899 1627 1937 admittitur,
1656 1898 1717 1930 Ph.
1739 1895 1796 1938 33,
1817 1895 1874 1937 35,
1899 1899 1981 1930 item
1999 1909 2048 1939 ea,

1039 1947 1073 1977 in
1092 1947 1216 1986 quibus
1233 1957 1270 1990 γε
1290 1946 1446 1977 vocabulo
1472 1946 1693 1986 respondendi
1714 1946 1911 1987 simpliciter
1928 1947 2050 1977 conflr-

1039 1994 1157 2024 mando
1174 1994 1342 2029 adiicitur.
1370 1996 1410 2024 ut
1433 1990 1470 2025 εὖ
1497 1986 1526 2037 γ’
1543 1992 1571 2026 ὦ
1596 1991 1714 2025 τέκνον
1731 1993 1792 2024 Ph.
1814 1990 1894 2024 327.
1915 1991 1998 2034 ἄγαν
2016 2005 2053 2039 γε

1040 2040 1096 2071 Tr.
1117 2037 1197 2072 896.
1227 2041 1280 2071 Ai.
1303 2036 1383 2072 983.
1415 2038 1555 2077 ἐεδεινῶς
1578 2051 1615 2082 γε
1641 2040 1696 2071 Tr.
1717 2035 1786 2071 899
1804 2051 1836 2072 V.
1857 2049 1884 2071 s.
1906 2037 2054 2084 μάλιστά

1039 2098 1077 2132 γε
1102 2088 1157 2118 Tr.
1180 2084 1259 2118 669.
1289 2085 1391 2133 φησίν
1415 2098 1452 2132 γε
1479 2087 1533 2118 ΕΙ.
1555 2083 1642 2127 319,
1671 2088 1793 2127 quibus
1819 2088 1975 2119 omnibus
1998 2085 2054 2121 ναί

1040 2135 1200 2166 substitui
1227 2135 1317 2166 licet.
1356 2134 1407 2167 Cf.
1429 2135 1546 2166 Elmsl.
1575 2136 1674 2166 Gens.
1697 2144 1772 2165 nov.
1803 2135 1856 2166 ed.
1877 2135 1922 2166 1T
1940 2135 2052 2166 Mark—

1040 2182 1131 2213 landi
1154 2182 1193 2214 ad
1217 2192 1248 2213 ν.
1270 2178 1351 2213 806.
1381 2192 1415 2222 p.
1442 2178 1523 2213 201.
1554 2183 1646 2222 Lips.
1677 2182 1860 2213 Stallbaum
1894 2183 1933 2213 ad
1966 2183 2050 2215 Plat.

1041 2229 1152 2270 Symp.
1174 2239 1207 2270 p.
1228 2225 1285 2260 27.
1309 2247 1412 2259 -.-
1433 2229 1470 2260 C.
1491 2229 1506 2270 ΙΙ
1523 2230 1591 2260 Iam
1611 2229 1650 2260 de
1665 2230 1941 2268 proprietate
1966 2239 2053 2260 ser—

1039 2277 1175 2307 monis
1199 2277 1235 2307 in
1263 2276 1426 2317 particula
1450 2287 1496 2321 γε
1523 2276 1727 2308 observanda
1743 2276 1932 2307 dicendum.
1963 2278 1985 2307 I
1991 2280 2054 2308 te—

1038 2325 1128 2354 φατι·
1153 2323 1288 2354 videtur
1313 2326 1445 2363 praeter
1470 2324 1716 2355 necessitatem.
1758 2327 1831 2359 πῶς
1857 2317 1886 2369 γ’
1912 2320 1952 2356 ἂν
1969 2322 2008 2356 τό
2025 2317 2054 2368 γ’

1038 2367 1123 2403 οἷκον
1149 2367 1274 2415 πρᾶγμ’
1300 2366 1340 2402 ἂν
1366 2368 1508 2407 εἰκότως
1540 2368 1656 2415 ψέγοις
1681 2369 1736 2401 OG
1754 2366 1834 2402 977.
1854 2368 1892 2403 τό
1917 2367 1944 2403 τ’
1969 2368 2053 2403 ἇκον

1040 2421 1074 2448 et
1097 2414 1166 2450 τόδ’
1190 2414 1295 2457 ἇκον,
1331 2418 1419 2457 quod
1443 2418 1588 2456 Reisigio
1613 2418 1758 2457 placuit,
1787 2418 1822 2448 in
1848 2418 1943 2448 libris
1969 2427 2053 2449 non-

1041 2465 1143 2495 nullis
1169 2465 1291 2504 scripta
1308 2468 1399 2495 sunt.
1429 2465 1546 2496 Elmsl.
1568 2467 1643 2500 πῶς
1668 2461 1708 2497 ἄν
1726 2464 1828 2504 dedit,
1857 2465 2053 2505 particulam

1039 2512 1074 2542 in
1092 2512 1354 2550 interrogatione
1372 2521 1437 2543 non
1458 2513 1580 2543 ferens.
1618 2512 1744 2543 Neutra
1761 2514 1873 2543 tamen
1891 2512 2051 2554 abundat,

1040 2559 1110 2590 Hoc
1127 2559 1209 2590 dicit
1225 2558 1394 2599 Oedipus:
1426 2558 1593 2596 Quomodo
1611 2558 1763 2599 quidem,
1795 2558 1880 2599 quod
1896 2569 1946 2590 mc
1971 2562 2053 2590 certe

1039 2606 1169 2637 nolente
1194 2605 1324 2645 factum
1347 2609 1413 2645 est,
1445 2607 1513 2648 iure
1537 2607 1724 2645 vituperes?
1756 2603 1820 2638 οὐκ
1842 2603 1883 2638 ἄν
1909 2602 1937 2650 γ’
1963 2603 2054 2643 ἕλοις

1039 2650 1137 2696 ἥσσω
1155 2663 1192 2697 γε
1208 2656 1277 2686 τῶν
1295 2651 1445 2698 αἰσχρῶν
1464 2650 1526 2696 ἐμέ
1542 2653 1624 2684 Ant.
1646 2650 1713 2684 747
1733 2652 1791 2683 LA
1809 2650 1872 2685 οὐκ
1890 2650 1930 2686 ἂν
1949 2650 2051 2693 ἕλοις,

1041 2699 1130 2731 unde
1157 2709 1222 2731 non
1249 2699 1401 2740 colligas,
1431 2697 1471 2732 ἄν
1492 2700 1672 2740 ancipitem
1700 2700 1822 2731 habere
1846 2710 2051 2737 mensuram,

1041 2747 1099 2778 sed
1124 2748 1247 2778 scribas
1265 2748 1406 2778 fortasse
1431 2757 1506 2778 cum
1525 2747 1644 2778 Elmsl.
1674 2750 1709 2778 et
1724 2746 1842 2778 Herm.
1863 2744 1966 2780 ούτᾶν
2003 2744 2053 2789 [ού

1039 2791 1100 2826 τᾶν
1126 2791 1261 2837 Dind.}
1291 2794 1355 2826 Sed
1381 2797 1470 2825 recte
1494 2794 1696 2825 defendatur
1728 2803 1765 2839 γε
1790 2803 1833 2825 ex
1858 2794 2049 2834 hyperbato.

1040 2841 1117 2872 Alia
1140 2841 1304 2882 exempla,
1343 2850 1483 2881 quorum
1511 2842 1676 2881 scriptura
1698 2842 1843 2881 incerta,
1871 2842 1964 2873 velut
1990 2841 2050 2873 Ph.

1043 2884 1142 2919 1037.
1164 2888 1223 2919 OR
1242 2885 1342 2920 1030.
1370 2888 1424 2919 OC
1444 2884 1534 2919 1279
1552 2888 1631 2919 alibi
1648 2888 1959 2920 considerabuntur.
1989 2888 2054 2921 Ce-

1040 2938 1151 2966 terum
1183 2935 1267 2966 nihil
1301 2935 1496 2966 offensionis
1529 2934 1650 2966 habere
1679 2935 1715 2966 in
1744 2935 1858 2966 eadem
1885 2937 2055 2967 sententia

1039 2982 1198 3012 iteratum
1232 2979 1271 3014 ἄν
1296 2982 1483 3013 docuerunt
1516 2983 1596 3013 Lob.
1626 2982 1666 3013 ad
1695 2982 1750 3013 Ai.
1780 2982 1832 3013 ed.
1856 2979 1884 3014 1.
1916 2993 1948 3023 p.
1972 2980 2051 3015 303.

1041 3028 1164 3060 Heind.
1191 3028 1231 3060 ad
1248 3029 1333 3059 Plat.
1352 3028 1501 3067 Euthyd.
1523 3027 1544 3071 ὃ
1566 3026 1619 3060 15.
1640 3028 1761 3060 Matth.
1781 3029 1823 3060 ad
1839 3029 1965 3062 Phoen.
1987 3027 2055 3061 550

1041 3078 1076 3106 et
1091 3075 1216 3107 Alcest.
1241 3071 1320 3107 390.
1348 3075 1462 3106 Herm.
1484 3075 1524 3106 ad
1546 3075 1602 3107 Ai.
1627 3071 1715 3107 1339
1741 3079 1775 3107 et
1798 3076 1839 3107 ad
1863 3075 1921 3108 OR
1949 3073 2050 3108 1030.

1042 3122 1236 3155 Stallbaum.
1258 3121 1298 3153 ad
1314 3122 1445 3153 Phileb.
1467 3131 1499 3162 p.
1519 3119 1600 3154 213.
1615 3122 1733 3154 Matth.
1761 3123 1801 3154 ad
1818 3123 1902 3154 Eur.
1923 3123 2051 3155 Phoen.

1041 3165 1120 3200 554.
1142 3169 1252 3200 Klotz.
1274 3172 1403 3209 quaest.
1425 3169 1499 3200 crit.
1522 3179 1554 3208 p.
1577 3166 1640 3207 253
1670 3172 1705 3200 et
1727 3173 1806 3200 ante
1823 3170 1881 3201 hos
1907 3171 1971 3201 iam
1990 3171 2056 3201 fuit

1041 3216 1248 3246 observatum
1270 3227 1287 3245 a
1306 3216 1466 3246 Valcken.
1488 3216 1526 3246 ad
1545 3216 1672 3247 Phoen.
1693 3212 1773 3247 557.
1810 3217 2052 3257 Exemplorum

1040 3263 1079 3292 ab
1104 3262 1165 3293 hoc
1188 3263 1325 3302 quidem
1355 3265 1585 3299 congestorum
1616 3273 1723 3294 unum
1749 3264 1965 3295 eximendum
1998 3264 2053 3296 OC

1041 3305 1120 3349 379,
1142 3309 1178 3339 in
1196 3319 1260 3350 quo
1279 3310 1405 3350 quippe
1424 3312 1475 3340 est
1493 3306 1611 3355 ἔγωγε.
1641 3309 1655 3351 ΙΙ
1682 3310 1772 3341 Non
1797 3313 1912 3341 tenet
1938 3321 2053 3342 suum

204 3346 328 3396 Τροίαν
345 3347 373 3386 σ’
390 3351 481 3388 ἑλεῖν
500 3353 553 3388 δεῖ
569 3355 688 3387 Ulixes
705 3357 910 3388 Philoctetae
923 3357 1004 3387 dicit
1039 3356 1192 3395 ubique
1218 3356 1361 3387 locum.
1407 3357 1507 3387 Initio
1531 3366 1647 3388 versus
1671 3357 1774 3388 semel
1800 3358 1913 3388 Herm.
1942 3359 2054 3398 posuit

120 3394 354 3440 *mammet
369 3401 424 3433 hic
449 3399 614 3437 οὐδέποτέ
643 3413 681 3449 γε
706 3399 788 3436 999.
809 3420 849 3426 -
871 3400 921 3448 μή
947 3413 1002 3437 πω
1040 3402 1094 3434 ΕΙ.
1118 3398 1204 3434 1261
1224 3413 1268 3435 ιιι.
1289 3400 1340 3440 τίς
1359 3400 1420 3436 οὖν
1438 3400 1478 3437 ἂν
1496 3400 1591 3445 ἀξίαν
1609 3403 1623 3446 ΙΙ
1640 3414 1677 3449 γε
1703 3405 1763 3439 σοῦ
1780 3402 1992 3449 πεφηνότος;
2021 3408 2054 3439 at
