2288 3600
109 137 160 183 z]

827 122 922 176 Καί

1807 123 1906 173 355

13 217 26 233 ²
50 245 212 286 confundi
238 245 305 277 iam
330 242 462 276 Schaef.
490 243 620 276 notavit
643 241 686 275 ad
710 241 861 282 Longum
896 236 1006 273 καίτοι
1029 236 1179 284 τοσαύτη
1203 235 1321 284 τέρψις
1347 234 1426 270 775.
1469 235 1583 272 καίτοι
1605 235 1638 271 τί
1656 241 1778 284 φωνῶ;
1803 235 1906 272 1132.

30 310 115 334 ,,.--
141 291 157 334 ss
181 287 265 327 Καὶ
283 316 292 324 .
306 316 314 324 .
329 316 336 324 .
357 288 430 324 καί
454 290 492 322 in
507 299 574 322 uno
591 290 767 321 enuntiato
784 297 862 320 con-
897 284 1009 320 καίτοι
1033 283 1136 319 πόθεν
1161 282 1262 322 κλέος
1287 281 1315 330 γ’
1342 281 1383 318 ἂν
1399 283 1568 332 κατέσχον
1586 286 1666 317 Ant.
1688 281 1756 318 502
1772 283 1905 327 (Herm.

111 340 211 371 etiam
227 339 429 379 significant.
474 334 564 383 ῥάκη
582 333 766 382 προθέντες
785 333 863 380 βαιὰ
898 331 958 367 καί
973 331 1052 389 τοι).
1072 330 1183 366 καίτοι

21 385 44 425 ,l
68 383 172 432 βορᾶς
196 382 413 432 ἐπωφέλημα
429 383 489 417 Ph.
509 380 589 416 274.
634 380 767 417 ἐλεοῦσι
786 380 859 428 μὲν,
901 378 928 413 σ’
946 378 1013 425 ἐγὼ
1039 377 1167 426 τίμησα
1183 377 1203 412 9

1202 329 1358 412 Ἑθιμένῳ
1381 325 1454 378 μέγ’
1470 330 1614 366 ἀκοῦσαι
1632 328 1700 364 836
1717 332 1768 364 ch.
1797 331 1909 366 καίτοι

1230 377 1262 411 4.
1305 377 1416 413 καίτοι
1440 378 1498 412 καὶ
1523 378 1622 425 γενεᾷ
1637 377 1748 423 τίμιος
1767 375 1835 411 949
1854 381 1905 412 ch.

0 441 66 478 μτι
87 431 146 467 καὶ
170 430 275 478 βορᾶς
302 430 405 477 μέρος
434 428 644 477 προσέδοσαν
666 427 747 462 308.
800 429 864 462 Sed
899 425 1011 461 καίτοι
1035 424 1193 461 δέδοκται
1223 427 1277 459 Tr.
1306 423 1385 458 719.
1437 425 1549 460 καίτοι
1577 424 1713 471 σμικροὶ
1742 425 1910 472 σφαλερὸν

0 477 136 526 'gebatur
159 477 228 513 κάκ
247 477 355 512 τῶνδε
372 475 495 515 καῦθις
513 478 633 518 Naupl.
655 478 695 509 fr.
717 473 796 516 379,
819 474 860 508 5:

0 534 55 569 mc
71 521 96 573 γ’
113 523 211 564 αὖθις
229 523 346 571 [immo
357 536 388 558 τ.
406 523 475 558 δέκ’
489 521 604 568 αὖθις]
621 525 743 556 editur.
759 540 862 556 -.—

0 573 98 621 ι[μήν
122 575 224 616 atqui,
245 577 275 605 et
291 582 377 604 vero,
404 573 661 613 Ineptissimum
677 572 718 603 de
735 571 788 603 his
805 571 864 602 de-

0 623 140 665 jnrostat
166 622 278 653 nescio
301 620 397 652 cuius
423 620 524 660 Angli
549 619 641 651 Diar.
671 617 775 650 Class.
805 614 861 650 33.

0 668 163 712 statatum
187 669 227 700 ab
251 668 366 701 Herm.
395 667 435 699 ad
461 667 575 707 Antig.
597 662 666 698 554
687 662 759 710 [cui
783 665 865 697 adde

0 716 40 753 nd
62 716 147 749 Dev.
176 711 210 756 2,
231 711 299 746 650
316 724 388 755 sqq.
424 714 590 753 Hartung.
618 709 652 754 2,
673 709 740 745 376
759 709 861 756 sqq.]‚

2 763 68 796 mic
99 771 203 795 novae
228 770 388 805 personae
413 762 588 792 introitum
612 759 774 800 indicari,
800 759 867 790 nisi

0 819 61 857 γε.
98 809 298 842 Elmsleium
321 818 393 841 esse
411 809 578 850 suspicor,
607 809 665 848 qui
682 807 771 839 idem
787 815 865 847 pro-

0 857 120 899 ,eritad
133 855 216 889 Eur.
230 856 360 888 Heracl.
376 851 453 887 119.
479 855 552 887 Non
567 855 743 886 nuntiatur
760 854 862 885 illud:

0 910 12 948 ιι
36 902 126 938 ὀκνῶ
150 901 212 949 μέν
230 902 288 936 OR
305 899 384 935 749.
429 900 487 935 καὶ
513 900 582 946 μὴν
608 898 755 946 μάλιστα
776 893 867 934 τοῦτ’

0 951 35 1037 ,ἴ
62 947 172 991 1005,
198 950 257 982 ubi
279 959 322 982 ne
345 950 436 982 locus
462 950 598 991 quidem
643 959 659 981 ε
681 947 864 980 inserendi.

0 1003 64 1095 ίῧευ
88 1047 110 1089 ῆ
130 1055 172 1089 με
188 1041 358 1083 θεσπίζειν
376 1041 484 1089 λέγων
505 1040 595 1075 1054
610 1052 652 1075 ne
666 1043 719 1075 hic
732 1044 868 1083 quidem

0 1093 83 1138 ffloni
99 1092 229 1133 potuit,
256 1100 318 1124 nec
334 1092 370 1123 in
386 1089 445 1124 καὶ
462 1089 532 1135 μὴν
549 1087 693 1135 θυραῖος
710 1091 764 1122 Ai.
787 1086 866 1121 794.

0 1147 19 1182 ρ,
38 1137 88 1173 ἔτι
113 1136 179 1177 ζῶν
206 1135 320 1184 ἐφίετο
346 1134 425 1170 990.
469 1135 528 1170 καὶ
554 1136 622 1182 μὴν
650 1131 745 1183 ἔγωγ’
772 1129 869 1170 ἕσωσ’

0 1183 74 1234 ἱρὸν.
89 1182 181 1231 ὄκνῳ
199 1185 253 1217 El.
269 1181 348 1218 321.
377 1183 436 1218 καὶ
454 1184 523 1230 μὴν
541 1182 664 1242 ἐφίημι
682 1181 761 1216 556.
784 1184 871 1216 Con-

0 1236 23 1272 ῥ,
44 1242 186 1275 persona
211 1233 402 1265 inducitur:
431 1229 491 1265 καὶ
517 1230 585 1276 μὴν
611 1229 693 1271 αναΕ
719 1224 768 1264 ὅδ’
786 1229 869 1275 ἧμιν

0 1278 109 1327 ,θρόνος
182 1277 258 1313 σεύς
274 1279 329 1312 00
347 1276 427 1312 549.
475 1277 533 1312 καὶ
552 1278 620 1325 μὴν
639 1277 677 1312 ὅδ
703 1275 802 1323 ἡμῖν,
823 1277 870 1314 ὡς

0 1324 40 1369 {pfl
60 1324 152 1366 ξένος
190 1324 343 1371 δοιπορεῖ
361 1322 461 1383 1249.
504 1325 564 1359 καὶ
582 1325 734 1384 μὴννπρὸ
753 1322 870 1382 πυλῶν

0 1370 335 1466 ἕῖἔῖεΑοῖη’.ἶῗὸὦῖζ’
351 1367 871 1467 εέβὲιᾷῗαῖἰῗξὲζξζῖεῗ”ιξὲἓ

901 472 1030 520 πύργου
1049 471 1140 521 ῥῦμα
1157 471 1317 507 πέλονται
1335 475 1388 505 Ai.
1414 470 1479 505 158
1496 483 1548 505 an.
1592 472 1705 506 καίτοι
1724 483 1758 505 σε
1775 472 1833 506 καὶ
1850 476 1908 506 νῦν

901 520 1026 568 ζηλοῦν
1053 520 1124 567 ἔχω
1149 518 1228 553 552.
1272 518 1381 554 καίτοι
1406 520 1442 553 σὲ
1469 520 1531 564 μὲν
1555 518 1657 554 κάκεῖ
1680 519 1909 567 προσαυῦήσω

901 567 982 602 855.
1024 568 1137 602 καίτοι
1151 570 1260 602 κακοῦ
1278 567 1361 610 πρὸς
1378 565 1499 613 ἀνδρός
1521 564 1619 599 1071.
1662 566 1773 601 καίτοι
1789 567 1828 600 τὸ
1849 566 1909 612 μὲν

903 614 1032 650 δίκαιον
1052 609 1073 662 ᾖ
1103 614 1140 648 σὺ
1159 613 1283 661 κρίνεις
1301 616 1353 646 El.
1375 611 1454 647 338.
1499 613 1611 648 καίτοι
1636 612 1749 648 πολλὰ
1774 612 1910 653 ἐξεῖπας

903 660 971 696 520
993 661 1126 706 (Herm.
1154 661 1213 696 καί
1237 660 1315 706 τοι).
1343 679 1447 695 -.-
1473 662 1487 704 ΙΙ
1514 657 1742 696 Καίτοι...
1764 672 1809 708 γε
1835 671 1911 694 cum

903 711 1160 752 amplificatione
1185 715 1242 742 aut
1266 711 1477 741 restrictione
1501 710 1633 742 dicitur.
1682 708 1794 742 καίτοι
1817 708 1855 743 τό
1881 703 1910 755 γ’

904 751 1027 803 αἴνιγμ’
1052 755 1130 815 οὐχὶ
1154 754 1349 794 τούπιόντος
1374 755 1416 802 ἦν
1442 755 1583 790 διειπεῖν
1604 757 1662 788 OR
1679 753 1757 788 393.
1801 754 1911 790 καίτοι

902 803 1063 839 τοσοῦτόν
1140 802 1217 837 οἶδα
1242 802 1330 836 1455
1357 801 1480 848 [καίτοι
1499 814 1534 836 σε
1552 801 1664 849 Θῆβαί
1681 800 1708 849 γ’
1727 801 1790 837 οὐκ
1812 801 1912 836 ἐπαί-

904 850 1024 885 δευσαν
1049 850 1156 884 κακόν
1181 851 1235 884 Oc
1254 847 1342 891 919,
1371 852 1412 883 de
1434 861 1499 892 quo
1525 852 1594 882 loco
1621 861 1651 882 v.
1673 851 1838 891 Hartung.
1858 860 1907 890 gr.

904 901 990 931 Part.
1015 897 1044 940 1,
1065 896 1134 930 404
1151 903 1186 930 et
1196 895 1292 942 411J.
1321 896 1432 931 καίτοι
1448 896 1608 931 τοσοῦτόν
1627 891 1656 942 γ’
1675 896 1911 937 ἐξεπίστασθαι

905 945 997 980 δοκῶ
1017 947 1069 977 Ai.
1082 943 1162 978 441.
1190 943 1302 979 καίτοι
1318 944 1478 978 τοσοῦτόν
1492 943 1520 991 γ’
1534 943 1612 978 οἰδα
1630 945 1679 977 El.
1694 942 1762 977 332
1776 945 1908 987 (Herm.

94 995 166 1042 νῷν
183 995 271 1031 ἐστιν
288 995 311 1041 ἡ
329 991 507 1042 Ἐαμαρτία
523 997 604 1028 Ant.
641 993 697 1028 58.
726 993 784 1028 καὶ
799 994 867 1040 μὴν
902 991 1054 1036 καίτοι).
1078 1011 1180 1025 —.-
1199 992 1213 1035 ΙΙ
1232 993 1297 1024 Eas
1314 997 1425 1024 autem
1442 994 1681 1034 particularum
1700 993 1914 1024 consociatio—

905 1050 983 1081 nes,
1011 1042 1047 1072 in
1071 1041 1193 1081 quibus
1217 1037 1276 1073 καί
1293 1041 1360 1071 vim
1377 1041 1578 1081 peculiarem
1595 1041 1733 1072 minime
1751 1040 1910 1080 ostendit,

906 1089 999 1120 velut
1022 1088 1051 1119 si
1075 1097 1151 1119 cum
1167 1088 1333 1119 adverbiis
1350 1091 1384 1119 et
1400 1088 1720 1128 praepositionibus,
1748 1085 1806 1119 καὶ
1823 1085 1910 1127 εἶτα,

905 1134 963 1168 καὶ
989 1133 1124 1175 ἔπειτα,
1151 1133 1210 1167 καὶ
1227 1132 1282 1174 ἐν,
1311 1132 1369 1167 καὶ
1388 1132 1460 1174 ἐπί,
1486 1136 1568 1166 item
1585 1144 1661 1166 cum
1678 1131 1738 1174 ἄν,
1767 1134 1913 1166 hocloco

906 1191 972 1214 non
989 1191 1072 1223 opus
1089 1191 1305 1213 enumerare:
1334 1183 1456 1222 quibus
1472 1179 1532 1215 καί
1549 1182 1623 1213 aliis
1642 1182 1831 1222 subiicitur,
1854 1190 1914 1213 suo

906 1231 976 1262 loco
1001 1229 1229 1270 quaerendae,
1257 1229 1351 1260 velut
1376 1226 1418 1274 δὴ
1443 1227 1521 1270 καί,
1546 1226 1568 1274 ἦ
1596 1233 1630 1261 et
1651 1226 1674 1272 ἢ
1692 1225 1766 1268 καί,
1796 1225 1826 1261 εἰ
1842 1225 1910 1261 καί.

977 1277 1014 1308 Β.
1043 1277 1096 1308 Ad
1113 1275 1308 1308 adverbii
1332 1277 1509 1316 propius
1534 1275 1702 1307 accedit
1728 1275 1915 1307 indolem

906 1321 996 1364 καί,
1026 1333 1102 1355 cum
1127 1323 1293 1364 significat
1318 1324 1437 1354 etiam:
1464 1323 1552 1364 quod
1576 1333 1682 1363 genus
1709 1323 1749 1354 ad
1775 1323 1915 1354 aliarum

908 1380 1039 1412 quoque
1064 1371 1303 1412 particularum
1330 1371 1418 1411 vim,
1447 1372 1541 1402 velut
1566 1371 1651 1411 iam,
1679 1369 1798 1410 adhuc,
1818 1373 1911 1410 certe,

907 1420 1008 1460 quin,
1036 1419 1167 1458 insuper
1184 1418 1334 1449 inclinat.
1357 1435 1460 1450 —.—
1490 1415 1520 1449 1.
1547 1417 1561 1459 ΙΙ
1586 1426 1662 1449 cum
1686 1419 1855 1448 nomine
1879 1419 1917 1448 et

0 1466 104 1556 ἱμὴν
130 1467 166 1506 ἐς
191 1465 292 1501 αὐτὸν
318 1465 436 1513 καιρὸν
463 1465 534 1501 οἵδε
558 1465 698 1514 πλησίοι
719 1465 870 1512 πάρεισιν
904 1467 1164 1506 pronomine
1188 1466 1350 1505 iungitur.
1402 1462 1527 1502 καύτὸς
1557 1463 1604 1497 ὢν
1626 1463 1702 1501 νέος
1732 1462 1827 1519 εἶχον
1852 1464 1913 1496 Ph.

91 1514 152 1548 καὶ

0 1558 67 1607 {mul
90 1561 158 1608 μὴν
200 1566 290 1607 υρῶν
309 1559 410 1600 ἔδοξα
425 1559 630 1607 προσπόλων
645 1560 736 1599 τινὸς
754 1558 872 1595 αἰσθέ-

0 1606 88 1647 Ξιι78.
119 1607 179 1642 καὶ
197 1608 265 1653 μὴν
283 1608 435 1654 πάρεισιν
453 1606 526 1642 οἵδε
545 1606 645 1641 1422.
680 1609 722 1640 In
739 1610 780 1640 fr.
802 1610 868 1640 inc.

0 1655 101 1699 mum
133 1666 185 1698 ap.
221 1656 366 1696 Hesych.
402 1656 570 1696 legeretur
601 1654 660 1689 καὶ
694 1654 760 1701 μή,
798 1657 871 1687 iure

0 1701 83 1748 ᾒῑιιαὶ
97 1701 166 1748 μήν
180 1705 326 1745 scripsit.
345 1720 448 1735 —.-
467 1702 481 1745 ΙΙ
499 1698 584 1737 Καὶ
611 1701 694 1748 μὴν
720 1713 764 1749 γε
782 1703 871 1734 idem

66 1760 106 1782 us
132 1751 288 1783 enuntiat
305 1748 523 1795 [singularem
543 1751 686 1782 efferens
704 1760 819 1782 vocem
836 1760 868 1781 v.
908 1747 974 1783 ἀλλ

0 1796 144 1841 ἶρᾶΠθν.
167 1794 201 1838 2,
222 1794 317 1842 652].
361 1795 420 1830 καὶ
448 1795 517 1842 μὴν
543 1796 611 1843 ἐρῶ
636 1809 674 1843 γε
698 1797 759 1829 Ph.
789 1793 868 1829 660.

0 1843 82 1893 Ψτά
103 1842 133 1890 γ’
157 1842 246 1878 ἄλλα
271 1842 376 1890 κωφὰ
399 1843 457 1878 καὶ
483 1841 597 1878 παλαί’
622 1843 689 1890 ἔπη
715 1843 773 1876 OR
788 1840 868 1876 290.

0 1889 244 1976 i*2““⁹.ii.⁰z.22
261 1888 650 1971 333‡2353·1,x“³‡²⁷2:
666 1887 873 1983 ‘frigidi'

0 1981 48 2081 ἐς
72 1950 152 2018 ςΡαΙ.
177 1986 264 2018 Flor.
286 1982 312 2019 Γ
329 1982 357 2020 Δ
373 1996 411 2032 γε
435 1949 609 2026 omittagt',
645 1965 717 2027 ipse
742 1995 873 2027 quoque

10 2039 11 2042 ’
66 2037 161 2074 puto.
203 2031 263 2066 καὶ
289 2031 357 2078 μὴν
384 2031 489 2079 μέγας
513 2027 542 2079 γ’
560 2030 740 2079 ὀφθαλμὸς
758 2031 790 2066 οί
806 2044 875 2066 πα-

0 2074 80 2132 ῂοι
106 2076 174 2113 987
199 2090 236 2126 γε
259 2081 425 2112 insertum
450 2089 565 2112 versus
590 2081 751 2113 fulciendi
777 2090 876 2112 causa

25 2146 37 2180 .'
59 2127 101 2183 {d
116 2127 242 2159 Phoen.
266 2123 367 2184 1638.
396 2125 455 2160 καὶ
473 2126 541 2172 μὴν
559 2126 660 2185 χάριν
677 2121 705 2174 γ’
723 2124 763 2160 ἂν
781 2124 874 2165 ἀξίαν

55 2184 89 2207 υ
108 2170 208 2206 1004.
245 2185 304 2207 και
662 2172 676 2184 Ὗ

323 2173 582 2256 μὴἶίφρονοῡσα
597 2187 617 2220 γ
643 2185 680 2208 ευ
697 2172 740 2207 τὰ
757 2171 876 2218 λῷστά

63 2217 163 2253 1066.
206 2219 265 2254 καὶ
308 2220 351 2266 ὴν
407 2220 527 2265 ρέοντά
543 2215 571 2267 γ’
589 2219 661 2255 ἴσθι
678 2231 730 2255 σοι
745 2219 874 2255 τούτων

32 2277 124 2302 ντα
154 2267 210 2300 OC
233 2232 313 2300 397.
357 2267 416 2302 καὶ
439 2268 508 2314 μὴν
534 2267 552 2302 ὁ
578 2265 698 2314 μισθός
723 2266 752 2313 γ’
777 2266 875 2306 οὗτος

44 2338 53 2348 .
94 2313 153 2348 καὶ
178 2313 246 2360 μὴν
273 2312 408 2361 φόβοισί
424 2310 454 2362 γ’
471 2314 571 2349 αὐτὸν
590 2314 799 2360 ἐξελυσάμην
817 2317 871 2347 Ai.

33 2361 198 2395 bendum
222 2367 303 2403 puto
321 2361 364 2407 φό
390 2373 484 2396 οισιν.
528 2361 588 2396 καὶ
613 2362 681 2408 μὴν
707 2360 814 2400 πέλας
838 2373 876 2408 γε

24 2419 28 2423 ·
59 2434 60 2437 η
93 2406 300 2455 φυλάσσεται
317 2407 360 2442 53
390 2435 396 2441 .
440 2408 499 2443 καὶ
524 2409 592 2455 μὴν
610 2409 745 2455 ποιήσω
762 2421 799 2456 γε
817 2410 871 2442 El.

34 2453 74 2500 :l
107 2454 187 2537 μ’ὴΙν<
209 2454 292 2502 ὁρᾷς
323 2467 361 2502 γε
392 2459 507 2502 παῦρα
537 2460 606 2490 τῶν
641 2455 734 2502 ἐμῶν
757 2461 875 2490 κακῶν

24 2501 98 2535 ”..-
117 2501 131 2544 ΙΙ
198 2502 326 2548 αίπερ
352 2513 428 2536 cum
451 2505 626 2545 participio
649 2506 716 2536 dici
741 2505 877 2536 solitum

22 2555 56 2576 ='=
71 2559 87 2582 s
103 2551 227 2582 rectius
243 2547 303 2583 καί
319 2560 382 2596 περ
400 2552 578 2591 scribatur,
609 2552 667 2592 qui
682 2552 876 2583 inconstan-

34 2603 58 2623 ἰι
74 2612 77 2622 2
109 2593 222 2630 οὐκέτι
245 2601 280 2630 et
296 2594 360 2630 οὐκ
378 2596 447 2638 ἔτι,
475 2595 586 2631 καίτοι
603 2602 637 2629 et
652 2595 713 2631 καί
727 2609 780 2631 τοι
798 2600 879 2630 scri-

3 2635 57 2681 5²,
72 2653 114 2677 ’.τε
161 2640 200 2677 οὐ
225 2642 389 2689 δύσοργος
413 2643 460 2678 ὤν
484 2645 546 2676 Ph.
568 2641 646 2676 377.
690 2643 812 2690 καίπερ
831 2643 878 2678 ὢν

103 2653 246 2770 τςᾝμων
271 2686 351 2749 48Ᾰ.
404 2689 491 2725 ἔστιν
516 2691 564 2725 ὧν
590 2689 661 2732 δεῖ,
688 2690 813 2738 καίπερ
839 2689 878 2725 ού

4 2736 55 2786 J.-
69 2755 71 2760 ·
83 2747 101 2771 ο
125 2735 147 2770 6
172 2736 194 2770 7
217 2747 286 2770 non
301 2742 339 2770 ut
351 2748 389 2770 etc
405 2749 528 2778 mayna
544 2740 639 2778 copia
655 2738 791 2779 deliyere
803 2748 880 2779 pos-

6 2785 26 2827 ’ζ
40 2783 46 2810 J
57 2783 127 2817 loco
147 2786 363 2826 participium
380 2795 443 2818 nec
459 2786 536 2817 addi
551 2795 614 2817 nec
630 2786 802 2817 subaudiri
818 2795 878 2827 po-

5 2828 100 2876 .”,γι-ρ
117 2829 198 2865 ὄντα
216 2830 365 2878 δυσμενῆ
386 2833 440 2864 Ai.
464 2829 540 2864 122.
571 2830 694 2878 καίπερ
712 2826 767 2866 ὧδ’
788 2831 880 2866 ἀτώ-

47 2894 50 2897 ’
114 2875 223 2924 λέγεις
240 2875 358 2925 ἀληθῆ
370 2905 378 2919 ,
406 2876 528 2924 καίπερ
547 2877 586 2911 ἐκ
605 2881 737 2924 μακροῦ
753 2878 879 2926 χρόνου

14 2946 30 2967 .3
48 2958 52 2962 ,
77 2926 257 3004 γιγνώσκω
274 2930 402 2972 σαφῶς,
423 2924 546 2971 καίπερ
564 2924 745 2967 σκοτεινάς,
762 2925 826 2972 τὴν
844 2937 881 2972 γε

103 2983 176 3016 μως
195 2970 295 3006 1326.
325 2971 495 3010 σκοτεινός
519 2982 576 3014 pro
601 2974 777 3014 participio
802 2974 878 3014 dici,

6 3012 34 3064 ’,ῗ
60 3038 74 3045 --
94 3029 143 3051 m
159 3019 206 3052 ὤν
222 3020 366 3051 videtur.
396 3013 436 3052 δι’
454 3018 564 3065 ὅρκων
582 3017 704 3064 καίπερ
721 3019 768 3053 ὢν
782 3018 882 3054 ἀπώ-

7 3066 60 3110 ÷”'··5
76 3089 85 3098 .
114 3062 193 3098 394.
236 3064 358 3112 καίπερ
383 3065 490 3112 γέρων
509 3066 556 3099 ὤν
582 3067 717 3106 Thyest.
738 3068 777 3099 fr.
798 3063 878 3107 238,

7 3105 54 3157 '³3
85 3106 244 3147 Καίτοι
269 3123 296 3146 s,
315 3111 388 3146 καί
411 3124 477 3147 τοι
494 3111 571 3157 (sed
588 3115 792 3146 coniunctim
809 3123 883 3146 mea

8 3162 16 3201 J
31 3161 52 3203 ,ᾗ
65 3158 250 3204 scribetur]
276 3164 385 3192 tamen
401 3163 483 3191 certe
500 3170 526 3192 s.
549 3170 738 3202 quanquam
755 3160 883 3201 quidem

4 3245 5 3251 γ
31 3201 61 3229 ’·
100 3205 141 3238 ad
155 3207 232 3247 Vig.
252 3203 320 3239 529
338 3217 409 3248 sqq.
453 3207 561 3239 Klotz.
583 3208 623 3239 ad
639 3208 724 3239 Dev.
745 3204 778 3247 2,
800 3203 879 3239 653.

36 3247 97 3294 Ὦ,
117 3249 213 3297 362].
241 3252 354 3287 καίτοι
372 3252 410 3287 σὺ
430 3252 492 3298 μὲν
509 3251 624 3301 κλοπῇ
642 3252 750 3299 ζυγεὶς
768 3251 883 3290 ἔπλεις

10 3339 11 3343 ¹
46 3306 58 3309 ⁹
88 3297 164 3331 Ph.
186 3297 286 3332 1025.
330 3299 444 3334 καίτοι
467 3298 494 3332 σ’
517 3299 609 3334 ἐάσω
630 3297 729 3332 1257.
773 3298 884 3334 καίτοι

6 3379 7 3384 ,
55 3343 132 3383 νός
155 3343 185 3392 γ’
209 3345 227 3380 ὁ
246 3345 408 3392 δύστηνός
425 3358 506 3380 ποτε
522 3345 708 3381 κατέκτανε
725 3348 784 3380 OR
799 3344 879 3380 855.

6 3388 8 3410 ¹*
50 3423 54 3428 ,
97 3389 165 3437 ἐγὼ
180 3393 286 3431 κακὸς
305 3393 403 3440 φύσιν
421 3393 475 3427 ΟΟ
493 3392 562 3426 270
577 3393 706 3437 [Herm.
726 3392 784 3428 καί
799 3394 881 3438 τοι).

176 1514 249 1596 μὴν
279 1512 359 1548 ἰδὼν
385 1513 531 1548 ἔσπευσα
555 1513 611 1548 τὸν
637 1512 871 1561 στρατηλάτην
907 1509 963 1544 96.
1008 1510 1103 1558 ε’ίπερ
1127 1510 1225 1558 κάγώ
1241 1523 1273 1545 τι
1291 1515 1406 1557 φρονῶ
1427 1509 1492 1544 192
1510 1522 1563 1543 an.
1593 1513 1636 1544 cf.
1657 1509 1705 1544 '60’
1724 1522 1803 1544 οιοα
1818 1509 1915 1557 κάγώ

907 1559 963 1592 OC
980 1556 1024 1592 53
1042 1564 1202 1600 quantum
1217 1559 1365 1600 equidem
1382 1561 1458 1591 scio.
1498 1557 1520 1603 ἠ
1538 1556 1603 1604 γὰρ
1622 1557 1784 1604 μετέσχες
1800 1556 1859 1592 καὶ
1877 1557 1916 1592 σὺ

907 1605 1005 1640 τοῦδε
1031 1608 1090 1640 τοῦ
1116 1605 1242 1646 πόνους
1270 1607 1331 1638 Ph.
1361 1603 1440 1638 248.
1485 1604 1507 1651 ἠ
1532 1605 1596 1652 γάρ
1620 1617 1653 1638 τι
1676 1606 1736 1639 καὶ
1762 1605 1799 1639 σὺ
1826 1604 1917 1652 ἔγεις

908 1649 1053 1699 ἔγκλημ’
1076 1647 1265 1699 Ἀτρείδαις
1290 1650 1370 1685 322.
1415 1652 1465 1686 ὅτι
1485 1651 1532 1699 χή
1553 1651 1685 1698 Σκῦρος
1703 1651 1836 1698 ἀνδρῶν
1855 1646 1918 1687 ἆλ-

907 1700 1025 1759 κίμωνΊ
1038 1699 1152 1757 μήτηρ
1172 1699 1235 1747 ἔφυ
1255 1697 1334 1732 326.
1370 1701 1424 1746 χώ
1441 1698 1542 1746 λόγος
1559 1698 1665 1738 καλὸς
1683 1702 1814 1780 προσῆίν
1832 1697 1913 1733 352.

1006 1759 1029 1793 η
1054 1759 1179 1794 γουτος
1203 1746 1336 1795 οἴχεται
1353 1741 1485 1788 θάνών;
1508 1745 1587 1780 414.
1632 1745 1722 1781 ἀλλα
1737 1758 1785 1794 χα
1815 1745 1919 1803 σοφαὶ

908 1800 1041 1842 γνῶμαι
1068 1787 1319 1840 ’ἐμποδίζονται
1360 1792 1425 1827 431
1469 1806 1501 1826 v,
1536 1793 1724 1839 ἐμποδίζω.
1791 1805 1918 1841 χουτος

907 1839 986 1876 τεθν
1014 1843 1084 1879 κὼς
1101 1840 1144 1886 ἠν
1163 1839 1243 1874 435.
1275 1834 1473 1882 κάξυΑιδου
1492 1839 1605 1876 θανὼν
1623 1841 1707 1888 πρὸς
1753 1846 1800 1880 ὥς
1817 1840 1919 1874 ἀνελ-

909 1888 984 1924 θεῖν
1024 1887 1081 1921 24.
1109 1887 1199 1922 ἀλλὰ
1215 1887 1400 1922 κάκείνοισι
1415 1883 1506 1922 ταῦτ’
1524 1888 1658 1923 ἐναντία
1676 1853 1754 1921 642.
1791 1887 1849 1922 καί
1867 1899 1919 1922 σοι

910 1935 1076 1974 πολλάκις
1107 1930 1176 1969 τόδ’
1202 1934 1350 1982 εὐξάμην
1378 1933 1467 1969 1019
1499 1940 1530 1968 et
1607 1937 1747 1978 quidem.
1783 1937 1915 1968 Wakef.

910 1986 996 2017 coni.
1017 1982 1145 2024 καίτοι,
1174 1985 1354 2015 inutiliter.
1398 1982 1429 2016 εἴ
1452 1994 1485 2016 τι
1508 1977 1594 2027 κάμ’
1611 1981 1792 2029 οἰκτείρετε
1815 1980 1915 2015 1042.

908 2030 1015 2065 ταῦτά
1040 2042 1092 2065 σοι
1131 2029 1242 2076 ,ἡμεῖς
1295 2041 1378 2075 αμεν
1399 2028 1499 2063 1073.
1545 2028 1639 2064 οὗτοι
1658 2030 1843 2077 νεμεσητὸν
1859 2028 1920 2063 καὶ

910 2077 1001 2124 παρὰ
1017 2080 1096 2112 νοῦν
1139 2081 1228 2124 ροεῖν
1249 2042 1337 2110 1195
1355 2088 1398 2109 m.
1436 2076 1526 2111 ἀλλὰ
1541 2076 1634 2122 κάμέ
1648 2089 1702 2111 τοι
1719 2075 1795 2123 ὄψει
1813 2075 1915 2110 1255.

909 2126 963 2172 χώ
993 2124 1094 2172 λόγος
1124 2123 1256 2159 τοιόσδε
1289 2136 1354 2170 μου
1384 2122 1473 2157 1385
1499 2129 1593 2166 atque
1616 2127 1714 2157 etiam
1739 2126 1916 2165 significat,

911 2183 987 2206 cum
1008 2174 1185 2214 copulans,
1215 2177 1288 2204 tum
1305 2169 1429 2204 addens
1446 2173 1573 2214 aliquid
1590 2183 1666 2204 cum
1683 2173 1915 2214 praeferentia.

910 2219 969 2253 καὶ
996 2219 1047 2253 σοὶ
1071 2222 1179 2253 ταῦτα
1201 2212 1376 2267 παρῄνεσα
1404 2216 1492 2251 1433
1519 2220 1575 2251 tibi
1599 2229 1722 2260 quoquc
1738 2219 1917 2261 praecipio.

910 2265 1007 2313 κάγὼ
1030 2267 1171 2312 γνώμην
1196 2266 1302 2314 ταύτῃ
1320 2264 1456 2310 τίθεμαι
1476 2263 1565 2298 1448
1582 2277 1635 2298 an.
1703 2266 1816 2312 ὥσπερ
1833 2263 1921 2299 καύ-

911 2313 969 2351 τὸς
987 2314 1122 2360 εἰσορᾷς
1141 2315 1197 2346 OR
1213 2311 1269 2345 22.
1299 2312 1434 2350 καὶτὰς
1451 2311 1626 2359 ξυμφορὰς
1645 2312 1753 2352 ζώσας
1772 2311 1841 2359 ὁρῶ
1860 2310 1917 2345 44.

911 2359 1002 2407 λέγω
1019 2360 1082 2407 γὰρ
1099 2359 1157 2394 καὶ
1173 2359 1216 2394 τὰ
1234 2359 1386 2405 δύσφορα
1400 2358 1493 2393 πάντ’
1508 2358 1548 2393 ἂν
1562 2359 1717 2407 ευτυγεῖν
1730 2358 1788 2393 87.
1816 2358 1921 2393 πλέον

913 2407 1006 2455 φέρω
1023 2407 1061 2442 τὸ
1078 2406 1214 2448 πένθος,
1234 2405 1257 2452 ἢ
1272 2406 1330 2440 καὶ
1346 2410 1409 2452 τῆς
1428 2405 1516 2452 ἐμῆς
1533 2401 1744 2464 ψυχηςπέρι
1762 2405 1807 2439 94
1823 2416 1922 2448 quam

912 2457 963 2486 vel
987 2458 1119 2487 animae
1144 2464 1244 2486 meae.
1289 2453 1319 2487 εἴ
1344 2465 1426 2487 ποτε
1450 2454 1507 2488 καὶ
1531 2465 1698 2500 προτέρας
1726 2453 1808 2491 ἄτας
1838 2451 1922 2499 ὅπερ

911 2501 1058 2547 ἠνύσατε
1079 2499 1144 2534 165
1162 2503 1212 2534 ch.
1246 2500 1277 2535 εἴ
1293 2513 1344 2539 τις
1361 2498 1384 2546 ἢ
1404 2499 1504 2546 φίλου
1524 2500 1635 2538 δείσας
1651 2499 1674 2546 ἢ
1692 2501 1820 2547 χαύτοῦ
1838 2497 1918 2532 234.

914 2549 944 2584 εἰ
967 2548 1027 2582 καὶ
1048 2542 1131 2594 τρίτ’
1155 2546 1241 2590 ἐστί,
1265 2547 1314 2593 μὴ
1333 2549 1444 2605 παρῇς
1461 2546 1541 2581 283.
1584 2546 1658 2593 ἥξει
1673 2547 1737 2582 κᾶν
1756 2548 1824 2594 ἐγὼ
1843 2546 1920 2593 σιγῇ

915 2594 1023 2642 στέγω
1041 2594 1108 2629 341
1126 2597 1263 2628 etiamsi.
1309 2593 1331 2628 ἅ
1355 2593 1383 2641 γ’
1403 2594 1477 2640 ηξει
1494 2594 1552 2629 καὶ
1571 2595 1607 2628 σὲ
1623 2594 1692 2642 χρὴ
1710 2594 1820 2641 λέγειν
1839 2592 1919 2627 342.

915 2643 944 2677 εἰ
975 2641 1001 2677 δ’
1031 2641 1212 2689 ἐτύγχανες
1242 2640 1396 2687 βλέπων,
1429 2641 1488 2676 καὶ
1513 2639 1654 2688 τοῦργον
1680 2640 1720 2676 ἂν
1747 2645 1806 2676 σοῦ
1832 2638 1923 2675 τοῦτ’

916 2686 1347 2772 ᾗῖἒέἇῖ”ἕὲ4μόζὲἓῇἶ49ἁο
1361 2687 1500 2769 ἱῖἕωὼῖἱ
1513 2687 1600 2769 ὃηῖἒῖ
1611 2688 1684 2768 1ξέ
1686 2687 1789 2770 λ”σὲἷ
1806 2687 1924 2769 ὀὲίὲζῑῖ,

917 2763 1038 2819 δικαιῶ
1056 2782 1141 2830 ἅπερ
1158 2782 1272 2828 κάμοῦ
1284 2750 1336 2816 γσύι
1349 2749 1431 2815 5751
1473 2747 1620 2816 ἐνξταῦθα
1640 2782 1703 2829 γὰρ
1722 2782 1763 2827 δὴ
1782 2749 1841 2816 κίόιὶ
1857 2794 1923 2815 κα·-

916 2831 978 2870 κὸς
997 2830 1111 2876 φαίνει,
1124 2829 1220 2876 φίλος
1239 2828 1317 2863 582.
1346 2841 1387 2863 τα
1415 2829 1452 2863 ὺν
1471 2828 1524 2863 δεῖ
1539 2829 1631 2875 κάμὲ
1649 2828 1822 2875 βουλεύειν
1840 2825 1920 2862 619.

915 2878 1023 2924 κάμοὶ
1040 2876 1174 2914 πόλεως
1192 2876 1342 2922 μέτεστιν
1357 2874 1376 2908 6
1403 2871 1436 2909 O.
1465 2875 1580 2910 ἔπειτα
1592 2875 1684 2922 κάμέ
1698 2874 1777 2910 648.
1807 2875 1925 2910 δάπτει

918 2925 955 2959 δὲ
972 2924 1031 2959 καὶ
1047 2925 1084 2959 τὸ
1104 2924 1152 2970 μὴ
1165 2917 1293 2958 ”νδικον
1313 2921 1391 2956 681.
1437 2922 1567 2963 δίδαξον
1586 2922 1679 2970 κάμέ
1696 2921 1775 2956 698.
1819 2922 1842 2969 ἦ
1859 2920 1923 2956 κάν

918 2971 1052 3032 δόμοισι
1079 2971 1239 3028 τυγχάνει
1268 2968 1490 3028 παρώνχ757.
1546 2969 1622 3010 ἀξία
1647 2970 1684 3004 δέ
1711 2982 1776 3028 Ιπχου
1801 2968 1925 3025 μαθεῖν

916 3014 1579 3111 ἷὲἶαόνίεῖξάσιναιμῗηίζρὶῧξῐνξῑῗνοῗέθῗγῗέιν
1594 3016 1754 3105 981ῗλιξθί
1761 3015 1926 3098 {ige-{0⁰11

919 3114 1030 3146 credas
1055 3113 1232 3144 abundare.
1278 3113 1435 3143 Refertur
1459 3112 1499 3143 ad
1523 3122 1754 3153 praegressum
1778 3108 1920 3144 πολλοίε
1972 3149 1973 3152 ¹

918 3162 1015 3192 multi
1029 3169 1087 3200 per
1104 3161 1232 3191 somnia
1244 3162 1274 3190 et
1287 3169 1361 3190 cum
1372 3159 1530 3190 matribus
1542 3159 1670 3199 quidem
1684 3160 1751 3190 suis
1764 3159 1921 3190 coierunt.

918 3206 947 3240 εί
999 3205 1042 3252 ρή
1067 3217 1099 3240 τι
1114 3203 1206 3249 κάμὲ
1231 3202 1448 3250 σταθμᾶσθαι
1467 3203 1566 3237 1110.
1612 3203 1689 3238 ὅσον
1712 3216 1750 3251 γε
1765 3202 1829 3238 κάν
1848 3203 1926 3247 ἐμοὶ

920 3219 1072 3339 &gu-'kz
1086 3252 1134 3287 ἔνι
1159 3249 1248 3284 1239
1274 3258 1437 3294 quantum
1462 3254 1496 3283 in
1518 3262 1570 3284 me
1587 3252 1715 3293 quidem
1731 3252 1920 3283 memoriae.

940 3312 955 3334 ε
989 3312 1017 3334 ει

922 3344 1023 3380 1336.
1067 3345 1117 3381 ἔτι
1143 3344 1180 3379 δὲ
1203 3344 1262 3380 καὶ
1280 3344 1375 3383 θεοῖς
1394 3345 1410 3379 ἐ
1427 3343 1603 3391 ,θρότατον
1622 3344 1751 3390 βροτῶν
1772 3342 1860 3377 1345
1878 3354 1923 3376 m.

920 3392 1055 3429 θέλοντι
1084 3391 1190 3440 κάμοὶ
1221 3393 1309 3428 τοῦτ’
1341 3390 1381 3426 ἂν
1404 3357 1447 3438 ἦν
1474 3390 1575 3426 1356.
1620 3390 1736 3426 ἀλαῶν
1761 3389 1931 3436 ὀμμάτων

1578 3447 1653 3483 23⁸·

1088 3298 1148 3334 καὶ
1165 3298 1216 3333 σοί
1232 3296 1332 3331 1294.
1361 3298 1403 3344 ἦν
1420 3296 1527 3339 ταῦθ’,
1546 3297 1706 3345 ὅπωσπερ
1722 3298 1780 3332 καὶ
1799 3296 1838 3331 σὺ
1858 3296 1926 3343 φής
