<?xml version="1.0" encoding="UTF-8"?>
<!DOCTYPE html PUBLIC "-//W3C//DTD XHTML 1.0 Transitional//EN"
    "http://www.w3.org/TR/xhtml1/DTD/xhtml1-transitional.dtd">
<html xmlns="http://www.w3.org/1999/xhtml" xml:lang="en" lang="en">
 <head>
  <title>
</title>
<meta http-equiv="Content-Type" content="text/html;charset=utf-8" />
  <meta name='ocr-system' content='tesseract 3.04.00' />
  <meta name='ocr-capabilities' content='ocr_page ocr_carea ocr_par ocr_line ocrx_word'/>
</head>
<body>
  <div class='ocr_page' id='page_1' title='image "./lexiconsophocleu00elleuoft_0841.png"; bbox 0 0 2288 3600; ppageno 0'>
   <div class='ocr_carea' id='block_1_1' title="bbox 0 0 83 171">
    <p class='ocr_par' dir='ltr' id='par_1_1' title="bbox 0 0 83 171">
     <span class='ocr_line' id='line_1_1' title="bbox 0 0 83 171; baseline 0 0"><span class='ocrx_word' id='word_1_1' title='bbox 0 0 83 171; x_wconf 95' lang='lat' dir='ltr'><strong>  </strong></span> 
     </span>
    </p>
   </div>
   <div class='ocr_carea' id='block_1_2' title="bbox 14 124 304 223">
    <p class='ocr_par' dir='ltr' id='par_1_2' title="bbox 14 124 304 223">
     <span class='ocr_line' id='line_1_2' title="bbox 14 124 304 223; baseline -0.007 -22"><span class='ocrx_word' id='word_1_2' title='bbox 14 124 304 223; x_wconf 43' lang='lat' dir='ltr'><strong>samiam]</strong></span> 
     </span>
    </p>
   </div>
   <div class='ocr_carea' id='block_1_3' title="bbox 712 149 1228 223">
    <p class='ocr_par' dir='ltr' id='par_1_3' title="bbox 712 149 1228 223">
     <span class='ocr_line' id='line_1_3' title="bbox 712 149 1228 223; baseline 0 -21"><span class='ocrx_word' id='word_1_3' title='bbox 712 149 933 222; x_wconf 79' lang='grc' dir='ltr'>Κυλλήνη</span> <span class='ocrx_word' id='word_1_4' title='bbox 961 183 1030 190; x_wconf 92' lang='lat'><strong>—-</strong></span> <span class='ocrx_word' id='word_1_5' title='bbox 1054 151 1228 223; x_wconf 83' lang='grc' dir='ltr'>Κυρέω</span> 
     </span>
    </p>
   </div>
   <div class='ocr_carea' id='block_1_4' title="bbox 1897 155 1993 203">
    <p class='ocr_par' dir='ltr' id='par_1_4' title="bbox 1897 155 1993 203">
     <span class='ocr_line' id='line_1_4' title="bbox 1897 155 1993 203; baseline 0 0"><span class='ocrx_word' id='word_1_6' title='bbox 1897 155 1993 203; x_wconf 85' lang='grc'><strong>401</strong></span> 
     </span>
    </p>
   </div>
   <div class='ocr_carea' id='block_1_5' title="bbox 0 256 1990 372">
    <p class='ocr_par' dir='ltr' id='par_1_5' title="bbox 0 256 1990 372">
     <span class='ocr_line' id='line_1_5' title="bbox 0 256 1990 372; baseline -0.004 -54"><span class='ocrx_word' id='word_1_7' title='bbox 0 256 226 372; x_wconf 40' lang='lat' dir='ltr'><strong>{aguntum</strong></span> <span class='ocrx_word' id='word_1_8' title='bbox 243 292 350 316; x_wconf 82' lang='lat' dir='ltr'><strong>mons.</strong></span> <span class='ocrx_word' id='word_1_9' title='bbox 387 281 405 316; x_wconf 83' lang='grc' dir='ltr'><strong>ὁ</strong></span> <span class='ocrx_word' id='word_1_10' title='bbox 423 279 609 320; x_wconf 80' lang='grc' dir='ltr'>Κυλλάνας</span> <span class='ocrx_word' id='word_1_11' title='bbox 626 279 782 316; x_wconf 80' lang='grc' dir='ltr'>ἀνάσσων</span> <span class='ocrx_word' id='word_1_12' title='bbox 792 278 951 315; x_wconf 66' lang='grc'>031104</span> <span class='ocrx_word' id='word_1_13' title='bbox 984 270 1138 319; x_wconf 77' lang='grc' dir='ltr'>χηγὲτης</span> <span class='ocrx_word' id='word_1_14' title='bbox 1162 275 1198 304; x_wconf 78' lang='lat' dir='ltr'><strong>et</strong></span> <span class='ocrx_word' id='word_1_15' title='bbox 1222 269 1428 317; x_wconf 72' lang='grc' dir='ltr'>στρατηγός,</span> <span class='ocrx_word' id='word_1_16' title='bbox 1455 271 1587 312; x_wconf 73' lang='lat' dir='ltr'><strong>probari</strong></span> <span class='ocrx_word' id='word_1_17' title='bbox 1612 269 1757 318; x_wconf 61' lang='grc' dir='ltr'>κυναγία</span> <span class='ocrx_word' id='word_1_18' title='bbox 1781 281 1847 303; x_wconf 76' lang='lat' dir='ltr'>1¹0ss</span> <span class='ocrx_word' id='word_1_19' title='bbox 1867 273 1990 313; x_wconf 82' lang='lat' dir='ltr'><strong>potuit,</strong></span> 
     </span>
    </p>
   </div>
   <div class='ocr_carea' id='block_1_6' title="bbox 55 316 1996 372">
    <p class='ocr_par' dir='ltr' id='par_1_6' title="bbox 55 316 1996 372">
     <span class='ocr_line' id='line_1_6' title="bbox 55 316 1996 372; baseline -0.002 -18"><span class='ocrx_word' id='word_1_20' title='bbox 55 341 75 364; x_wconf 68' lang='lat' dir='ltr'><strong>e</strong></span> <span class='ocrx_word' id='word_1_21' title='bbox 91 336 234 364; x_wconf 56' lang='lat' dir='ltr'>accentu</span> <span class='ocrx_word' id='word_1_22' title='bbox 253 331 442 372; x_wconf 60' lang='lat' dir='ltr'><strong>generatim</strong></span> <span class='ocrx_word' id='word_1_23' title='bbox 459 331 626 372; x_wconf 59' lang='lat' dir='ltr'><strong>Praecipit</strong></span> <span class='ocrx_word' id='word_1_24' title='bbox 642 330 721 362; x_wconf 57' lang='lat' dir='ltr'><strong>Arc,</strong></span> <span class='ocrx_word' id='word_1_25' title='bbox 742 339 776 370; x_wconf 56' lang='lat' dir='ltr'><strong>p,</strong></span> <span class='ocrx_word' id='word_1_26' title='bbox 791 326 868 369; x_wconf 61' lang='lat'><strong>111,</strong></span> <span class='ocrx_word' id='word_1_27' title='bbox 893 326 950 361; x_wconf 62' lang='lat'><strong>15,</strong></span> <span class='ocrx_word' id='word_1_28' title='bbox 985 321 1049 351; x_wconf 87' lang='lat' dir='ltr'><strong>etsi</strong></span> <span class='ocrx_word' id='word_1_29' title='bbox 1075 317 1223 364; x_wconf 77' lang='grc' dir='ltr'>κυναγός</span> <span class='ocrx_word' id='word_1_30' title='bbox 1247 319 1325 350; x_wconf 89' lang='lat' dir='ltr'><strong>libri</strong></span> <span class='ocrx_word' id='word_1_31' title='bbox 1350 322 1455 358; x_wconf 81' lang='lat' dir='ltr'><strong>tragg.</strong></span> <span class='ocrx_word' id='word_1_32' title='bbox 1484 322 1600 350; x_wconf 89' lang='lat' dir='ltr'><strong>tutum</strong></span> <span class='ocrx_word' id='word_1_33' title='bbox 1615 323 1794 359; x_wconf 79' lang='lat' dir='ltr'><strong>praestant</strong></span> <span class='ocrx_word' id='word_1_34' title='bbox 1817 316 1870 363; x_wconf 86' lang='lat' dir='ltr'><strong>[et</strong></span> <span class='ocrx_word' id='word_1_35' title='bbox 1894 320 1996 351; x_wconf 88' lang='lat' dir='ltr'><strong>testi-</strong></span> 
     </span>
    </p>
   </div>
   <div class='ocr_carea' id='block_1_7' title="bbox 0 380 951 982">
    <p class='ocr_par' dir='ltr' id='par_1_7' title="bbox 0 380 951 551">
     <span class='ocr_line' id='line_1_7' title="bbox 0 380 951 448; baseline -0.003 -13"><span class='ocrx_word' id='word_1_36' title='bbox 0 380 133 448; x_wconf 46' lang='lat' dir='ltr'><strong>{Koma</strong></span> <span class='ocrx_word' id='word_1_37' title='bbox 173 411 267 438; x_wconf 85' lang='grc' dir='ltr'>νιος</span> <span class='ocrx_word' id='word_1_38' title='bbox 297 400 474 442; x_wconf 73' lang='lat' dir='ltr'><strong>Cyllenius.</strong></span> <span class='ocrx_word' id='word_1_39' title='bbox 520 396 717 437; x_wconf 81' lang='grc' dir='ltr'>Κυλλανίας</span> <span class='ocrx_word' id='word_1_40' title='bbox 742 397 811 432; x_wconf 83' lang='grc' dir='ltr'><strong>ἀπὸ</strong></span> <span class='ocrx_word' id='word_1_41' title='bbox 836 396 951 446; x_wconf 79' lang='grc' dir='ltr'>δειρά-</span> 
     </span>
     <span class='ocr_line' id='line_1_8' title="bbox 0 445 939 509; baseline 0.001 -29"><span class='ocrx_word' id='word_1_42' title='bbox 0 447 74 509; x_wconf 54' lang='grc' dir='ltr'><strong>ξᾉί.</strong></span> <span class='ocrx_word' id='word_1_43' title='bbox 95 445 140 480; x_wconf 88' lang='grc'><strong>69</strong></span> <span class='ocrx_word' id='word_1_44' title='bbox 180 448 232 480; x_wconf 85' lang='lat' dir='ltr'><strong>ch.</strong></span> <span class='ocrx_word' id='word_1_45' title='bbox 932 474 939 481; x_wconf 87' lang='lat'><strong>.</strong></span> 
     </span>
     <span class='ocr_line' id='line_1_9' title="bbox 0 501 946 551; baseline -0.004 -11"><span class='ocrx_word' id='word_1_46' title='bbox 0 538 1 541; x_wconf 75' lang='grc'>,</span> <span class='ocrx_word' id='word_1_47' title='bbox 16 547 17 550; x_wconf 13' lang='lat'>¹</span> <span class='ocrx_word' id='word_1_48' title='bbox 55 507 74 540; x_wconf 80' lang='grc' dir='ltr'><strong>ὖ</strong></span> <span class='ocrx_word' id='word_1_49' title='bbox 85 518 141 551; x_wconf 87' lang='grc' dir='ltr'><strong>μα</strong></span> <span class='ocrx_word' id='word_1_50' title='bbox 155 507 290 549; x_wconf 71' lang='lat' dir='ltr'><strong>fluctu-³.</strong></span> <span class='ocrx_word' id='word_1_51' title='bbox 326 504 381 539; x_wconf 82' lang='grc' dir='ltr'><strong>διὰ</strong></span> <span class='ocrx_word' id='word_1_52' title='bbox 396 507 493 550; x_wconf 77' lang='grc' dir='ltr'>κῦμα</span> <span class='ocrx_word' id='word_1_53' title='bbox 508 505 624 549; x_wconf 83' lang='grc' dir='ltr'>τεμών</span> <span class='ocrx_word' id='word_1_54' title='bbox 634 505 748 536; x_wconf 87' lang='lat' dir='ltr'><strong>Inach.</strong></span> <span class='ocrx_word' id='word_1_55' title='bbox 763 505 804 537; x_wconf 77' lang='lat' dir='ltr'><strong>fr.</strong></span> <span class='ocrx_word' id='word_1_56' title='bbox 817 502 898 545; x_wconf 84' lang='grc'>265,</span> <span class='ocrx_word' id='word_1_57' title='bbox 913 501 946 536; x_wconf 91' lang='grc'><strong>5.</strong></span> 
     </span>
    </p>

    <p class='ocr_par' dir='ltr' id='par_1_8' title="bbox 0 549 949 982">
     <span class='ocr_line' id='line_1_10' title="bbox 43 549 946 598; baseline -0.004 -11"><span class='ocrx_word' id='word_1_58' title='bbox 43 555 140 598; x_wconf 78' lang='grc' dir='ltr'>κῦμα</span> <span class='ocrx_word' id='word_1_59' title='bbox 158 554 193 585; x_wconf 90' lang='lat' dir='ltr'><strong>in</strong></span> <span class='ocrx_word' id='word_1_60' title='bbox 211 555 277 585; x_wconf 82' lang='lat' dir='ltr'><strong>alia</strong></span> <span class='ocrx_word' id='word_1_61' title='bbox 305 553 420 585; x_wconf 83' lang='lat' dir='ltr'>Inachi</span> <span class='ocrx_word' id='word_1_62' title='bbox 445 552 612 594; x_wconf 83' lang='lat' dir='ltr'><strong>particula</strong></span> <span class='ocrx_word' id='word_1_63' title='bbox 636 550 694 595; x_wconf 81' lang='lat' dir='ltr'><strong>(fr.</strong></span> <span class='ocrx_word' id='word_1_64' title='bbox 723 549 809 594; x_wconf 76' lang='lat'><strong>266)</strong></span> <span class='ocrx_word' id='word_1_65' title='bbox 833 553 946 583; x_wconf 85' lang='lat' dir='ltr'><strong>inesse</strong></span> 
     </span>
     <span class='ocr_line' id='line_1_11' title="bbox 38 595 943 643; baseline -0.002 -11.066"><span class='ocrx_word' id='word_1_66' title='bbox 19 610 78 644; x_wconf 79' lang='lat' dir='ltr'><strong>ur</strong></span> <span class='ocrx_word' id='word_1_67' title='bbox 93 605 250 642; x_wconf 83' lang='lat' dir='ltr'>corrupte</span> <span class='ocrx_word' id='word_1_68' title='bbox 269 602 393 642; x_wconf 89' lang='lat' dir='ltr'><strong>scripta</strong></span> <span class='ocrx_word' id='word_1_69' title='bbox 419 610 473 642; x_wconf 91' lang='lat' dir='ltr'><strong>ap.</strong></span> <span class='ocrx_word' id='word_1_70' title='bbox 494 599 618 631; x_wconf 85' lang='lat' dir='ltr'><strong>Herod.</strong></span> <span class='ocrx_word' id='word_1_71' title='bbox 648 609 683 631; x_wconf 89' lang='grc' dir='ltr'><strong>π.</strong></span> <span class='ocrx_word' id='word_1_72' title='bbox 706 610 742 643; x_wconf 84' lang='grc' dir='ltr'><strong>μ.</strong></span> <span class='ocrx_word' id='word_1_73' title='bbox 764 596 796 631; x_wconf 90' lang='grc' dir='ltr'><strong>λ.</strong></span> <span class='ocrx_word' id='word_1_74' title='bbox 825 609 858 640; x_wconf 90' lang='lat' dir='ltr'><strong>p.</strong></span> <span class='ocrx_word' id='word_1_75' title='bbox 887 595 943 639; x_wconf 84' lang='lat'><strong>35,</strong></span> 
     </span>
     <span class='ocr_line' id='line_1_12' title="bbox 0 603 946 727; baseline -0.003 -47"><span class='ocrx_word' id='word_1_76' title='bbox 0 603 114 727; x_wconf 65' lang='grc' dir='ltr'>Ξαρὸς</span> <span class='ocrx_word' id='word_1_77' title='bbox 139 643 248 681; x_wconf 75' lang='grc' dir='ltr'>εὔτατ’</span> <span class='ocrx_word' id='word_1_78' title='bbox 274 645 329 681; x_wconf 81' lang='grc' dir='ltr'><strong>ἐπὶ</strong></span> <span class='ocrx_word' id='word_1_79' title='bbox 351 649 448 691; x_wconf 79' lang='grc' dir='ltr'>κῦμα</span> <span class='ocrx_word' id='word_1_80' title='bbox 480 643 603 693; x_wconf 80' lang='grc' dir='ltr'>ἐκροὰς</span> <span class='ocrx_word' id='word_1_81' title='bbox 641 643 829 690; x_wconf 85' lang='grc' dir='ltr'>ἐπώμοσα-,</span> <span class='ocrx_word' id='word_1_82' title='bbox 859 655 946 687; x_wconf 77' lang='lat' dir='ltr'><strong>quae</strong></span> 
     </span>
     <span class='ocr_line' id='line_1_13' title="bbox 33 690 947 750; baseline 0 -24"><span class='ocrx_word' id='word_1_83' title='bbox 33 703 62 726; x_wconf 84' lang='lat' dir='ltr'><strong>s.</strong></span> <span class='ocrx_word' id='word_1_84' title='bbox 82 696 129 726; x_wconf 87' lang='lat' dir='ltr'><strong>sic</strong></span> <span class='ocrx_word' id='word_1_85' title='bbox 147 695 326 726; x_wconf 88' lang='lat' dir='ltr'><strong>constituit</strong></span> <span class='ocrx_word' id='word_1_86' title='bbox 341 692 446 738; x_wconf 85' lang='grc' dir='ltr'>ναράς</span> <span class='ocrx_word' id='word_1_87' title='bbox 462 704 499 727; x_wconf 88' lang='grc' dir='ltr'><strong>τε</strong></span> <span class='ocrx_word' id='word_1_88' title='bbox 516 691 644 750; x_wconf 83' lang='grc' dir='ltr'>πατρὸς</span> <span class='ocrx_word' id='word_1_89' title='bbox 660 690 825 736; x_wconf 86' lang='grc' dir='ltr'>κυμάτων</span> <span class='ocrx_word' id='word_1_90' title='bbox 852 690 947 739; x_wconf 85' lang='grc' dir='ltr'>ἐπιρ-</span> 
     </span>
     <span class='ocr_line' id='line_1_14' title="bbox 0 737 947 787; baseline -0.002 -13"><span class='ocrx_word' id='word_1_91' title='bbox 0 743 24 785; x_wconf 70' lang='lat' dir='ltr'><strong>l5</strong></span> <span class='ocrx_word' id='word_1_92' title='bbox 41 738 114 774; x_wconf 84' lang='grc' dir='ltr'><strong>ἐπώ</strong></span> <span class='ocrx_word' id='word_1_93' title='bbox 145 752 218 775; x_wconf 86' lang='grc' dir='ltr'>οσα.</span> <span class='ocrx_word' id='word_1_94' title='bbox 246 739 370 786; x_wconf 82' lang='grc' dir='ltr'>κύματ’</span> <span class='ocrx_word' id='word_1_95' title='bbox 388 739 423 774; x_wconf 86' lang='grc' dir='ltr'><strong>έν</strong></span> <span class='ocrx_word' id='word_1_96' title='bbox 441 738 535 787; x_wconf 78' lang='grc' dir='ltr'>εὐρέϊ</span> <span class='ocrx_word' id='word_1_97' title='bbox 553 751 667 784; x_wconf 82' lang='grc' dir='ltr'>ποντῳ</span> <span class='ocrx_word' id='word_1_98' title='bbox 694 737 785 784; x_wconf 83' lang='grc' dir='ltr'>βάντ’</span> <span class='ocrx_word' id='word_1_99' title='bbox 808 738 947 773; x_wconf 80' lang='grc' dir='ltr'>ἐπιόντα</span> 
     </span>
     <span class='ocr_line' id='line_1_15' title="bbox 0 753 949 831; baseline -0.002 -10"><span class='ocrx_word' id='word_1_100' title='bbox 0 787 58 821; x_wconf 61' lang='grc' dir='ltr'><strong>ΦΓ.</strong></span> <span class='ocrx_word' id='word_1_101' title='bbox 90 753 156 819; x_wconf 68' lang='grc'><strong>115</strong></span> <span class='ocrx_word' id='word_1_102' title='bbox 180 789 231 821; x_wconf 90' lang='lat' dir='ltr'><strong>ch.</strong></span> <span class='ocrx_word' id='word_1_103' title='bbox 271 789 404 820; x_wconf 84' lang='lat' dir='ltr'><strong>Tralate</strong></span> <span class='ocrx_word' id='word_1_104' title='bbox 430 788 468 819; x_wconf 81' lang='lat' dir='ltr'><strong>dc</strong></span> <span class='ocrx_word' id='word_1_105' title='bbox 493 789 526 818; x_wconf 86' lang='grc' dir='ltr'>υἱ</span> <span class='ocrx_word' id='word_1_106' title='bbox 550 788 735 819; x_wconf 73' lang='lat' dir='ltr'><strong>matorum.-</strong></span> <span class='ocrx_word' id='word_1_107' title='bbox 763 783 879 820; x_wconf 78' lang='grc' dir='ltr'>ἴδεσθέ</span> <span class='ocrx_word' id='word_1_108' title='bbox 906 780 949 831; x_wconf 83' lang='grc' dir='ltr'><strong>μ’</strong></span> 
     </span>
     <span class='ocr_line' id='line_1_16' title="bbox 0 831 948 883; baseline -0.003 -14"><span class='ocrx_word' id='word_1_109' title='bbox 0 831 20 872; x_wconf 60' lang='grc' dir='ltr'>ἶ</span> <span class='ocrx_word' id='word_1_110' title='bbox 41 832 115 883; x_wconf 75' lang='grc' dir='ltr'>ἄρτι</span> <span class='ocrx_word' id='word_1_111' title='bbox 137 837 181 869; x_wconf 81' lang='grc' dir='ltr'>κῦ</span> <span class='ocrx_word' id='word_1_112' title='bbox 212 847 234 868; x_wconf 88' lang='grc' dir='ltr'><strong>α</strong></span> <span class='ocrx_word' id='word_1_113' title='bbox 259 834 391 881; x_wconf 77' lang='grc' dir='ltr'>φοινίας</span> <span class='ocrx_word' id='word_1_114' title='bbox 417 832 482 873; x_wconf 78' lang='grc' dir='ltr'><strong>ὑπὸ</strong></span> <span class='ocrx_word' id='word_1_115' title='bbox 507 832 615 879; x_wconf 75' lang='grc' dir='ltr'>ζάλης</span> <span class='ocrx_word' id='word_1_116' title='bbox 639 831 859 880; x_wconf 84' lang='grc' dir='ltr'>ἀμφίδρομον</span> <span class='ocrx_word' id='word_1_117' title='bbox 883 845 948 867; x_wconf 84' lang='grc' dir='ltr'><strong>κυ-</strong></span> 
     </span>
     <span class='ocr_line' id='line_1_17' title="bbox 12 880 948 923; baseline -0.004 -7"><span class='ocrx_word' id='word_1_118' title='bbox 12 920 14 922; x_wconf 48' lang='lat'><strong>.</strong></span> <span class='ocrx_word' id='word_1_119' title='bbox 41 892 75 916; x_wconf 89' lang='grc' dir='ltr'><strong>αι</strong></span> <span class='ocrx_word' id='word_1_120' title='bbox 100 883 155 914; x_wconf 89' lang='lat' dir='ltr'><strong>Ai.</strong></span> <span class='ocrx_word' id='word_1_121' title='bbox 207 880 248 914; x_wconf 97' lang='grc'><strong>51</strong></span> <span class='ocrx_word' id='word_1_122' title='bbox 270 893 314 916; x_wconf 89' lang='lat' dir='ltr'><strong>m.</strong></span> <span class='ocrx_word' id='word_1_123' title='bbox 352 884 403 914; x_wconf 89' lang='lat' dir='ltr'><strong>De</strong></span> <span class='ocrx_word' id='word_1_124' title='bbox 422 882 643 923; x_wconf 88' lang='lat' dir='ltr'><strong>productione</strong></span> <span class='ocrx_word' id='word_1_125' title='bbox 660 882 782 921; x_wconf 85' lang='lat' dir='ltr'><strong>prioris</strong></span> <span class='ocrx_word' id='word_1_126' title='bbox 800 882 948 921; x_wconf 84' lang='lat' dir='ltr'>syllabae</span> 
     </span>
     <span class='ocr_line' id='line_1_18' title="bbox 0 881 945 982; baseline -0.001 -21"><span class='ocrx_word' id='word_1_127' title='bbox 0 881 75 982; x_wconf 46' lang='lat' dir='ltr'><strong>gis</strong></span> <span class='ocrx_word' id='word_1_128' title='bbox 92 930 127 961; x_wconf 89' lang='lat' dir='ltr'><strong>in</strong></span> <span class='ocrx_word' id='word_1_129' title='bbox 152 940 226 974; x_wconf 87' lang='grc' dir='ltr'><strong>υμα</strong></span> <span class='ocrx_word' id='word_1_130' title='bbox 242 930 416 970; x_wconf 85' lang='lat' dir='ltr'><strong>disyllabis</strong></span> <span class='ocrx_word' id='word_1_131' title='bbox 435 930 612 969; x_wconf 85' lang='lat' dir='ltr'><strong>inusitata,</strong></span> <span class='ocrx_word' id='word_1_132' title='bbox 635 939 665 961; x_wconf 81' lang='lat' dir='ltr'><strong>v,</strong></span> <span class='ocrx_word' id='word_1_133' title='bbox 684 927 747 959; x_wconf 85' lang='grc' dir='ltr'><strong>ΕΜ</strong></span> <span class='ocrx_word' id='word_1_134' title='bbox 767 939 799 969; x_wconf 93' lang='lat' dir='ltr'><strong>p.</strong></span> <span class='ocrx_word' id='word_1_135' title='bbox 821 925 900 966; x_wconf 86' lang='lat'><strong>545,</strong></span> <span class='ocrx_word' id='word_1_136' title='bbox 914 926 945 960; x_wconf 90' lang='lat'><strong>5.</strong></span> 
     </span>
    </p>
   </div>
   <div class='ocr_carea' id='block_1_8' title="bbox 0 975 951 1098">
    <p class='ocr_par' dir='ltr' id='par_1_9' title="bbox 0 975 951 1098">
     <span class='ocr_line' id='line_1_19' title="bbox 0 975 951 1045; baseline -0.002 -12"><span class='ocrx_word' id='word_1_137' title='bbox 0 975 46 1044; x_wconf 58' lang='lat' dir='ltr'><strong>lx</strong></span> <span class='ocrx_word' id='word_1_138' title='bbox 56 1010 75 1032; x_wconf 92' lang='grc' dir='ltr'><strong>υ</strong></span> <span class='ocrx_word' id='word_1_139' title='bbox 87 1011 112 1044; x_wconf 83' lang='grc' dir='ltr'><strong>μ</strong></span> <span class='ocrx_word' id='word_1_140' title='bbox 121 1011 169 1033; x_wconf 90' lang='grc' dir='ltr'><strong>ατ</strong></span> <span class='ocrx_word' id='word_1_141' title='bbox 179 1011 197 1033; x_wconf 94' lang='grc' dir='ltr'>ο</span> <span class='ocrx_word' id='word_1_142' title='bbox 208 997 230 1033; x_wconf 83' lang='grc' dir='ltr'>ἆ</span> <span class='ocrx_word' id='word_1_143' title='bbox 240 1011 259 1045; x_wconf 80' lang='grc' dir='ltr'>γ</span> <span class='ocrx_word' id='word_1_144' title='bbox 267 998 291 1044; x_wconf 85' lang='grc' dir='ltr'><strong>ή</strong></span> <span class='ocrx_word' id='word_1_145' title='bbox 301 1011 317 1036; x_wconf 86' lang='grc' dir='ltr'>ς</span> <span class='ocrx_word' id='word_1_146' title='bbox 347 1000 510 1042; x_wconf 74' lang='lat' dir='ltr'><strong>fluctuum</strong></span> <span class='ocrx_word' id='word_1_147' title='bbox 542 1002 647 1032; x_wconf 73' lang='lat' dir='ltr'><strong>instar</strong></span> <span class='ocrx_word' id='word_1_148' title='bbox 671 1001 808 1031; x_wconf 70' lang='lat' dir='ltr'><strong>irruens.</strong></span> <span class='ocrx_word' id='word_1_149' title='bbox 847 996 951 1031; x_wconf 83' lang='grc' dir='ltr'>δειναὶ</span> 
     </span>
     <span class='ocr_line' id='line_1_20' title="bbox 0 1032 738 1098; baseline -0.001 -18"><span class='ocrx_word' id='word_1_150' title='bbox 0 1032 176 1098; x_wconf 42' lang='lat' dir='ltr'><strong>§fumavit</strong></span> <span class='ocrx_word' id='word_1_151' title='bbox 193 1043 271 1080; x_wconf 84' lang='grc' dir='ltr'><strong>ἆται</strong></span> <span class='ocrx_word' id='word_1_152' title='bbox 287 1043 486 1080; x_wconf 73' lang='grc' dir='ltr'>κλονέουσιν</span> <span class='ocrx_word' id='word_1_153' title='bbox 505 1048 559 1080; x_wconf 87' lang='lat' dir='ltr'><strong>OC</strong></span> <span class='ocrx_word' id='word_1_154' title='bbox 580 1043 668 1079; x_wconf 85' lang='grc'>1243</span> <span class='ocrx_word' id='word_1_155' title='bbox 687 1047 738 1079; x_wconf 91' lang='lat' dir='ltr'><strong>ch.</strong></span> 
     </span>
    </p>
   </div>
   <div class='ocr_carea' id='block_1_9' title="bbox 0 1110 957 1394">
    <p class='ocr_par' dir='ltr' id='par_1_10' title="bbox 0 1110 956 1258">
     <span class='ocr_line' id='line_1_21' title="bbox 0 1110 952 1203; baseline 0 -55"><span class='ocrx_word' id='word_1_156' title='bbox 0 1110 320 1203; x_wconf 50' lang='grc' dir='ltr'>ἔυματοπλήξ</span> <span class='ocrx_word' id='word_1_157' title='bbox 337 1117 490 1159; x_wconf 73' lang='lat' dir='ltr'><strong>fluctibus</strong></span> <span class='ocrx_word' id='word_1_158' title='bbox 508 1118 625 1149; x_wconf 72' lang='grc' dir='ltr'>ἰιιὶεαε.</span> <span class='ocrx_word' id='word_1_159' title='bbox 661 1114 805 1163; x_wconf 87' lang='grc' dir='ltr'>Βόρειος</span> <span class='ocrx_word' id='word_1_160' title='bbox 831 1115 877 1154; x_wconf 85' lang='grc' dir='ltr'>ὥς</span> <span class='ocrx_word' id='word_1_161' title='bbox 902 1127 952 1152; x_wconf 86' lang='grc' dir='ltr'><strong>τις</strong></span> 
     </span>
     <span class='ocr_line' id='line_1_22' title="bbox 0 1160 950 1210; baseline 0 -14"><span class='ocrx_word' id='word_1_162' title='bbox 0 1207 2 1209; x_wconf 66' lang='lat'>‚</span> <span class='ocrx_word' id='word_1_163' title='bbox 53 1161 281 1209; x_wconf 69' lang='grc' dir='ltr'>κυματοπλὴξ</span> <span class='ocrx_word' id='word_1_164' title='bbox 305 1174 359 1210; x_wconf 88' lang='grc' dir='ltr'>χει</span> <span class='ocrx_word' id='word_1_165' title='bbox 391 1174 406 1196; x_wconf 91' lang='grc' dir='ltr'>ε</span> <span class='ocrx_word' id='word_1_166' title='bbox 431 1162 464 1197; x_wconf 88' lang='grc' dir='ltr'><strong>ία</strong></span> <span class='ocrx_word' id='word_1_167' title='bbox 488 1162 662 1197; x_wconf 87' lang='grc' dir='ltr'>κλονεῖται</span> <span class='ocrx_word' id='word_1_168' title='bbox 690 1164 745 1196; x_wconf 83' lang='lat' dir='ltr'><strong>OG</strong></span> <span class='ocrx_word' id='word_1_169' title='bbox 775 1160 859 1195; x_wconf 82' lang='lat'><strong>1241</strong></span> <span class='ocrx_word' id='word_1_170' title='bbox 897 1164 950 1196; x_wconf 78' lang='lat' dir='ltr'><strong>ch.</strong></span> 
     </span>
     <span class='ocr_line' id='line_1_23' title="bbox 0 1174 956 1258; baseline -0.001 -16"><span class='ocrx_word' id='word_1_171' title='bbox 0 1208 188 1258; x_wconf 44' lang='lat' dir='ltr'><strong>Qungenda</strong></span> <span class='ocrx_word' id='word_1_172' title='bbox 197 1174 620 1256; x_wconf 53' lang='grc' dir='ltr'>κυματοπλὴἕκλονεῖται,</span> <span class='ocrx_word' id='word_1_173' title='bbox 632 1212 666 1243; x_wconf 87' lang='lat' dir='ltr'><strong>in</strong></span> <span class='ocrx_word' id='word_1_174' title='bbox 679 1212 904 1251; x_wconf 80' lang='lat' dir='ltr'><strong>sequentibus</strong></span> <span class='ocrx_word' id='word_1_175' title='bbox 915 1214 956 1242; x_wconf 90' lang='lat' dir='ltr'><strong>ut</strong></span> 
     </span>
    </p>

    <p class='ocr_par' dir='ltr' id='par_1_11' title="bbox 4 1257 957 1394">
     <span class='ocr_line' id='line_1_24' title="bbox 44 1257 955 1298; baseline -0.002 -9"><span class='ocrx_word' id='word_1_176' title='bbox 44 1257 168 1290; x_wconf 82' lang='lat' dir='ltr'><strong>luthon</strong></span> <span class='ocrx_word' id='word_1_177' title='bbox 188 1258 245 1291; x_wconf 87' lang='lat' dir='ltr'><strong>sit.</strong></span> <span class='ocrx_word' id='word_1_178' title='bbox 283 1258 394 1290; x_wconf 81' lang='lat' dir='ltr'><strong>Aliter</strong></span> <span class='ocrx_word' id='word_1_179' title='bbox 425 1259 585 1290; x_wconf 72' lang='lat' dir='ltr'><strong>Elmsleio</strong></span> <span class='ocrx_word' id='word_1_180' title='bbox 610 1263 645 1290; x_wconf 87' lang='lat' dir='ltr'><strong>et</strong></span> <span class='ocrx_word' id='word_1_181' title='bbox 665 1258 857 1290; x_wconf 81' lang='lat' dir='ltr'>Hermanno</span> <span class='ocrx_word' id='word_1_182' title='bbox 882 1257 955 1298; x_wconf 85' lang='lat' dir='ltr'><strong>pla-</strong></span> 
     </span>
     <span class='ocr_line' id='line_1_25' title="bbox 76 1302 957 1351; baseline 0 -15"><span class='ocrx_word' id='word_1_183' title='bbox 76 1305 127 1336; x_wconf 92' lang='lat' dir='ltr'><strong>De</strong></span> <span class='ocrx_word' id='word_1_184' title='bbox 153 1309 231 1337; x_wconf 90' lang='lat' dir='ltr'><strong>tono</strong></span> <span class='ocrx_word' id='word_1_185' title='bbox 248 1315 279 1338; x_wconf 93' lang='lat' dir='ltr'><strong>v.</strong></span> <span class='ocrx_word' id='word_1_186' title='bbox 310 1306 412 1339; x_wconf 89' lang='lat' dir='ltr'><strong>schol.</strong></span> <span class='ocrx_word' id='word_1_187' title='bbox 442 1304 520 1344; x_wconf 74' lang='grc' dir='ltr'>11.ζ</span> <span class='ocrx_word' id='word_1_188' title='bbox 550 1302 614 1336; x_wconf 87' lang='grc'><strong>135</strong></span> <span class='ocrx_word' id='word_1_189' title='bbox 653 1309 689 1337; x_wconf 91' lang='lat' dir='ltr'><strong>et</strong></span> <span class='ocrx_word' id='word_1_190' title='bbox 714 1307 749 1336; x_wconf 89' lang='lat' dir='ltr'><strong>in</strong></span> <span class='ocrx_word' id='word_1_191' title='bbox 783 1302 895 1351; x_wconf 77' lang='grc' dir='ltr'>ἀγνώς</span> <span class='ocrx_word' id='word_1_192' title='bbox 920 1308 957 1336; x_wconf 88' lang='lat' dir='ltr'><strong>et</strong></span> 
     </span>
     <span class='ocr_line' id='line_1_26' title="bbox 22 1352 254 1394; baseline 0 -8"><span class='ocrx_word' id='word_1_193' title='bbox 22 1369 30 1386; x_wconf 79' lang='lat'><strong>,›</strong></span> <span class='ocrx_word' id='word_1_194' title='bbox 72 1352 254 1394; x_wconf 85' lang='lat' dir='ltr'><strong>adscripta.</strong></span> 
     </span>
    </p>
   </div>
   <div class='ocr_carea' id='block_1_10' title="bbox 2 1385 958 1757">
    <p class='ocr_par' dir='ltr' id='par_1_12' title="bbox 2 1385 957 1556">
     <span class='ocr_line' id='line_1_27' title="bbox 2 1385 957 1456; baseline 0.002 -15"><span class='ocrx_word' id='word_1_195' title='bbox 2 1385 34 1441; x_wconf 63' lang='lat' dir='ltr'><strong>f&#39;</strong></span> <span class='ocrx_word' id='word_1_196' title='bbox 57 1408 176 1456; x_wconf 79' lang='grc' dir='ltr'>ύμβη</span> <span class='ocrx_word' id='word_1_197' title='bbox 194 1411 319 1452; x_wconf 73' lang='lat' dir='ltr'><strong>cymba.</strong></span> <span class='ocrx_word' id='word_1_198' title='bbox 349 1407 502 1444; x_wconf 76' lang='grc' dir='ltr'>ἵπποισιν</span> <span class='ocrx_word' id='word_1_199' title='bbox 518 1408 542 1455; x_wconf 84' lang='grc' dir='ltr'>ἢ</span> <span class='ocrx_word' id='word_1_200' title='bbox 565 1408 731 1455; x_wconf 83' lang='grc' dir='ltr'>κύμβαισι</span> <span class='ocrx_word' id='word_1_201' title='bbox 754 1407 957 1447; x_wconf 80' lang='grc' dir='ltr'>ναυστολεῖς</span> 
     </span>
     <span class='ocr_line' id='line_1_28' title="bbox 4 1454 953 1503; baseline -0.001 -13"><span class='ocrx_word' id='word_1_202' title='bbox 4 1454 74 1503; x_wconf 35' lang='grc' dir='ltr'>-ἷζι,</span> <span class='ocrx_word' id='word_1_203' title='bbox 102 1458 264 1491; x_wconf 85' lang='lat' dir='ltr'><strong>Androm.</strong></span> <span class='ocrx_word' id='word_1_204' title='bbox 293 1459 335 1492; x_wconf 81' lang='lat' dir='ltr'><strong>fr.</strong></span> <span class='ocrx_word' id='word_1_205' title='bbox 366 1455 443 1491; x_wconf 86' lang='lat'><strong>129.</strong></span> <span class='ocrx_word' id='word_1_206' title='bbox 481 1459 670 1490; x_wconf 87' lang='lat' dir='ltr'><strong>Accentum</strong></span> <span class='ocrx_word' id='word_1_207' title='bbox 695 1459 848 1490; x_wconf 85' lang='lat' dir='ltr'><strong>enotavit</strong></span> <span class='ocrx_word' id='word_1_208' title='bbox 874 1458 953 1489; x_wconf 86' lang='lat' dir='ltr'><strong>Arc.</strong></span> 
     </span>
     <span class='ocr_line' id='line_1_29' title="bbox 5 1502 137 1556; baseline 0 -19"><span class='ocrx_word' id='word_1_209' title='bbox 5 1507 42 1556; x_wconf 51' lang='grc' dir='ltr'><strong>,Ἴ</strong></span> <span class='ocrx_word' id='word_1_210' title='bbox 55 1517 59 1524; x_wconf 61' lang='lat'><em>⁴</em></span> <span class='ocrx_word' id='word_1_211' title='bbox 74 1528 83 1546; x_wconf 86' lang='lat'>‚</span> <span class='ocrx_word' id='word_1_212' title='bbox 103 1502 137 1537; x_wconf 87' lang='lat'><strong>3.</strong></span> 
     </span>
    </p>

    <p class='ocr_par' dir='ltr' id='par_1_13' title="bbox 6 1559 477 1610">
     <span class='ocr_line' id='line_1_30' title="bbox 6 1559 477 1610; baseline -0.002 -13"><span class='ocrx_word' id='word_1_213' title='bbox 6 1559 35 1603; x_wconf 58' lang='lat' dir='ltr'><strong>fii</strong></span> <span class='ocrx_word' id='word_1_214' title='bbox 74 1562 235 1610; x_wconf 81' lang='grc' dir='ltr'>υναγία</span> <span class='ocrx_word' id='word_1_215' title='bbox 251 1575 283 1597; x_wconf 78' lang='lat' dir='ltr'><strong>V.</strong></span> <span class='ocrx_word' id='word_1_216' title='bbox 303 1562 477 1610; x_wconf 81' lang='grc' dir='ltr'>κυνηγία.]</span> 
     </span>
    </p>

    <p class='ocr_par' dir='ltr' id='par_1_14' title="bbox 10 1614 958 1757">
     <span class='ocr_line' id='line_1_31' title="bbox 10 1614 953 1669; baseline -0.001 -13"><span class='ocrx_word' id='word_1_217' title='bbox 10 1630 19 1651; x_wconf 67' lang='lat'>1</span> <span class='ocrx_word' id='word_1_218' title='bbox 31 1618 81 1665; x_wconf 58' lang='lat'><strong>52⁴5</strong></span> <span class='ocrx_word' id='word_1_219' title='bbox 89 1633 106 1656; x_wconf 89' lang='grc' dir='ltr'><strong>ν</strong></span> <span class='ocrx_word' id='word_1_220' title='bbox 117 1619 223 1669; x_wconf 79' lang='grc' dir='ltr'>ἇγός</span> <span class='ocrx_word' id='word_1_221' title='bbox 247 1624 409 1655; x_wconf 74' lang='lat' dir='ltr'><strong>venatriae.</strong></span> <span class='ocrx_word' id='word_1_222' title='bbox 451 1621 514 1667; x_wconf 82' lang='grc' dir='ltr'><strong>τὴν</strong></span> <span class='ocrx_word' id='word_1_223' title='bbox 539 1622 687 1669; x_wconf 80' lang='grc' dir='ltr'>κυναγὸν</span> <span class='ocrx_word' id='word_1_224' title='bbox 708 1614 873 1669; x_wconf 76' lang='grc' dir='ltr'>’Ἄρτεμιν</span> <span class='ocrx_word' id='word_1_225' title='bbox 902 1622 953 1655; x_wconf 82' lang='lat' dir='ltr'><strong>El.</strong></span> 
     </span>
     <span class='ocr_line' id='line_1_32' title="bbox 22 1668 957 1710; baseline -0.001 -9"><span class='ocrx_word' id='word_1_226' title='bbox 22 1670 43 1688; x_wconf 73' lang='grc'><strong>’-</strong></span> <span class='ocrx_word' id='word_1_227' title='bbox 61 1668 112 1702; x_wconf 83' lang='lat' dir='ltr'><strong>De</strong></span> <span class='ocrx_word' id='word_1_228' title='bbox 139 1670 284 1702; x_wconf 90' lang='lat' dir='ltr'><strong>dorismo</strong></span> <span class='ocrx_word' id='word_1_229' title='bbox 308 1671 367 1706; x_wconf 83' lang='lat' dir='ltr'><strong>hoc</strong></span> <span class='ocrx_word' id='word_1_230' title='bbox 393 1674 428 1702; x_wconf 84' lang='lat' dir='ltr'><strong>et</strong></span> <span class='ocrx_word' id='word_1_231' title='bbox 453 1671 623 1702; x_wconf 81' lang='lat' dir='ltr'>similibus</span> <span class='ocrx_word' id='word_1_232' title='bbox 644 1671 848 1710; x_wconf 81' lang='lat' dir='ltr'>tragicorum</span> <span class='ocrx_word' id='word_1_233' title='bbox 874 1670 957 1700; x_wconf 87' lang='lat' dir='ltr'><strong>satis</strong></span> 
     </span>
     <span class='ocr_line' id='line_1_33' title="bbox 64 1717 958 1757; baseline -0.002 -8.114"><span class='ocrx_word' id='word_1_234' title='bbox 10 1719 90 1757; x_wconf 85' lang='lat' dir='ltr'><strong>t,</strong></span> <span class='ocrx_word' id='word_1_235' title='bbox 112 1717 154 1749; x_wconf 89' lang='lat' dir='ltr'><strong>de</strong></span> <span class='ocrx_word' id='word_1_236' title='bbox 171 1722 313 1749; x_wconf 87' lang='lat' dir='ltr'><strong>accentu</strong></span> <span class='ocrx_word' id='word_1_237' title='bbox 339 1717 465 1749; x_wconf 81' lang='lat' dir='ltr'><strong>diserte</strong></span> <span class='ocrx_word' id='word_1_238' title='bbox 492 1719 671 1749; x_wconf 86' lang='lat' dir='ltr'><strong>observare</strong></span> <span class='ocrx_word' id='word_1_239' title='bbox 695 1726 761 1748; x_wconf 89' lang='lat' dir='ltr'><strong>non</strong></span> <span class='ocrx_word' id='word_1_240' title='bbox 788 1717 958 1748; x_wconf 80' lang='lat' dir='ltr'><strong>abstinuit</strong></span> 
     </span>
    </p>
   </div>
   <div class='ocr_carea' id='block_1_11' title="bbox 14 1760 958 2204">
    <p class='ocr_par' dir='ltr' id='par_1_15' title="bbox 15 1760 213 1814">
     <span class='ocr_line' id='line_1_34' title="bbox 15 1760 213 1814; baseline 0.005 -18"><span class='ocrx_word' id='word_1_241' title='bbox 15 1792 30 1814; x_wconf 43' lang='grc' dir='ltr'>ζ</span> <span class='ocrx_word' id='word_1_242' title='bbox 56 1777 79 1796; x_wconf 92' lang='grc'><strong>.</strong></span> <span class='ocrx_word' id='word_1_243' title='bbox 101 1760 158 1805; x_wconf 88' lang='grc'><strong>88,</strong></span> <span class='ocrx_word' id='word_1_244' title='bbox 179 1761 213 1797; x_wconf 90' lang='grc'><strong>2.</strong></span> 
     </span>
    </p>

    <p class='ocr_par' dir='ltr' id='par_1_16' title="bbox 14 1815 958 2009">
     <span class='ocr_line' id='line_1_35' title="bbox 14 1815 958 1869; baseline 0 -14"><span class='ocrx_word' id='word_1_245' title='bbox 14 1815 198 1869; x_wconf 69' lang='grc' dir='ltr'>’.ὅνᾶρα</span> <span class='ocrx_word' id='word_1_246' title='bbox 223 1824 349 1855; x_wconf 75' lang='lat' dir='ltr'><strong>cinara.</strong></span> <span class='ocrx_word' id='word_1_247' title='bbox 394 1817 581 1869; x_wconf 77' lang='grc' dir='ltr'>Κινάρα;</span> <span class='ocrx_word' id='word_1_248' title='bbox 616 1820 744 1867; x_wconf 85' lang='grc' dir='ltr'>ταύτην</span> <span class='ocrx_word' id='word_1_249' title='bbox 771 1819 958 1867; x_wconf 84' lang='grc' dir='ltr'>Σοφοκλ”ς</span> 
     </span>
     <span class='ocr_line' id='line_1_36' title="bbox 16 1866 958 1920; baseline 0 -18"><span class='ocrx_word' id='word_1_250' title='bbox 16 1866 157 1920; x_wconf 89' lang='grc' dir='ltr'>λχίσι</span> <span class='ocrx_word' id='word_1_251' title='bbox 180 1868 238 1913; x_wconf 79' lang='lat' dir='ltr'><strong>(fr.</strong></span> <span class='ocrx_word' id='word_1_252' title='bbox 269 1866 353 1913; x_wconf 87' lang='lat'><strong>318)</strong></span> <span class='ocrx_word' id='word_1_253' title='bbox 376 1868 571 1916; x_wconf 80' lang='grc' dir='ltr'>κυνάραν</span> <span class='ocrx_word' id='word_1_254' title='bbox 595 1867 719 1910; x_wconf 77' lang='grc' dir='ltr'>καλεῖ,</span> <span class='ocrx_word' id='word_1_255' title='bbox 749 1867 784 1902; x_wconf 85' lang='grc' dir='ltr'><strong>ἐν</strong></span> <span class='ocrx_word' id='word_1_256' title='bbox 819 1868 856 1902; x_wconf 81' lang='grc' dir='ltr'><strong>δὲ</strong></span> <span class='ocrx_word' id='word_1_257' title='bbox 873 1866 958 1903; x_wconf 88' lang='grc' dir='ltr'>Φοι-</span> 
     </span>
     <span class='ocr_line' id='line_1_37' title="bbox 16 1903 953 1974; baseline -0.001 -25"><span class='ocrx_word' id='word_1_258' title='bbox 16 1903 48 1974; x_wconf 46' lang='lat' dir='ltr'><em>a</em></span> <span class='ocrx_word' id='word_1_259' title='bbox 69 1926 183 1964; x_wconf 89' lang='grc' dir='ltr'>ναρον.</span> <span class='ocrx_word' id='word_1_260' title='bbox 205 1917 332 1949; x_wconf 85' lang='lat' dir='ltr'><strong>Athen.</strong></span> <span class='ocrx_word' id='word_1_261' title='bbox 362 1914 396 1949; x_wconf 89' lang='lat'><strong>2.</strong></span> <span class='ocrx_word' id='word_1_262' title='bbox 423 1927 456 1958; x_wconf 91' lang='lat' dir='ltr'><strong>p.</strong></span> <span class='ocrx_word' id='word_1_263' title='bbox 480 1914 524 1949; x_wconf 94' lang='lat'><strong>70</strong></span> <span class='ocrx_word' id='word_1_264' title='bbox 543 1927 572 1949; x_wconf 90' lang='lat' dir='ltr'><strong>a.</strong></span> <span class='ocrx_word' id='word_1_265' title='bbox 595 1917 693 1948; x_wconf 87' lang='lat' dir='ltr'><strong>Eust.</strong></span> <span class='ocrx_word' id='word_1_266' title='bbox 716 1926 749 1958; x_wconf 91' lang='lat' dir='ltr'><strong>p.</strong></span> <span class='ocrx_word' id='word_1_267' title='bbox 774 1914 875 1957; x_wconf 86' lang='lat'><strong>1822,</strong></span> <span class='ocrx_word' id='word_1_268' title='bbox 899 1914 953 1949; x_wconf 92' lang='lat'><strong>17.</strong></span> 
     </span>
     <span class='ocr_line' id='line_1_38' title="bbox 158 1961 731 2006; baseline 0.001 -10.803"><span class='ocrx_word' id='word_1_269' title='bbox 158 1965 294 2004; x_wconf 84' lang='lat' dir='ltr'><strong>generis</strong></span> <span class='ocrx_word' id='word_1_270' title='bbox 313 1974 346 1996; x_wconf 83' lang='lat' dir='ltr'><strong>V.</strong></span> <span class='ocrx_word' id='word_1_271' title='bbox 367 1974 420 2006; x_wconf 89' lang='lat' dir='ltr'><strong>ap.</strong></span> <span class='ocrx_word' id='word_1_272' title='bbox 442 1964 521 1996; x_wconf 87' lang='lat' dir='ltr'><strong>Arc.</strong></span> <span class='ocrx_word' id='word_1_273' title='bbox 542 1974 576 2006; x_wconf 88' lang='lat' dir='ltr'><strong>p.</strong></span> <span class='ocrx_word' id='word_1_274' title='bbox 601 1961 677 2004; x_wconf 87' lang='grc'>101,</span> <span class='ocrx_word' id='word_1_275' title='bbox 699 1961 731 1996; x_wconf 89' lang='grc'><strong>3.</strong></span> 
     </span>
    </p>

    <p class='ocr_par' dir='ltr' id='par_1_17' title="bbox 20 2009 957 2204">
     <span class='ocr_line' id='line_1_39' title="bbox 29 2009 957 2068; baseline -0.001 -12"><span class='ocrx_word' id='word_1_276' title='bbox 29 2009 222 2068; x_wconf 72' lang='grc' dir='ltr'>’“ύνᾶρος</span> <span class='ocrx_word' id='word_1_277' title='bbox 254 2023 355 2054; x_wconf 75' lang='lat' dir='ltr'><strong>rubus</strong></span> <span class='ocrx_word' id='word_1_278' title='bbox 387 2024 527 2054; x_wconf 74' lang='lat' dir='ltr'><strong>caninus</strong></span> <span class='ocrx_word' id='word_1_279' title='bbox 560 2022 615 2053; x_wconf 81' lang='lat' dir='ltr'><strong>vel</strong></span> <span class='ocrx_word' id='word_1_280' title='bbox 654 2023 779 2053; x_wconf 78' lang='lat' dir='ltr'><strong>cinara.</strong></span> <span class='ocrx_word' id='word_1_281' title='bbox 808 2019 957 2067; x_wconf 83' lang='grc' dir='ltr'>κύναρος</span> 
     </span>
     <span class='ocr_line' id='line_1_40' title="bbox 20 2065 955 2115; baseline -0.002 -13"><span class='ocrx_word' id='word_1_282' title='bbox 20 2109 26 2114; x_wconf 79' lang='lat'><strong>.</strong></span> <span class='ocrx_word' id='word_1_283' title='bbox 50 2105 55 2107; x_wconf 56' lang='lat'><strong>.</strong></span> <span class='ocrx_word' id='word_1_284' title='bbox 95 2067 206 2103; x_wconf 86' lang='grc' dir='ltr'>πάντα</span> <span class='ocrx_word' id='word_1_285' title='bbox 229 2066 378 2114; x_wconf 76' lang='grc' dir='ltr'>πληθύει</span> <span class='ocrx_word' id='word_1_286' title='bbox 403 2068 488 2115; x_wconf 78' lang='grc' dir='ltr'>γύην</span> <span class='ocrx_word' id='word_1_287' title='bbox 506 2069 633 2101; x_wconf 88' lang='lat' dir='ltr'><strong>Phoen.</strong></span> <span class='ocrx_word' id='word_1_288' title='bbox 656 2070 696 2101; x_wconf 83' lang='lat' dir='ltr'><strong>fr.</strong></span> <span class='ocrx_word' id='word_1_289' title='bbox 726 2065 805 2101; x_wconf 88' lang='grc'>643.</span> <span class='ocrx_word' id='word_1_290' title='bbox 846 2070 955 2101; x_wconf 83' lang='lat' dir='ltr'><strong>Athe-</strong></span> 
     </span>
     <span class='ocr_line' id='line_1_41' title="bbox 24 2114 956 2162; baseline -0.003 -12"><span class='ocrx_word' id='word_1_291' title='bbox 24 2115 100 2150; x_wconf 67' lang='lat'><strong>21.</strong></span> <span class='ocrx_word' id='word_1_292' title='bbox 129 2125 157 2148; x_wconf 89' lang='lat' dir='ltr'><strong>c.</strong></span> <span class='ocrx_word' id='word_1_293' title='bbox 187 2117 336 2148; x_wconf 86' lang='lat' dir='ltr'><strong>cinaram</strong></span> <span class='ocrx_word' id='word_1_294' title='bbox 369 2127 388 2147; x_wconf 88' lang='lat' dir='ltr'><strong>a</strong></span> <span class='ocrx_word' id='word_1_295' title='bbox 415 2116 517 2157; x_wconf 90' lang='lat' dir='ltr'><strong>Soph.</strong></span> <span class='ocrx_word' id='word_1_296' title='bbox 543 2114 691 2162; x_wconf 87' lang='grc' dir='ltr'>κύναρον</span> <span class='ocrx_word' id='word_1_297' title='bbox 726 2116 761 2147; x_wconf 91' lang='lat' dir='ltr'><strong>in</strong></span> <span class='ocrx_word' id='word_1_298' title='bbox 787 2116 956 2148; x_wconf 84' lang='lat' dir='ltr'><strong>Phoenice</strong></span> 
     </span>
     <span class='ocr_line' id='line_1_42' title="bbox 26 2161 951 2204; baseline 0.001 -9"><span class='ocrx_word' id='word_1_299' title='bbox 26 2166 42 2170; x_wconf 76' lang='grc'><strong>’“</strong></span> <span class='ocrx_word' id='word_1_300' title='bbox 86 2166 260 2204; x_wconf 76' lang='lat' dir='ltr'><strong>autumat3</strong></span> <span class='ocrx_word' id='word_1_301' title='bbox 281 2165 336 2195; x_wconf 81' lang='lat' dir='ltr'><strong>cui</strong></span> <span class='ocrx_word' id='word_1_302' title='bbox 356 2165 405 2195; x_wconf 89' lang='lat' dir='ltr'><strong>rei</strong></span> <span class='ocrx_word' id='word_1_303' title='bbox 423 2172 487 2194; x_wconf 91' lang='lat' dir='ltr'><strong>non</strong></span> <span class='ocrx_word' id='word_1_304' title='bbox 500 2164 626 2204; x_wconf 90' lang='lat' dir='ltr'><strong>optime</strong></span> <span class='ocrx_word' id='word_1_305' title='bbox 636 2164 796 2195; x_wconf 85' lang='lat' dir='ltr'><strong>convenit</strong></span> <span class='ocrx_word' id='word_1_306' title='bbox 805 2161 951 2196; x_wconf 78' lang='grc' dir='ltr'>ἄκανθα.</span> 
     </span>
    </p>
   </div>
   <div class='ocr_carea' id='block_1_12' title="bbox 23 2217 957 3332">
    <p class='ocr_par' dir='ltr' id='par_1_18' title="bbox 23 2217 957 3332">
     <span class='ocr_line' id='line_1_43' title="bbox 24 2217 952 2270; baseline -0.001 -15"><span class='ocrx_word' id='word_1_307' title='bbox 24 2245 46 2270; x_wconf 53' lang='lat'><strong>³2»</strong></span> <span class='ocrx_word' id='word_1_308' title='bbox 68 2217 190 2266; x_wconf 64' lang='grc' dir='ltr'>’ὐνβη</span> <span class='ocrx_word' id='word_1_309' title='bbox 221 2223 244 2255; x_wconf 87' lang='lat' dir='ltr'><strong>i.</strong></span> <span class='ocrx_word' id='word_1_310' title='bbox 281 2231 313 2262; x_wconf 93' lang='lat' dir='ltr'><strong>q.</strong></span> <span class='ocrx_word' id='word_1_311' title='bbox 347 2219 480 2266; x_wconf 83' lang='grc' dir='ltr'>κύμβη.</span> <span class='ocrx_word' id='word_1_312' title='bbox 524 2219 654 2266; x_wconf 73' lang='grc' dir='ltr'>κύνβηι</span> <span class='ocrx_word' id='word_1_313' title='bbox 691 2219 813 2254; x_wconf 83' lang='grc' dir='ltr'>πλοίου</span> <span class='ocrx_word' id='word_1_314' title='bbox 848 2219 952 2259; x_wconf 84' lang='grc' dir='ltr'>εἶδος.</span> 
     </span>
     <span class='ocr_line' id='line_1_44' title="bbox 23 2265 381 2312; baseline -0.003 -10"><span class='ocrx_word' id='word_1_315' title='bbox 23 2267 150 2306; x_wconf 40' lang='lat' dir='ltr'><strong>&amp;hot</strong></span> <span class='ocrx_word' id='word_1_316' title='bbox 171 2279 204 2310; x_wconf 89' lang='lat' dir='ltr'><strong>p.</strong></span> <span class='ocrx_word' id='word_1_317' title='bbox 229 2266 307 2309; x_wconf 88' lang='lat'><strong>187,</strong></span> <span class='ocrx_word' id='word_1_318' title='bbox 328 2265 381 2312; x_wconf 92' lang='lat'><strong>3.]</strong></span> 
     </span>
     <span class='ocr_line' id='line_1_45' title="bbox 156 2323 955 2418; baseline 0.003 -15.575"><span class='ocrx_word' id='word_1_319' title='bbox 156 2323 528 2415; x_wconf 56' lang='lat' dir='ltr'><strong>i...]</strong></span> <span class='ocrx_word' id='word_1_320' title='bbox 542 2324 833 2418; x_wconf 46' lang='lat' dir='ltr'><strong>semiassi</strong></span> <span class='ocrx_word' id='word_1_321' title='bbox 846 2329 955 2406; x_wconf 58' lang='lat'><strong>²1:²33}</strong></span> 
     </span>
     <span class='ocr_line' id='line_1_46' title="bbox 24 2385 515 2412; baseline -0.002 -5"><span class='ocrx_word' id='word_1_322' title='bbox 24 2395 58 2412; x_wconf 49' lang='lat' dir='ltr'><strong>,nm</strong></span> <span class='ocrx_word' id='word_1_323' title='bbox 88 2389 101 2402; x_wconf 66' lang='lat'>0</span> <span class='ocrx_word' id='word_1_324' title='bbox 132 2399 139 2405; x_wconf 92' lang='lat'><strong>.</strong></span> <span class='ocrx_word' id='word_1_325' title='bbox 175 2392 221 2397; x_wconf 80' lang='grc'><strong>-··</strong></span> <span class='ocrx_word' id='word_1_326' title='bbox 386 2399 393 2405; x_wconf 84' lang='lat'><strong>.</strong></span> <span class='ocrx_word' id='word_1_327' title='bbox 496 2385 515 2406; x_wconf 72' lang='grc' dir='ltr'><strong>’ῗ</strong></span> 
     </span>
     <span class='ocr_line' id='line_1_47' title="bbox 37 2384 955 2467; baseline -0.002 -14"><span class='ocrx_word' id='word_1_328' title='bbox 37 2414 100 2447; x_wconf 60' lang='grc' dir='ltr'><strong>”““’“·ι</strong></span> <span class='ocrx_word' id='word_1_329' title='bbox 133 2416 300 2458; x_wconf 85' lang='grc' dir='ltr'>Θεσσαλίς</span> <span class='ocrx_word' id='word_1_330' title='bbox 331 2432 381 2454; x_wconf 86' lang='grc' dir='ltr'><strong>νιν</strong></span> <span class='ocrx_word' id='word_1_331' title='bbox 405 2385 557 2467; x_wconf 56' lang='grc' dir='ltr'>ἀμξτέχει</span> <span class='ocrx_word' id='word_1_332' title='bbox 583 2420 638 2452; x_wconf 85' lang='lat' dir='ltr'><strong>OC</strong></span> <span class='ocrx_word' id='word_1_333' title='bbox 661 2417 740 2453; x_wconf 86' lang='lat'><strong>314.</strong></span> <span class='ocrx_word' id='word_1_334' title='bbox 770 2385 860 2462; x_wconf 59' lang='lat' dir='ltr'><strong>guod</strong></span> <span class='ocrx_word' id='word_1_335' title='bbox 892 2384 955 2452; x_wconf 43' lang='lat' dir='ltr'><strong>exq</strong></span> 
     </span>
     <span class='ocr_line' id='line_1_48' title="bbox 71 2464 955 2514; baseline 0.002 -16"><span class='ocrx_word' id='word_1_336' title='bbox 71 2467 190 2514; x_wconf 67' lang='lat' dir='ltr'><strong>?{Eust.</strong></span> <span class='ocrx_word' id='word_1_337' title='bbox 216 2477 250 2509; x_wconf 87' lang='lat' dir='ltr'><strong>p.</strong></span> <span class='ocrx_word' id='word_1_338' title='bbox 279 2464 358 2508; x_wconf 88' lang='grc'>803,</span> <span class='ocrx_word' id='word_1_339' title='bbox 383 2465 414 2501; x_wconf 93' lang='grc'><strong>1.</strong></span> <span class='ocrx_word' id='word_1_340' title='bbox 452 2486 495 2492; x_wconf 93' lang='lat'><strong>—-</strong></span> <span class='ocrx_word' id='word_1_341' title='bbox 549 2465 614 2512; x_wconf 88' lang='grc' dir='ltr'><strong>υνὴ</strong></span> <span class='ocrx_word' id='word_1_342' title='bbox 639 2464 689 2504; x_wconf 88' lang='grc' dir='ltr'><strong>τίς</strong></span> <span class='ocrx_word' id='word_1_343' title='bbox 713 2465 794 2512; x_wconf 73' lang='grc' dir='ltr'>ἥδε,</span> <span class='ocrx_word' id='word_1_344' title='bbox 823 2464 955 2504; x_wconf 82' lang='grc' dir='ltr'>κυκλοὶς</span> 
     </span>
     <span class='ocr_line' id='line_1_49' title="bbox 72 2507 955 2560; baseline 0.001 -13"><span class='ocrx_word' id='word_1_345' title='bbox 72 2524 112 2559; x_wconf 56' lang='grc' dir='ltr'><strong>ις</strong></span> <span class='ocrx_word' id='word_1_346' title='bbox 142 2517 252 2560; x_wconf 84' lang='grc' dir='ltr'>κυνῆς</span> <span class='ocrx_word' id='word_1_347' title='bbox 284 2515 400 2547; x_wconf 86' lang='lat' dir='ltr'><strong>Inaeh.</strong></span> <span class='ocrx_word' id='word_1_348' title='bbox 429 2515 471 2547; x_wconf 86' lang='lat' dir='ltr'><strong>fr.</strong></span> <span class='ocrx_word' id='word_1_349' title='bbox 498 2511 579 2546; x_wconf 78' lang='grc'>261.</span> <span class='ocrx_word' id='word_1_350' title='bbox 617 2514 761 2554; x_wconf 87' lang='lat' dir='ltr'><strong>Hesych.</strong></span> <span class='ocrx_word' id='word_1_351' title='bbox 798 2507 955 2560; x_wconf 84' lang='grc' dir='ltr'>Ἀρκὰς</span> 
     </span>
     <span class='ocr_line' id='line_1_50' title="bbox 76 2556 952 2607; baseline -0.001 -13"><span class='ocrx_word' id='word_1_352' title='bbox 76 2556 304 2607; x_wconf 78' lang='grc' dir='ltr'>’·”Αρκαδικὸς</span> <span class='ocrx_word' id='word_1_353' title='bbox 321 2559 435 2599; x_wconf 85' lang='grc' dir='ltr'>πῖλος.</span> <span class='ocrx_word' id='word_1_354' title='bbox 452 2558 539 2607; x_wconf 83' lang='grc' dir='ltr'>Σοφ.</span> <span class='ocrx_word' id='word_1_355' title='bbox 559 2558 614 2594; x_wconf 85' lang='grc' dir='ltr'><strong>Ἰν.</strong></span> <span class='ocrx_word' id='word_1_356' title='bbox 636 2558 695 2605; x_wconf 86' lang='lat' dir='ltr'><strong>[cf.</strong></span> <span class='ocrx_word' id='word_1_357' title='bbox 709 2562 810 2593; x_wconf 87' lang='lat' dir='ltr'><strong>Eust.</strong></span> <span class='ocrx_word' id='word_1_358' title='bbox 824 2571 859 2602; x_wconf 85' lang='lat' dir='ltr'><strong>p.</strong></span> <span class='ocrx_word' id='word_1_359' title='bbox 871 2558 952 2602; x_wconf 82' lang='lat'><strong>302,</strong></span> 
     </span>
     <span class='ocr_line' id='line_1_51' title="bbox 69 2605 953 2656; baseline 0 -16"><span class='ocrx_word' id='word_1_360' title='bbox 69 2609 156 2647; x_wconf 68' lang='grc' dir='ltr'>’τοῖς</span> <span class='ocrx_word' id='word_1_361' title='bbox 181 2605 376 2642; x_wconf 82' lang='grc' dir='ltr'>Παυσανίου</span> <span class='ocrx_word' id='word_1_362' title='bbox 403 2606 540 2656; x_wconf 89' lang='grc' dir='ltr'>φέρεται</span> <span class='ocrx_word' id='word_1_363' title='bbox 566 2605 616 2641; x_wconf 80' lang='grc' dir='ltr'>ὅτι</span> <span class='ocrx_word' id='word_1_364' title='bbox 639 2618 677 2640; x_wconf 91' lang='grc' dir='ltr'><strong>τε</strong></span> <span class='ocrx_word' id='word_1_365' title='bbox 701 2605 829 2655; x_wconf 82' lang='grc' dir='ltr'>Ἀρκὰς</span> <span class='ocrx_word' id='word_1_366' title='bbox 864 2611 953 2653; x_wconf 87' lang='grc' dir='ltr'>κυνῆ</span> 
     </span>
     <span class='ocr_line' id='line_1_52' title="bbox 69 2651 956 2702; baseline -0.001 -14"><span class='ocrx_word' id='word_1_367' title='bbox 69 2653 77 2674; x_wconf 69' lang='grc'><strong>”</strong></span> <span class='ocrx_word' id='word_1_368' title='bbox 97 2664 148 2692; x_wconf 86' lang='grc' dir='ltr'><strong>τις</strong></span> <span class='ocrx_word' id='word_1_369' title='bbox 163 2651 239 2700; x_wconf 82' lang='grc' dir='ltr'>ἤτοι</span> <span class='ocrx_word' id='word_1_370' title='bbox 254 2651 459 2702; x_wconf 81' lang='grc' dir='ltr'>Ἀρκαδικὸς</span> <span class='ocrx_word' id='word_1_371' title='bbox 477 2652 579 2693; x_wconf 86' lang='grc' dir='ltr'>πῖλος</span> <span class='ocrx_word' id='word_1_372' title='bbox 590 2682 597 2688; x_wconf 95' lang='grc'><strong>.</strong></span> <span class='ocrx_word' id='word_1_373' title='bbox 612 2681 619 2688; x_wconf 93' lang='grc'><strong>.</strong></span> <span class='ocrx_word' id='word_1_374' title='bbox 635 2681 642 2688; x_wconf 96' lang='grc'><strong>.</strong></span> <span class='ocrx_word' id='word_1_375' title='bbox 657 2680 666 2688; x_wconf 91' lang='grc'><strong>.</strong></span> <span class='ocrx_word' id='word_1_376' title='bbox 685 2653 745 2689; x_wconf 87' lang='grc' dir='ltr'><strong>καὶ</strong></span> <span class='ocrx_word' id='word_1_377' title='bbox 762 2652 812 2688; x_wconf 76' lang='grc' dir='ltr'>ὅτι</span> <span class='ocrx_word' id='word_1_378' title='bbox 830 2652 956 2700; x_wconf 80' lang='grc' dir='ltr'>φελλός</span> 
     </span>
     <span class='ocr_line' id='line_1_53' title="bbox 69 2698 520 2750; baseline -0.002 -15"><span class='ocrx_word' id='word_1_379' title='bbox 69 2711 81 2738; x_wconf 70' lang='grc' dir='ltr'><strong>,ε</strong></span> <span class='ocrx_word' id='word_1_380' title='bbox 113 2711 132 2735; x_wconf 93' lang='grc' dir='ltr'>ο</span> <span class='ocrx_word' id='word_1_381' title='bbox 147 2698 304 2750; x_wconf 87' lang='grc' dir='ltr'>Ἀρκάς.]</span> <span class='ocrx_word' id='word_1_382' title='bbox 324 2713 356 2735; x_wconf 79' lang='grc' dir='ltr'><strong>ν.</strong></span> <span class='ocrx_word' id='word_1_383' title='bbox 377 2700 520 2740; x_wconf 87' lang='grc' dir='ltr'>κυκλάς.</span> 
     </span>
     <span class='ocr_line' id='line_1_54' title="bbox 68 2751 955 2841; baseline -0.001 -48"><span class='ocrx_word' id='word_1_384' title='bbox 68 2751 100 2805; x_wconf 16' lang='lat'><strong>⁶7</strong></span> <span class='ocrx_word' id='word_1_385' title='bbox 114 2770 138 2806; x_wconf 90' lang='grc' dir='ltr'>η</span> <span class='ocrx_word' id='word_1_386' title='bbox 143 2758 296 2841; x_wconf 56' lang='lat' dir='ltr'><strong>gertus.</strong></span> <span class='ocrx_word' id='word_1_387' title='bbox 324 2761 464 2803; x_wconf 85' lang='lat' dir='ltr'><strong>Proprie</strong></span> <span class='ocrx_word' id='word_1_388' title='bbox 481 2770 592 2801; x_wconf 80' lang='lat' dir='ltr'><strong>venor,</strong></span> <span class='ocrx_word' id='word_1_389' title='bbox 614 2761 696 2792; x_wconf 88' lang='lat' dir='ltr'><strong>inde</strong></span> <span class='ocrx_word' id='word_1_390' title='bbox 713 2760 835 2800; x_wconf 78' lang='lat' dir='ltr'><strong>indayo</strong></span> <span class='ocrx_word' id='word_1_391' title='bbox 848 2784 856 2800; x_wconf 83' lang='lat'>‚</span> <span class='ocrx_word' id='word_1_392' title='bbox 883 2769 955 2801; x_wconf 74' lang='lat' dir='ltr'><strong>spe-</strong></span> 
     </span>
     <span class='ocr_line' id='line_1_55' title="bbox 161 2805 956 2854; baseline 0 -14"><span class='ocrx_word' id='word_1_393' title='bbox 161 2805 199 2840; x_wconf 89' lang='grc' dir='ltr'><strong>πὶ</strong></span> <span class='ocrx_word' id='word_1_394' title='bbox 222 2811 367 2853; x_wconf 82' lang='grc' dir='ltr'>σκηναῖς</span> <span class='ocrx_word' id='word_1_395' title='bbox 385 2818 422 2840; x_wconf 91' lang='grc' dir='ltr'><strong>σε</strong></span> <span class='ocrx_word' id='word_1_396' title='bbox 438 2809 616 2845; x_wconf 82' lang='grc' dir='ltr'>ναυτικαῖς</span> <span class='ocrx_word' id='word_1_397' title='bbox 626 2805 696 2854; x_wconf 86' lang='grc' dir='ltr'>ὁρῶ</span> <span class='ocrx_word' id='word_1_398' title='bbox 769 2805 874 2841; x_wconf 85' lang='grc' dir='ltr'>πάλαι</span> <span class='ocrx_word' id='word_1_399' title='bbox 891 2819 956 2840; x_wconf 89' lang='grc' dir='ltr'><strong>κυ-</strong></span> 
     </span>
     <span class='ocr_line' id='line_1_56' title="bbox 73 2853 955 2888; baseline 0 -1"><span class='ocrx_word' id='word_1_400' title='bbox 73 2863 82 2887; x_wconf 55' lang='grc' dir='ltr'>ἐ</span> <span class='ocrx_word' id='word_1_401' title='bbox 129 2865 152 2887; x_wconf 84' lang='grc' dir='ltr'><strong>α</strong></span> <span class='ocrx_word' id='word_1_402' title='bbox 174 2855 232 2887; x_wconf 85' lang='lat' dir='ltr'><strong>Ai.</strong></span> <span class='ocrx_word' id='word_1_403' title='bbox 260 2853 292 2888; x_wconf 87' lang='grc'><strong>5.</strong></span> <span class='ocrx_word' id='word_1_404' title='bbox 321 2856 468 2887; x_wconf 91' lang='lat' dir='ltr'><strong>Dorismi</strong></span> <span class='ocrx_word' id='word_1_405' title='bbox 492 2856 530 2886; x_wconf 89' lang='lat' dir='ltr'><strong>in</strong></span> <span class='ocrx_word' id='word_1_406' title='bbox 567 2855 621 2886; x_wconf 89' lang='lat' dir='ltr'><strong>his</strong></span> <span class='ocrx_word' id='word_1_407' title='bbox 638 2855 808 2887; x_wconf 88' lang='lat' dir='ltr'><strong>vocabulis</strong></span> <span class='ocrx_word' id='word_1_408' title='bbox 827 2854 955 2887; x_wconf 82' lang='lat' dir='ltr'><strong>milita-</strong></span> 
     </span>
     <span class='ocr_line' id='line_1_57' title="bbox 70 2898 957 2948; baseline -0.001 -14"><span class='ocrx_word' id='word_1_409' title='bbox 70 2898 234 2941; x_wconf 83' lang='lat' dir='ltr'><strong>··minum</strong></span> <span class='ocrx_word' id='word_1_410' title='bbox 259 2902 542 2943; x_wconf 88' lang='lat' dir='ltr'><strong>similitudinem,</strong></span> <span class='ocrx_word' id='word_1_411' title='bbox 572 2902 707 2943; x_wconf 84' lang='lat' dir='ltr'><strong>qualem</strong></span> <span class='ocrx_word' id='word_1_412' title='bbox 731 2899 879 2948; x_wconf 73' lang='grc' dir='ltr'>κυναγός</span> <span class='ocrx_word' id='word_1_413' title='bbox 902 2910 957 2933; x_wconf 92' lang='lat' dir='ltr'><strong>re-</strong></span> 
     </span>
     <span class='ocr_line' id='line_1_58' title="bbox 84 2942 957 2995; baseline -0.002 -13"><span class='ocrx_word' id='word_1_414' title='bbox 84 2942 252 2995; x_wconf 77' lang='grc' dir='ltr'>λοχαγός</span> <span class='ocrx_word' id='word_1_415' title='bbox 274 2950 422 2990; x_wconf 83' lang='lat' dir='ltr'><strong>factum,</strong></span> <span class='ocrx_word' id='word_1_416' title='bbox 449 2949 579 2981; x_wconf 85' lang='lat' dir='ltr'><strong>nullam</strong></span> <span class='ocrx_word' id='word_1_417' title='bbox 603 2949 833 2981; x_wconf 80' lang='lat' dir='ltr'><strong>referentibus</strong></span> <span class='ocrx_word' id='word_1_418' title='bbox 858 2952 957 2980; x_wconf 85' lang='lat' dir='ltr'><strong>extra</strong></span> 
     </span>
     <span class='ocr_line' id='line_1_59' title="bbox 68 2995 952 3041; baseline -0.002 -11"><span class='ocrx_word' id='word_1_419' title='bbox 68 2999 218 3041; x_wconf 60' lang='lat' dir='ltr'><strong>,partes</strong></span> <span class='ocrx_word' id='word_1_420' title='bbox 251 3005 319 3028; x_wconf 90' lang='lat' dir='ltr'><strong>non</strong></span> <span class='ocrx_word' id='word_1_421' title='bbox 351 2999 448 3029; x_wconf 88' lang='lat' dir='ltr'><strong>sunt.</strong></span> <span class='ocrx_word' id='word_1_422' title='bbox 507 2996 559 3028; x_wconf 82' lang='lat' dir='ltr'><strong>cf.</strong></span> <span class='ocrx_word' id='word_1_423' title='bbox 593 2996 710 3030; x_wconf 83' lang='lat' dir='ltr'><strong>Valck.</strong></span> <span class='ocrx_word' id='word_1_424' title='bbox 747 2996 790 3027; x_wconf 92' lang='lat' dir='ltr'><strong>ad</strong></span> <span class='ocrx_word' id='word_1_425' title='bbox 826 2995 952 3028; x_wconf 90' lang='lat' dir='ltr'><strong>Phoen.</strong></span> 
     </span>
     <span class='ocr_line' id='line_1_60' title="bbox 65 3038 533 3090; baseline 0.002 -17"><span class='ocrx_word' id='word_1_426' title='bbox 65 3038 183 3090; x_wconf 41' lang='lat' dir='ltr'><strong>*Ji-1¹⁰¹)-</strong></span> <span class='ocrx_word' id='word_1_427' title='bbox 205 3042 247 3074; x_wconf 83' lang='lat' dir='ltr'><strong>ad</strong></span> <span class='ocrx_word' id='word_1_428' title='bbox 263 3043 431 3085; x_wconf 88' lang='lat' dir='ltr'><strong>Phryn.p.</strong></span> <span class='ocrx_word' id='word_1_429' title='bbox 452 3039 533 3075; x_wconf 56' lang='lat'><strong>428⁴.</strong></span> 
     </span>
     <span class='ocr_line' id='line_1_61' title="bbox 107 3097 957 3147; baseline 0.002 -14.868"><span class='ocrx_word' id='word_1_430' title='bbox 107 3098 218 3146; x_wconf 59' lang='grc' dir='ltr'>.ηγία</span> <span class='ocrx_word' id='word_1_431' title='bbox 240 3103 391 3143; x_wconf 80' lang='lat' dir='ltr'><strong>venatio,</strong></span> <span class='ocrx_word' id='word_1_432' title='bbox 422 3102 640 3141; x_wconf 73' lang='lat' dir='ltr'><strong>investiyatz&#39;o.</strong></span> <span class='ocrx_word' id='word_1_433' title='bbox 670 3097 781 3145; x_wconf 79' lang='grc' dir='ltr'>φύλαξ</span> <span class='ocrx_word' id='word_1_434' title='bbox 805 3098 888 3145; x_wconf 81' lang='grc' dir='ltr'>ἔβην</span> <span class='ocrx_word' id='word_1_435' title='bbox 912 3098 957 3147; x_wconf 71' lang='grc' dir='ltr'>τῇ</span> 
     </span>
     <span class='ocr_line' id='line_1_62' title="bbox 80 3144 957 3194; baseline -0.003 -12"><span class='ocrx_word' id='word_1_436' title='bbox 80 3151 109 3183; x_wconf 87' lang='grc'><strong>’,</strong></span> <span class='ocrx_word' id='word_1_437' title='bbox 130 3156 196 3190; x_wconf 81' lang='grc' dir='ltr'><strong>μσς</strong></span> <span class='ocrx_word' id='word_1_438' title='bbox 221 3145 270 3185; x_wconf 83' lang='grc' dir='ltr'><strong>εἰς</strong></span> <span class='ocrx_word' id='word_1_439' title='bbox 288 3146 366 3182; x_wconf 85' lang='grc' dir='ltr'>ὁδὸν</span> <span class='ocrx_word' id='word_1_440' title='bbox 392 3145 539 3194; x_wconf 79' lang='grc' dir='ltr'>κυνηγία</span> <span class='ocrx_word' id='word_1_441' title='bbox 570 3148 626 3181; x_wconf 83' lang='lat' dir='ltr'><strong>Ai.</strong></span> <span class='ocrx_word' id='word_1_442' title='bbox 663 3144 709 3179; x_wconf 86' lang='grc'>37</span> <span class='ocrx_word' id='word_1_443' title='bbox 741 3148 790 3179; x_wconf 91' lang='lat' dir='ltr'><strong>sic</strong></span> <span class='ocrx_word' id='word_1_444' title='bbox 822 3151 957 3188; x_wconf 85' lang='lat' dir='ltr'><strong>praeter</strong></span> 
     </span>
     <span class='ocr_line' id='line_1_63' title="bbox 44 3191 956 3238; baseline 0 -12"><span class='ocrx_word' id='word_1_445' title='bbox 44 3194 48 3230; x_wconf 73' lang='grc' dir='ltr'>ζ</span> <span class='ocrx_word' id='word_1_446' title='bbox 104 3201 199 3235; x_wconf 54' lang='grc' dir='ltr'>υςιιο</span> <span class='ocrx_word' id='word_1_447' title='bbox 215 3194 341 3227; x_wconf 90' lang='lat' dir='ltr'><strong>librum</strong></span> <span class='ocrx_word' id='word_1_448' title='bbox 357 3195 453 3228; x_wconf 87' lang='lat' dir='ltr'><strong>codd.</strong></span> <span class='ocrx_word' id='word_1_449' title='bbox 470 3204 600 3227; x_wconf 90' lang='lat' dir='ltr'><strong>omnes.</strong></span> <span class='ocrx_word' id='word_1_450' title='bbox 619 3191 739 3238; x_wconf 90' lang='lat' dir='ltr'><strong>[Dind.</strong></span> <span class='ocrx_word' id='word_1_451' title='bbox 759 3195 875 3235; x_wconf 85' lang='lat' dir='ltr'><strong>posuit</strong></span> <span class='ocrx_word' id='word_1_452' title='bbox 891 3204 956 3226; x_wconf 88' lang='grc' dir='ltr'><strong>κυ-</strong></span> 
     </span>
     <span class='ocr_line' id='line_1_64' title="bbox 84 3239 952 3286; baseline 0.001 -16"><span class='ocrx_word' id='word_1_453' title='bbox 84 3241 284 3286; x_wconf 70' lang='lat' dir='ltr'><strong>&#39;amquam</strong></span> <span class='ocrx_word' id='word_1_454' title='bbox 317 3242 410 3274; x_wconf 84' lang='lat' dir='ltr'><strong>haud</strong></span> <span class='ocrx_word' id='word_1_455' title='bbox 433 3242 592 3282; x_wconf 80' lang='lat' dir='ltr'><strong>ignorans</strong></span> <span class='ocrx_word' id='word_1_456' title='bbox 624 3242 659 3272; x_wconf 92' lang='lat' dir='ltr'><strong>in</strong></span> <span class='ocrx_word' id='word_1_457' title='bbox 692 3239 885 3286; x_wconf 81' lang='grc' dir='ltr'>κυνηγέτης</span> <span class='ocrx_word' id='word_1_458' title='bbox 917 3243 952 3271; x_wconf 91' lang='lat' dir='ltr'><strong>et</strong></span> 
     </span>
     <span class='ocr_line' id='line_1_65' title="bbox 88 3285 695 3332; baseline 0.002 -14"><span class='ocrx_word' id='word_1_459' title='bbox 88 3285 146 3325; x_wconf 65' lang='grc' dir='ltr'>’Ϊν</span> <span class='ocrx_word' id='word_1_460' title='bbox 164 3296 183 3318; x_wconf 86' lang='lat' dir='ltr'><strong>a</strong></span> <span class='ocrx_word' id='word_1_461' title='bbox 199 3288 334 3327; x_wconf 80' lang='lat' dir='ltr'><strong>tragicis</strong></span> <span class='ocrx_word' id='word_1_462' title='bbox 359 3292 534 3320; x_wconf 84' lang='lat' dir='ltr'><strong>servatum</strong></span> <span class='ocrx_word' id='word_1_463' title='bbox 551 3297 627 3319; x_wconf 90' lang='lat' dir='ltr'><strong>esse</strong></span> <span class='ocrx_word' id='word_1_464' title='bbox 644 3287 695 3332; x_wconf 90' lang='grc' dir='ltr'><strong>η.]</strong></span> 
     </span>
    </p>
   </div>
   <div class='ocr_carea' id='block_1_13' title="bbox 0 1350 141 3348">
    <p class='ocr_par' dir='ltr' id='par_1_19' title="bbox 0 1350 141 3348">
     <span class='ocr_line' id='line_1_66' title="bbox 0 1350 2 1491; baseline 0 -116"><span class='ocrx_word' id='word_1_465' title='bbox 0 1350 2 1491; x_wconf 95' lang='lat' dir='ltr'><strong>   </strong></span> 
     </span>
     <span class='ocr_line' id='line_1_67' title="bbox 0 1647 71 1788; baseline 0 -11"><span class='ocrx_word' id='word_1_466' title='bbox 0 1647 71 1788; x_wconf 95' lang='lat' dir='ltr'><strong>    </strong></span> 
     </span>
     <span class='ocr_line' id='line_1_68' title="bbox 0 1788 53 1896; baseline 0 -23"><span class='ocrx_word' id='word_1_467' title='bbox 0 1788 53 1896; x_wconf 95' lang='lat' dir='ltr'><strong>   </strong></span> 
     </span>
     <span class='ocr_line' id='line_1_69' title="bbox 0 1896 56 2033; baseline 0 -39"><span class='ocrx_word' id='word_1_468' title='bbox 0 1896 56 2033; x_wconf 95' lang='lat' dir='ltr'><strong>   </strong></span> 
     </span>
     <span class='ocr_line' id='line_1_70' title="bbox 0 2033 56 2140; baseline -0.054 -47"><span class='ocrx_word' id='word_1_469' title='bbox 0 2033 56 2140; x_wconf 95' lang='lat' dir='ltr'><strong>   </strong></span> 
     </span>
     <span class='ocr_line' id='line_1_71' title="bbox 0 2140 74 2225; baseline 0 0"><span class='ocrx_word' id='word_1_470' title='bbox 0 2140 74 2225; x_wconf 95' lang='lat' dir='ltr'><strong>  </strong></span> 
     </span>
     <span class='ocr_line' id='line_1_72' title="bbox 0 2225 84 2447; baseline 0 -112"><span class='ocrx_word' id='word_1_471' title='bbox 0 2225 84 2447; x_wconf 95' lang='lat' dir='ltr'><strong>    </strong></span> 
     </span>
     <span class='ocr_line' id='line_1_73' title="bbox 0 2447 88 2492; baseline 0 1108"><span class='ocrx_word' id='word_1_472' title='bbox 0 2447 88 2492; x_wconf 95' lang='lat' dir='ltr'><strong> </strong></span> 
     </span>
     <span class='ocr_line' id='line_1_74' title="bbox 0 2492 94 2632; baseline 0.043 -51"><span class='ocrx_word' id='word_1_473' title='bbox 0 2492 94 2632; x_wconf 95' lang='lat' dir='ltr'><strong>    </strong></span> 
     </span>
     <span class='ocr_line' id='line_1_75' title="bbox 0 2632 97 2727; baseline 0 0"><span class='ocrx_word' id='word_1_474' title='bbox 0 2632 97 2727; x_wconf 95' lang='lat' dir='ltr'><strong>  </strong></span> 
     </span>
     <span class='ocr_line' id='line_1_76' title="bbox 0 2727 141 2836; baseline 0 -11"><span class='ocrx_word' id='word_1_475' title='bbox 0 2727 141 2836; x_wconf 95' lang='lat' dir='ltr'><strong>   </strong></span> 
     </span>
     <span class='ocr_line' id='line_1_77' title="bbox 0 2836 129 2916; baseline 0.008 -39"><span class='ocrx_word' id='word_1_476' title='bbox 0 2836 129 2916; x_wconf 95' lang='lat' dir='ltr'><strong>    </strong></span> 
     </span>
     <span class='ocr_line' id='line_1_78' title="bbox 0 2916 102 2980; baseline 0 0"><span class='ocrx_word' id='word_1_477' title='bbox 0 2916 102 2980; x_wconf 95' lang='lat' dir='ltr'><strong>  </strong></span> 
     </span>
     <span class='ocr_line' id='line_1_79' title="bbox 0 2980 102 3108; baseline 0 -93"><span class='ocrx_word' id='word_1_478' title='bbox 0 2980 102 3108; x_wconf 95' lang='lat' dir='ltr'><strong>   </strong></span> 
     </span>
     <span class='ocr_line' id='line_1_80' title="bbox 0 3120 130 3264; baseline 0.069 -6"><span class='ocrx_word' id='word_1_479' title='bbox 0 3120 130 3264; x_wconf 95' lang='lat' dir='ltr'><strong>     </strong></span> 
     </span>
     <span class='ocr_line' id='line_1_81' title="bbox 12 3264 113 3348; baseline 0 0"><span class='ocrx_word' id='word_1_480' title='bbox 12 3264 113 3348; x_wconf 95' lang='lat' dir='ltr'><strong>  </strong></span> 
     </span>
    </p>
   </div>
   <div class='ocr_carea' id='block_1_14' title="bbox 985 362 1503 409">
    <p class='ocr_par' dir='ltr' id='par_1_20' title="bbox 985 362 1503 409">
     <span class='ocr_line' id='line_1_82' title="bbox 985 362 1503 409; baseline -0.002 -11"><span class='ocrx_word' id='word_1_481' title='bbox 985 367 1135 398; x_wconf 90' lang='lat' dir='ltr'><strong>monium</strong></span> <span class='ocrx_word' id='word_1_482' title='bbox 1153 366 1336 405; x_wconf 88' lang='lat' dir='ltr'><strong>Phrynichi</strong></span> <span class='ocrx_word' id='word_1_483' title='bbox 1354 376 1386 407; x_wconf 90' lang='lat' dir='ltr'><strong>p.</strong></span> <span class='ocrx_word' id='word_1_484' title='bbox 1407 362 1503 409; x_wconf 64' lang='lat'><strong>428}</strong></span> 
     </span>
    </p>
   </div>
   <div class='ocr_carea' id='block_1_15' title="bbox 983 431 1999 730">
    <p class='ocr_par' dir='ltr' id='par_1_21' title="bbox 983 431 1994 618">
     <span class='ocr_line' id='line_1_83' title="bbox 1056 431 1990 482; baseline 0 -13"><span class='ocrx_word' id='word_1_485' title='bbox 1056 431 1490 481; x_wconf 71' lang='grc' dir='ltr'>Κῦνηδόνεαπιιιητηονε.</span> <span class='ocrx_word' id='word_1_486' title='bbox 1512 433 1661 480; x_wconf 82' lang='grc' dir='ltr'>κυνηδὸν</span> <span class='ocrx_word' id='word_1_487' title='bbox 1681 432 1861 482; x_wconf 76' lang='grc' dir='ltr'>ἐξέκραξαν</span> <span class='ocrx_word' id='word_1_488' title='bbox 1873 436 1990 469; x_wconf 80' lang='lat' dir='ltr'><strong>Phrix.</strong></span> 
     </span>
     <span class='ocr_line' id='line_1_84' title="bbox 983 479 1994 527; baseline 0 -13"><span class='ocrx_word' id='word_1_489' title='bbox 983 484 1025 516; x_wconf 85' lang='lat' dir='ltr'><strong>fr.</strong></span> <span class='ocrx_word' id='word_1_490' title='bbox 1046 480 1126 516; x_wconf 88' lang='grc'>646.</span> <span class='ocrx_word' id='word_1_491' title='bbox 1154 480 1265 527; x_wconf 86' lang='lat' dir='ltr'><strong>[Phot.</strong></span> <span class='ocrx_word' id='word_1_492' title='bbox 1287 493 1319 524; x_wconf 91' lang='lat' dir='ltr'><strong>p.</strong></span> <span class='ocrx_word' id='word_1_493' title='bbox 1344 479 1422 522; x_wconf 74' lang='lat'><strong>187,</strong></span> <span class='ocrx_word' id='word_1_494' title='bbox 1451 479 1473 514; x_wconf 83' lang='lat'><strong>4</strong></span> <span class='ocrx_word' id='word_1_495' title='bbox 1502 481 1672 527; x_wconf 73' lang='grc' dir='ltr'>κυνηδόνε</span> <span class='ocrx_word' id='word_1_496' title='bbox 1710 482 1757 520; x_wconf 81' lang='grc' dir='ltr'>ὡς</span> <span class='ocrx_word' id='word_1_497' title='bbox 1790 480 1917 527; x_wconf 56' lang='lat' dir='ltr'><strong>ubuum]</strong></span> <span class='ocrx_word' id='word_1_498' title='bbox 1947 484 1994 514; x_wconf 83' lang='lat' dir='ltr'><strong>De</strong></span> 
     </span>
     <span class='ocr_line' id='line_1_85' title="bbox 985 528 1994 572; baseline 0 -10"><span class='ocrx_word' id='word_1_499' title='bbox 985 533 1064 562; x_wconf 85' lang='lat' dir='ltr'><strong>tono</strong></span> <span class='ocrx_word' id='word_1_500' title='bbox 1088 530 1324 562; x_wconf 77' lang='lat' dir='ltr'><strong>adverbiorum</strong></span> <span class='ocrx_word' id='word_1_501' title='bbox 1350 531 1384 560; x_wconf 89' lang='lat' dir='ltr'><strong>in</strong></span> <span class='ocrx_word' id='word_1_502' title='bbox 1411 528 1468 563; x_wconf 79' lang='grc' dir='ltr'><strong>δον</strong></span> <span class='ocrx_word' id='word_1_503' title='bbox 1491 531 1666 572; x_wconf 83' lang='lat' dir='ltr'><strong>praecepit</strong></span> <span class='ocrx_word' id='word_1_504' title='bbox 1692 530 1802 571; x_wconf 84' lang='lat' dir='ltr'><strong>Apoll.</strong></span> <span class='ocrx_word' id='word_1_505' title='bbox 1841 531 1883 562; x_wconf 91' lang='lat' dir='ltr'><strong>de</strong></span> <span class='ocrx_word' id='word_1_506' title='bbox 1919 531 1994 562; x_wconf 82' lang='lat' dir='ltr'><strong>adv.</strong></span> 
     </span>
     <span class='ocr_line' id='line_1_86' title="bbox 984 574 1175 618; baseline 0 -8"><span class='ocrx_word' id='word_1_507' title='bbox 984 587 1018 618; x_wconf 89' lang='lat' dir='ltr'><strong>p.</strong></span> <span class='ocrx_word' id='word_1_508' title='bbox 1041 574 1121 618; x_wconf 85' lang='lat'><strong>550,</strong></span> <span class='ocrx_word' id='word_1_509' title='bbox 1143 575 1175 610; x_wconf 83' lang='lat'><strong>7.</strong></span> 
     </span>
    </p>

    <p class='ocr_par' dir='ltr' id='par_1_22' title="bbox 985 631 1999 730">
     <span class='ocr_line' id='line_1_87' title="bbox 1057 631 1999 682; baseline 0.001 -16"><span class='ocrx_word' id='word_1_510' title='bbox 1057 631 1145 668; x_wconf 72' lang='grc' dir='ltr'>Κῦν</span> <span class='ocrx_word' id='word_1_511' title='bbox 1157 647 1174 668; x_wconf 81' lang='lat'><strong>0</strong></span> <span class='ocrx_word' id='word_1_512' title='bbox 1187 646 1204 668; x_wconf 87' lang='grc' dir='ltr'>σ</span> <span class='ocrx_word' id='word_1_513' title='bbox 1214 647 1238 668; x_wconf 82' lang='grc' dir='ltr'>π</span> <span class='ocrx_word' id='word_1_514' title='bbox 1248 633 1356 682; x_wconf 74' lang='grc' dir='ltr'>άραχ</span> <span class='ocrx_word' id='word_1_515' title='bbox 1366 647 1410 669; x_wconf 80' lang='grc' dir='ltr'>το</span> <span class='ocrx_word' id='word_1_516' title='bbox 1423 647 1438 672; x_wconf 78' lang='grc' dir='ltr'>ς</span> <span class='ocrx_word' id='word_1_517' title='bbox 1455 634 1589 667; x_wconf 73' lang='lat' dir='ltr'><strong>canibus</strong></span> <span class='ocrx_word' id='word_1_518' title='bbox 1610 636 1784 667; x_wconf 74' lang='lat' dir='ltr'><strong>laceratus.</strong></span> <span class='ocrx_word' id='word_1_519' title='bbox 1821 633 1999 668; x_wconf 79' lang='grc' dir='ltr'>κυνοσπά-</span> 
     </span>
     <span class='ocr_line' id='line_1_88' title="bbox 985 679 1703 730; baseline -0.006 -14"><span class='ocrx_word' id='word_1_520' title='bbox 985 694 1108 730; x_wconf 86' lang='grc' dir='ltr'>ρακτον</span> <span class='ocrx_word' id='word_1_521' title='bbox 1128 687 1230 727; x_wconf 83' lang='grc' dir='ltr'>σῶμα</span> <span class='ocrx_word' id='word_1_522' title='bbox 1247 679 1477 719; x_wconf 76' lang='grc' dir='ltr'>Πολυνείκους</span> <span class='ocrx_word' id='word_1_523' title='bbox 1497 683 1578 715; x_wconf 86' lang='lat' dir='ltr'><strong>Ant.</strong></span> <span class='ocrx_word' id='word_1_524' title='bbox 1602 679 1703 715; x_wconf 79' lang='lat'><strong>1198,</strong></span> 
     </span>
    </p>
   </div>
   <div class='ocr_carea' id='block_1_16' title="bbox 983 748 2008 1938">
    <p class='ocr_par' dir='ltr' id='par_1_23' title="bbox 983 748 2005 1550">
     <span class='ocr_line' id='line_1_89' title="bbox 1056 748 2000 800; baseline -0.003 -13"><span class='ocrx_word' id='word_1_525' title='bbox 1056 749 1226 800; x_wconf 84' lang='grc' dir='ltr'>Κύπρις</span> <span class='ocrx_word' id='word_1_526' title='bbox 1252 753 1366 786; x_wconf 74' lang='lat' dir='ltr'><strong>Venus.</strong></span> <span class='ocrx_word' id='word_1_527' title='bbox 1388 753 1402 796; x_wconf 85' lang='grc' dir='ltr'><strong>ΙΙ</strong></span> <span class='ocrx_word' id='word_1_528' title='bbox 1431 753 1502 785; x_wconf 85' lang='lat' dir='ltr'><strong>Dea</strong></span> <span class='ocrx_word' id='word_1_529' title='bbox 1520 754 1604 794; x_wconf 87' lang='lat' dir='ltr'><strong>ipsa.</strong></span> <span class='ocrx_word' id='word_1_530' title='bbox 1635 748 1816 799; x_wconf 75' lang='grc' dir='ltr'>εὔλεκτρος</span> <span class='ocrx_word' id='word_1_531' title='bbox 1844 750 1878 785; x_wconf 85' lang='grc' dir='ltr'><strong>ἐν</strong></span> <span class='ocrx_word' id='word_1_532' title='bbox 1905 750 2000 797; x_wconf 81' lang='grc' dir='ltr'>μέσῳ</span> 
     </span>
     <span class='ocr_line' id='line_1_90' title="bbox 987 795 2000 846; baseline -0.002 -13"><span class='ocrx_word' id='word_1_533' title='bbox 987 795 1120 846; x_wconf 84' lang='grc' dir='ltr'>Κύπρις</span> <span class='ocrx_word' id='word_1_534' title='bbox 1146 798 1353 846; x_wconf 77' lang='grc' dir='ltr'>ῥαβδονόμει</span> <span class='ocrx_word' id='word_1_535' title='bbox 1379 798 1524 838; x_wconf 79' lang='grc' dir='ltr'>ξυνοῦσα</span> <span class='ocrx_word' id='word_1_536' title='bbox 1550 801 1604 832; x_wconf 81' lang='lat' dir='ltr'><strong>Tr.</strong></span> <span class='ocrx_word' id='word_1_537' title='bbox 1635 797 1702 830; x_wconf 86' lang='grc'><strong>515</strong></span> <span class='ocrx_word' id='word_1_538' title='bbox 1727 801 1779 832; x_wconf 88' lang='lat' dir='ltr'><strong>ch.</strong></span> <span class='ocrx_word' id='word_1_539' title='bbox 1820 801 1939 840; x_wconf 86' lang='lat' dir='ltr'><strong>inepte</strong></span> <span class='ocrx_word' id='word_1_540' title='bbox 1958 799 2000 831; x_wconf 83' lang='lat' dir='ltr'><strong>de</strong></span> 
     </span>
     <span class='ocr_line' id='line_1_91' title="bbox 986 841 1999 891; baseline 0 -12"><span class='ocrx_word' id='word_1_541' title='bbox 986 848 1100 888; x_wconf 88' lang='lat' dir='ltr'><strong>puella</strong></span> <span class='ocrx_word' id='word_1_542' title='bbox 1118 852 1192 879; x_wconf 89' lang='lat' dir='ltr'><strong>tum</strong></span> <span class='ocrx_word' id='word_1_543' title='bbox 1213 849 1372 879; x_wconf 79' lang='lat' dir='ltr'><strong>Deianira</strong></span> <span class='ocrx_word' id='word_1_544' title='bbox 1391 847 1606 887; x_wconf 79' lang='lat' dir='ltr'><strong>intelligebat</strong></span> <span class='ocrx_word' id='word_1_545' title='bbox 1623 847 1752 886; x_wconf 82' lang='lat' dir='ltr'><strong>Musgr.</strong></span> <span class='ocrx_word' id='word_1_546' title='bbox 1797 845 1819 879; x_wconf 82' lang='grc' dir='ltr'><em>ἀ</em></span> <span class='ocrx_word' id='word_1_547' title='bbox 1837 841 1871 879; x_wconf 74' lang='grc' dir='ltr'><strong>δ’</strong></span> <span class='ocrx_word' id='word_1_548' title='bbox 1889 844 1999 891; x_wconf 82' lang='grc' dir='ltr'>ἀμφί-</span> 
     </span>
     <span class='ocr_line' id='line_1_92' title="bbox 983 890 1999 941; baseline -0.003 -12"><span class='ocrx_word' id='word_1_549' title='bbox 983 893 1092 933; x_wconf 84' lang='grc' dir='ltr'>πολος</span> <span class='ocrx_word' id='word_1_550' title='bbox 1124 891 1258 941; x_wconf 83' lang='grc' dir='ltr'>Κύπρις</span> <span class='ocrx_word' id='word_1_551' title='bbox 1280 890 1379 928; x_wconf 81' lang='grc' dir='ltr'>τῶνδ’</span> <span class='ocrx_word' id='word_1_552' title='bbox 1406 892 1516 939; x_wconf 76' lang='grc' dir='ltr'>ἐφάνη</span> <span class='ocrx_word' id='word_1_553' title='bbox 1543 892 1704 940; x_wconf 82' lang='grc' dir='ltr'>πράκτωρ</span> <span class='ocrx_word' id='word_1_554' title='bbox 1741 891 1809 925; x_wconf 86' lang='grc'>860</span> <span class='ocrx_word' id='word_1_555' title='bbox 1833 895 1886 926; x_wconf 87' lang='lat' dir='ltr'><strong>ch.</strong></span> <span class='ocrx_word' id='word_1_556' title='bbox 1917 911 1957 918; x_wconf 91' lang='lat'><strong>—-</strong></span> <span class='ocrx_word' id='word_1_557' title='bbox 1984 893 1999 935; x_wconf 79' lang='grc'>11</span> 
     </span>
     <span class='ocr_line' id='line_1_93' title="bbox 987 941 2000 983; baseline -0.003 -9"><span class='ocrx_word' id='word_1_558' title='bbox 987 942 1056 975; x_wconf 86' lang='lat' dir='ltr'><strong>Sed</strong></span> <span class='ocrx_word' id='word_1_559' title='bbox 1081 952 1147 974; x_wconf 90' lang='lat' dir='ltr'><strong>non</strong></span> <span class='ocrx_word' id='word_1_560' title='bbox 1175 944 1258 974; x_wconf 80' lang='lat' dir='ltr'><strong>satis</strong></span> <span class='ocrx_word' id='word_1_561' title='bbox 1283 945 1438 974; x_wconf 85' lang='lat' dir='ltr'><strong>accurate</strong></span> <span class='ocrx_word' id='word_1_562' title='bbox 1464 943 1601 983; x_wconf 79' lang='lat' dir='ltr'><strong>saepius</strong></span> <span class='ocrx_word' id='word_1_563' title='bbox 1619 941 1680 972; x_wconf 79' lang='lat' dir='ltr'><strong>dea</strong></span> <span class='ocrx_word' id='word_1_564' title='bbox 1705 943 1745 972; x_wconf 88' lang='lat' dir='ltr'><strong>ab</strong></span> <span class='ocrx_word' id='word_1_565' title='bbox 1763 950 1871 972; x_wconf 80' lang='lat' dir='ltr'><strong>amore</strong></span> <span class='ocrx_word' id='word_1_566' title='bbox 1898 950 2000 982; x_wconf 93' lang='lat' dir='ltr'><strong>quem</strong></span> 
     </span>
     <span class='ocr_line' id='line_1_94' title="bbox 987 987 2001 1034; baseline 0 -13"><span class='ocrx_word' id='word_1_567' title='bbox 987 990 1133 1022; x_wconf 86' lang='lat' dir='ltr'><strong>instillat</strong></span> <span class='ocrx_word' id='word_1_568' title='bbox 1158 991 1281 1021; x_wconf 83' lang='lat' dir='ltr'><strong>animis</strong></span> <span class='ocrx_word' id='word_1_569' title='bbox 1307 994 1343 1021; x_wconf 89' lang='lat' dir='ltr'><strong>et</strong></span> <span class='ocrx_word' id='word_1_570' title='bbox 1367 989 1538 1020; x_wconf 87' lang='lat' dir='ltr'><strong>desiderio</strong></span> <span class='ocrx_word' id='word_1_571' title='bbox 1564 989 1711 1020; x_wconf 79' lang='lat' dir='ltr'><strong>discerni</strong></span> <span class='ocrx_word' id='word_1_572' title='bbox 1740 992 1866 1030; x_wconf 79' lang='lat' dir='ltr'><strong>potest.</strong></span> <span class='ocrx_word' id='word_1_573' title='bbox 1940 987 2001 1034; x_wconf 75' lang='grc' dir='ltr'><strong>έγα</strong></span> 
     </span>
     <span class='ocr_line' id='line_1_95' title="bbox 986 1000 1996 1083; baseline -0.004 -12"><span class='ocrx_word' id='word_1_574' title='bbox 986 1049 1016 1071; x_wconf 89' lang='grc' dir='ltr'>τι</span> <span class='ocrx_word' id='word_1_575' title='bbox 1035 1035 1156 1075; x_wconf 77' lang='grc' dir='ltr'>σθένος</span> <span class='ocrx_word' id='word_1_576' title='bbox 1174 1035 1196 1070; x_wconf 86' lang='grc' dir='ltr'><strong><em>ἁ</em></strong></span> <span class='ocrx_word' id='word_1_577' title='bbox 1222 1032 1356 1083; x_wconf 81' lang='grc' dir='ltr'>Κύπρις</span> <span class='ocrx_word' id='word_1_578' title='bbox 1375 1034 1556 1083; x_wconf 82' lang='grc' dir='ltr'>ἐκφέρεται</span> <span class='ocrx_word' id='word_1_579' title='bbox 1579 1033 1675 1072; x_wconf 86' lang='grc' dir='ltr'>νίκας</span> <span class='ocrx_word' id='word_1_580' title='bbox 1701 1033 1754 1068; x_wconf 81' lang='grc' dir='ltr'>ἀεί</span> <span class='ocrx_word' id='word_1_581' title='bbox 1779 1035 1836 1068; x_wconf 85' lang='lat' dir='ltr'><strong>Tr.</strong></span> <span class='ocrx_word' id='word_1_582' title='bbox 1858 1000 1996 1067; x_wconf 38' lang='lat'><strong>495011.</strong></span> 
     </span>
     <span class='ocr_line' id='line_1_96' title="bbox 990 1079 2001 1130; baseline -0.003 -12"><span class='ocrx_word' id='word_1_583' title='bbox 990 1080 1070 1118; x_wconf 81' lang='grc' dir='ltr'><strong>Κύπ</strong></span> <span class='ocrx_word' id='word_1_584' title='bbox 1095 1096 1123 1122; x_wconf 90' lang='grc' dir='ltr'>ις</span> <span class='ocrx_word' id='word_1_585' title='bbox 1149 1082 1187 1118; x_wconf 77' lang='grc' dir='ltr'>οὐ</span> <span class='ocrx_word' id='word_1_586' title='bbox 1215 1080 1349 1130; x_wconf 79' lang='grc' dir='ltr'>Κύπρις</span> <span class='ocrx_word' id='word_1_587' title='bbox 1376 1081 1493 1128; x_wconf 84' lang='grc' dir='ltr'>μόνον,</span> <span class='ocrx_word' id='word_1_588' title='bbox 1521 1079 1596 1115; x_wconf 75' lang='grc' dir='ltr'>ἀλλ’</span> <span class='ocrx_word' id='word_1_589' title='bbox 1621 1081 1689 1115; x_wconf 79' lang='grc' dir='ltr'>ἔστι</span> <span class='ocrx_word' id='word_1_590' title='bbox 1708 1080 1847 1116; x_wconf 79' lang='grc' dir='ltr'>πολλῶν</span> <span class='ocrx_word' id='word_1_591' title='bbox 1867 1080 2001 1127; x_wconf 82' lang='grc' dir='ltr'>ὀνομά-</span> 
     </span>
     <span class='ocr_line' id='line_1_97' title="bbox 987 1095 2003 1176; baseline -0.003 -11"><span class='ocrx_word' id='word_1_592' title='bbox 987 1143 1055 1165; x_wconf 87' lang='grc' dir='ltr'><strong>των</strong></span> <span class='ocrx_word' id='word_1_593' title='bbox 1074 1095 1257 1176; x_wconf 67' lang='grc' dir='ltr'>Ξπώνυμος</span> <span class='ocrx_word' id='word_1_594' title='bbox 1275 1132 1315 1163; x_wconf 75' lang='lat' dir='ltr'><strong>fr.</strong></span> <span class='ocrx_word' id='word_1_595' title='bbox 1329 1132 1395 1162; x_wconf 89' lang='lat' dir='ltr'><strong>inc.</strong></span> <span class='ocrx_word' id='word_1_596' title='bbox 1410 1128 1489 1170; x_wconf 87' lang='grc'>678,</span> <span class='ocrx_word' id='word_1_597' title='bbox 1507 1128 1536 1161; x_wconf 95' lang='grc'><strong>1.</strong></span> <span class='ocrx_word' id='word_1_598' title='bbox 1561 1128 1642 1162; x_wconf 85' lang='grc' dir='ltr'>α”νευ</span> <span class='ocrx_word' id='word_1_599' title='bbox 1663 1128 1803 1176; x_wconf 83' lang='grc' dir='ltr'>σιδήρου</span> <span class='ocrx_word' id='word_1_600' title='bbox 1825 1127 1935 1162; x_wconf 87' lang='grc' dir='ltr'>πάντα</span> <span class='ocrx_word' id='word_1_601' title='bbox 1950 1141 2003 1162; x_wconf 89' lang='grc' dir='ltr'><strong>τοι</strong></span> 
     </span>
     <span class='ocr_line' id='line_1_98' title="bbox 990 1174 2004 1224; baseline -0.003 -12"><span class='ocrx_word' id='word_1_602' title='bbox 990 1177 1209 1224; x_wconf 80' lang='grc' dir='ltr'>συντέμνεται</span> <span class='ocrx_word' id='word_1_603' title='bbox 1226 1174 1360 1224; x_wconf 84' lang='grc' dir='ltr'>Κύπρις</span> <span class='ocrx_word' id='word_1_604' title='bbox 1383 1175 1426 1210; x_wconf 81' lang='grc' dir='ltr'>τὰ</span> <span class='ocrx_word' id='word_1_605' title='bbox 1443 1175 1580 1222; x_wconf 72' lang='grc' dir='ltr'>θνητῶν</span> <span class='ocrx_word' id='word_1_606' title='bbox 1598 1174 1656 1210; x_wconf 84' lang='grc' dir='ltr'><strong>καὶ</strong></span> <span class='ocrx_word' id='word_1_607' title='bbox 1673 1174 1763 1210; x_wconf 76' lang='grc' dir='ltr'>θεῶν</span> <span class='ocrx_word' id='word_1_608' title='bbox 1783 1174 2004 1221; x_wconf 83' lang='grc' dir='ltr'>βουλεύματα</span> 
     </span>
     <span class='ocr_line' id='line_1_99' title="bbox 990 1223 2004 1267; baseline -0.004 -9"><span class='ocrx_word' id='word_1_609' title='bbox 990 1228 1035 1259; x_wconf 89' lang='lat' dir='ltr'><strong>ib.</strong></span> <span class='ocrx_word' id='word_1_610' title='bbox 1057 1237 1087 1259; x_wconf 92' lang='lat' dir='ltr'><strong>v.</strong></span> <span class='ocrx_word' id='word_1_611' title='bbox 1112 1223 1166 1259; x_wconf 93' lang='grc'><strong>17.</strong></span> <span class='ocrx_word' id='word_1_612' title='bbox 1188 1244 1232 1250; x_wconf 95' lang='grc'>-</span> <span class='ocrx_word' id='word_1_613' title='bbox 1251 1225 1265 1267; x_wconf 89' lang='grc' dir='ltr'><strong>ΙΙ</strong></span> <span class='ocrx_word' id='word_1_614' title='bbox 1288 1224 1414 1265; x_wconf 79' lang='lat' dir='ltr'><strong>Oupido</strong></span> <span class='ocrx_word' id='word_1_615' title='bbox 1432 1228 1467 1256; x_wconf 88' lang='lat' dir='ltr'><strong>et</strong></span> <span class='ocrx_word' id='word_1_616' title='bbox 1484 1223 1680 1255; x_wconf 74' lang='lat' dir='ltr'><strong>desiderium</strong></span> <span class='ocrx_word' id='word_1_617' title='bbox 1698 1224 1867 1265; x_wconf 87' lang='lat' dir='ltr'><strong>quoddam</strong></span> <span class='ocrx_word' id='word_1_618' title='bbox 1882 1226 2004 1255; x_wconf 71' lang='lat' dir='ltr'><strong>amoris</strong></span> 
     </span>
     <span class='ocr_line' id='line_1_100' title="bbox 992 1266 2004 1317; baseline -0.002 -12"><span class='ocrx_word' id='word_1_619' title='bbox 992 1275 1237 1314; x_wconf 80' lang='lat' dir='ltr'><strong>significatur.:</strong></span> <span class='ocrx_word' id='word_1_620' title='bbox 1274 1272 1303 1305; x_wconf 86' lang='grc' dir='ltr'>ὦ</span> <span class='ocrx_word' id='word_1_621' title='bbox 1327 1269 1415 1310; x_wconf 76' lang='grc' dir='ltr'>θεοί,</span> <span class='ocrx_word' id='word_1_622' title='bbox 1442 1269 1492 1308; x_wconf 83' lang='grc' dir='ltr'><strong>τίς</strong></span> <span class='ocrx_word' id='word_1_623' title='bbox 1515 1268 1582 1317; x_wconf 80' lang='grc' dir='ltr'><strong>ἄρα</strong></span> <span class='ocrx_word' id='word_1_624' title='bbox 1604 1266 1738 1317; x_wconf 81' lang='grc' dir='ltr'>Κύπρις</span> <span class='ocrx_word' id='word_1_625' title='bbox 1761 1268 1785 1315; x_wconf 84' lang='grc' dir='ltr'>ἢ</span> <span class='ocrx_word' id='word_1_626' title='bbox 1810 1269 1859 1308; x_wconf 86' lang='grc' dir='ltr'><strong>τίς</strong></span> <span class='ocrx_word' id='word_1_627' title='bbox 1882 1267 2004 1317; x_wconf 83' lang='grc' dir='ltr'>ἵμερος</span> 
     </span>
     <span class='ocr_line' id='line_1_101' title="bbox 990 1315 2004 1366; baseline -0.006 -12"><span class='ocrx_word' id='word_1_628' title='bbox 990 1319 1090 1354; x_wconf 76' lang='grc' dir='ltr'>τοῦδε</span> <span class='ocrx_word' id='word_1_629' title='bbox 1109 1318 1283 1366; x_wconf 77' lang='grc' dir='ltr'>ξυνήψατο</span> <span class='ocrx_word' id='word_1_630' title='bbox 1302 1321 1367 1352; x_wconf 88' lang='lat' dir='ltr'><strong>inc.</strong></span> <span class='ocrx_word' id='word_1_631' title='bbox 1391 1315 1469 1359; x_wconf 85' lang='lat'><strong>710,</strong></span> <span class='ocrx_word' id='word_1_632' title='bbox 1494 1316 1523 1351; x_wconf 91' lang='lat'><strong>1.</strong></span> <span class='ocrx_word' id='word_1_633' title='bbox 1562 1319 1657 1350; x_wconf 88' lang='lat' dir='ltr'><strong>Ultra</strong></span> <span class='ocrx_word' id='word_1_634' title='bbox 1682 1319 1774 1349; x_wconf 87' lang='lat' dir='ltr'><strong>enim</strong></span> <span class='ocrx_word' id='word_1_635' title='bbox 1802 1322 1838 1349; x_wconf 89' lang='lat' dir='ltr'><strong>et</strong></span> <span class='ocrx_word' id='word_1_636' title='bbox 1855 1318 2004 1349; x_wconf 88' lang='lat' dir='ltr'><strong>volentia</strong></span> 
     </span>
     <span class='ocr_line' id='line_1_102' title="bbox 993 1366 1999 1400; baseline -0.002 -1"><span class='ocrx_word' id='word_1_637' title='bbox 993 1369 1105 1400; x_wconf 85' lang='lat' dir='ltr'><strong>omnia</strong></span> <span class='ocrx_word' id='word_1_638' title='bbox 1137 1369 1172 1399; x_wconf 91' lang='lat' dir='ltr'><strong>in</strong></span> <span class='ocrx_word' id='word_1_639' title='bbox 1206 1367 1354 1399; x_wconf 87' lang='lat' dir='ltr'><strong>hominis</strong></span> <span class='ocrx_word' id='word_1_640' title='bbox 1387 1366 1551 1398; x_wconf 83' lang='lat' dir='ltr'><strong>ditionem</strong></span> <span class='ocrx_word' id='word_1_641' title='bbox 1583 1367 1791 1397; x_wconf 71' lang='lat' dir='ltr'><strong>concessisse</strong></span> <span class='ocrx_word' id='word_1_642' title='bbox 1827 1366 1999 1397; x_wconf 87' lang='lat' dir='ltr'><strong>dicuntur.</strong></span> 
     </span>
     <span class='ocr_line' id='line_1_103' title="bbox 987 1408 2004 1462; baseline -0.006 -13"><span class='ocrx_word' id='word_1_643' title='bbox 987 1408 1126 1462; x_wconf 84' lang='grc' dir='ltr'>Ἔρωτα</span> <span class='ocrx_word' id='word_1_644' title='bbox 1150 1419 1184 1447; x_wconf 89' lang='lat' dir='ltr'><strong>et</strong></span> <span class='ocrx_word' id='word_1_645' title='bbox 1207 1411 1414 1460; x_wconf 74' lang='grc' dir='ltr'>Ἀφροδίτην</span> <span class='ocrx_word' id='word_1_646' title='bbox 1440 1413 1598 1444; x_wconf 83' lang='lat' dir='ltr'><strong>similiter</strong></span> <span class='ocrx_word' id='word_1_647' title='bbox 1623 1412 1689 1444; x_wconf 87' lang='lat' dir='ltr'><strong>dici</strong></span> <span class='ocrx_word' id='word_1_648' title='bbox 1715 1417 1846 1444; x_wconf 91' lang='lat' dir='ltr'><strong>notum.</strong></span> <span class='ocrx_word' id='word_1_649' title='bbox 1871 1430 1909 1435; x_wconf 92' lang='lat'><strong>—-</strong></span> <span class='ocrx_word' id='word_1_650' title='bbox 1936 1413 2004 1444; x_wconf 85' lang='lat' dir='ltr'><strong>Ac-</strong></span> 
     </span>
     <span class='ocr_line' id='line_1_104' title="bbox 992 1457 2005 1502; baseline -0.003 -8"><span class='ocrx_word' id='word_1_651' title='bbox 992 1467 1130 1494; x_wconf 89' lang='lat' dir='ltr'><strong>centum</strong></span> <span class='ocrx_word' id='word_1_652' title='bbox 1147 1462 1323 1493; x_wconf 84' lang='lat' dir='ltr'><strong>adnotavit</strong></span> <span class='ocrx_word' id='word_1_653' title='bbox 1341 1461 1419 1493; x_wconf 90' lang='lat' dir='ltr'><strong>Arc.</strong></span> <span class='ocrx_word' id='word_1_654' title='bbox 1440 1471 1473 1502; x_wconf 90' lang='lat' dir='ltr'><strong>p.</strong></span> <span class='ocrx_word' id='word_1_655' title='bbox 1496 1457 1552 1500; x_wconf 85' lang='lat'><strong>33,</strong></span> <span class='ocrx_word' id='word_1_656' title='bbox 1573 1457 1630 1492; x_wconf 87' lang='grc'>25.</span> <span class='ocrx_word' id='word_1_657' title='bbox 1660 1460 1771 1491; x_wconf 87' lang='lat' dir='ltr'><strong>Prima</strong></span> <span class='ocrx_word' id='word_1_658' title='bbox 1790 1461 1824 1491; x_wconf 92' lang='lat' dir='ltr'><strong>in</strong></span> <span class='ocrx_word' id='word_1_659' title='bbox 1843 1461 1910 1491; x_wconf 84' lang='lat' dir='ltr'><strong>arsi</strong></span> <span class='ocrx_word' id='word_1_660' title='bbox 1928 1469 2005 1501; x_wconf 91' lang='lat' dir='ltr'><strong>pro-</strong></span> 
     </span>
     <span class='ocr_line' id='line_1_105' title="bbox 993 1508 1642 1550; baseline -0.006 -8"><span class='ocrx_word' id='word_1_661' title='bbox 993 1511 1142 1550; x_wconf 84' lang='lat' dir='ltr'><strong>ducitur,</strong></span> <span class='ocrx_word' id='word_1_662' title='bbox 1163 1511 1200 1540; x_wconf 88' lang='lat' dir='ltr'><strong>in</strong></span> <span class='ocrx_word' id='word_1_663' title='bbox 1218 1509 1308 1542; x_wconf 87' lang='lat' dir='ltr'><strong>thesi</strong></span> <span class='ocrx_word' id='word_1_664' title='bbox 1325 1509 1435 1550; x_wconf 83' lang='lat' dir='ltr'><strong>posita</strong></span> <span class='ocrx_word' id='word_1_665' title='bbox 1451 1508 1642 1548; x_wconf 89' lang='lat' dir='ltr'><strong>corripitur.</strong></span> 
     </span>
    </p>

    <p class='ocr_par' dir='ltr' id='par_1_24' title="bbox 993 1561 2008 1938">
     <span class='ocr_line' id='line_1_106' title="bbox 1067 1561 2001 1614; baseline -0.004 -13"><span class='ocrx_word' id='word_1_666' title='bbox 1067 1564 1342 1614; x_wconf 83' lang='grc' dir='ltr'>[Κύρβαντες</span> <span class='ocrx_word' id='word_1_667' title='bbox 1375 1568 1398 1599; x_wconf 90' lang='lat' dir='ltr'><strong>i.</strong></span> <span class='ocrx_word' id='word_1_668' title='bbox 1433 1577 1464 1608; x_wconf 92' lang='lat' dir='ltr'><strong>q.</strong></span> <span class='ocrx_word' id='word_1_669' title='bbox 1504 1561 1735 1612; x_wconf 82' lang='grc' dir='ltr'>Κορύβαντες.</span> <span class='ocrx_word' id='word_1_670' title='bbox 1793 1565 2001 1607; x_wconf 71' lang='lat' dir='ltr'><strong>Corybantes.</strong></span> 
     </span>
     <span class='ocr_line' id='line_1_107' title="bbox 994 1609 2002 1654; baseline -0.001 -7"><span class='ocrx_word' id='word_1_671' title='bbox 994 1617 1045 1647; x_wconf 87' lang='lat' dir='ltr'><strong>De</strong></span> <span class='ocrx_word' id='word_1_672' title='bbox 1063 1616 1209 1647; x_wconf 89' lang='lat' dir='ltr'><strong>nominis</strong></span> <span class='ocrx_word' id='word_1_673' title='bbox 1235 1616 1340 1647; x_wconf 88' lang='lat' dir='ltr'><strong>forma</strong></span> <span class='ocrx_word' id='word_1_674' title='bbox 1363 1625 1395 1646; x_wconf 86' lang='lat' dir='ltr'><strong>v.</strong></span> <span class='ocrx_word' id='word_1_675' title='bbox 1418 1615 1500 1647; x_wconf 92' lang='lat' dir='ltr'><strong>Lob.</strong></span> <span class='ocrx_word' id='word_1_676' title='bbox 1530 1613 1627 1647; x_wconf 83' lang='lat' dir='ltr'><strong>Path.</strong></span> <span class='ocrx_word' id='word_1_677' title='bbox 1650 1610 1688 1654; x_wconf 87' lang='lat'><strong>1,</strong></span> <span class='ocrx_word' id='word_1_678' title='bbox 1717 1609 1798 1646; x_wconf 89' lang='grc'>324.</span> <span class='ocrx_word' id='word_1_679' title='bbox 1827 1613 1868 1645; x_wconf 89' lang='lat' dir='ltr'><strong>G.</strong></span> <span class='ocrx_word' id='word_1_680' title='bbox 1897 1613 2002 1646; x_wconf 90' lang='lat' dir='ltr'><strong>Dind.</strong></span> 
     </span>
     <span class='ocr_line' id='line_1_108' title="bbox 994 1655 2006 1707; baseline 0 -14"><span class='ocrx_word' id='word_1_681' title='bbox 994 1664 1029 1694; x_wconf 90' lang='lat' dir='ltr'><strong>in</strong></span> <span class='ocrx_word' id='word_1_682' title='bbox 1050 1663 1113 1696; x_wconf 92' lang='lat' dir='ltr'><strong>Th.</strong></span> <span class='ocrx_word' id='word_1_683' title='bbox 1136 1663 1221 1694; x_wconf 89' lang='lat' dir='ltr'><strong>LGr.</strong></span> <span class='ocrx_word' id='word_1_684' title='bbox 1243 1659 1278 1696; x_wconf 90' lang='lat'><strong>4.</strong></span> <span class='ocrx_word' id='word_1_685' title='bbox 1296 1672 1330 1704; x_wconf 88' lang='lat' dir='ltr'><strong>p.</strong></span> <span class='ocrx_word' id='word_1_686' title='bbox 1349 1658 1441 1694; x_wconf 89' lang='grc'>2136</span> <span class='ocrx_word' id='word_1_687' title='bbox 1461 1662 1503 1693; x_wconf 90' lang='lat' dir='ltr'><strong>D.</strong></span> <span class='ocrx_word' id='word_1_688' title='bbox 1520 1661 1666 1700; x_wconf 84' lang='lat' dir='ltr'><strong>Ilesych.</strong></span> <span class='ocrx_word' id='word_1_689' title='bbox 1689 1655 1906 1707; x_wconf 81' lang='grc' dir='ltr'>Κύρβαντες;</span> <span class='ocrx_word' id='word_1_690' title='bbox 1930 1655 2006 1694; x_wconf 82' lang='lat' dir='ltr'><strong>Kc·-</strong></span> 
     </span>
     <span class='ocr_line' id='line_1_109' title="bbox 995 1705 2000 1757; baseline -0.003 -15"><span class='ocrx_word' id='word_1_691' title='bbox 995 1707 1158 1757; x_wconf 82' lang='grc' dir='ltr'>ρύβαντες</span> <span class='ocrx_word' id='word_1_692' title='bbox 1176 1718 1254 1741; x_wconf 90' lang='lat' dir='ltr'><strong>cum</strong></span> <span class='ocrx_word' id='word_1_693' title='bbox 1271 1710 1316 1742; x_wconf 92' lang='lat' dir='ltr'><strong>M.</strong></span> <span class='ocrx_word' id='word_1_694' title='bbox 1344 1708 1511 1740; x_wconf 83' lang='lat' dir='ltr'><strong>Schmidti</strong></span> <span class='ocrx_word' id='word_1_695' title='bbox 1531 1708 1644 1740; x_wconf 89' lang='lat' dir='ltr'><strong>adnot.</strong></span> <span class='ocrx_word' id='word_1_696' title='bbox 1657 1725 1705 1732; x_wconf 88' lang='lat'><strong>—-·</strong></span> <span class='ocrx_word' id='word_1_697' title='bbox 1719 1709 1758 1739; x_wconf 90' lang='lat' dir='ltr'><strong>In</strong></span> <span class='ocrx_word' id='word_1_698' title='bbox 1777 1709 1818 1740; x_wconf 85' lang='lat' dir='ltr'><strong>fr.</strong></span> <span class='ocrx_word' id='word_1_699' title='bbox 1840 1709 1906 1740; x_wconf 92' lang='lat' dir='ltr'><strong>inc.</strong></span> <span class='ocrx_word' id='word_1_700' title='bbox 1921 1705 2000 1740; x_wconf 82' lang='lat'><strong>740.</strong></span> 
     </span>
     <span class='ocr_line' id='line_1_110' title="bbox 993 1751 2008 1804; baseline -0.004 -14"><span class='ocrx_word' id='word_1_701' title='bbox 993 1755 1079 1790; x_wconf 85' lang='grc' dir='ltr'><strong>κάπὶ</strong></span> <span class='ocrx_word' id='word_1_702' title='bbox 1090 1753 1326 1804; x_wconf 83' lang='grc' dir='ltr'>Κυρβάντεσσι</span> <span class='ocrx_word' id='word_1_703' title='bbox 1341 1753 1530 1802; x_wconf 82' lang='grc' dir='ltr'>χορεύσατε</span> <span class='ocrx_word' id='word_1_704' title='bbox 1550 1765 1603 1797; x_wconf 85' lang='lat' dir='ltr'><strong>ap.</strong></span> <span class='ocrx_word' id='word_1_705' title='bbox 1616 1755 1709 1788; x_wconf 91' lang='lat' dir='ltr'><strong>Plut.</strong></span> <span class='ocrx_word' id='word_1_706' title='bbox 1721 1755 1838 1790; x_wconf 84' lang='lat' dir='ltr'><strong>Moral,</strong></span> <span class='ocrx_word' id='word_1_707' title='bbox 1859 1765 1892 1796; x_wconf 92' lang='lat' dir='ltr'><strong>p.</strong></span> <span class='ocrx_word' id='word_1_708' title='bbox 1906 1751 1976 1786; x_wconf 83' lang='lat'><strong>758</strong></span> <span class='ocrx_word' id='word_1_709' title='bbox 1994 1756 2008 1786; x_wconf 78' lang='lat' dir='ltr'>f</span> 
     </span>
     <span class='ocr_line' id='line_1_111' title="bbox 995 1800 2005 1846; baseline -0.004 -10"><span class='ocrx_word' id='word_1_710' title='bbox 995 1805 1071 1836; x_wconf 91' lang='lat' dir='ltr'><strong>libri</strong></span> <span class='ocrx_word' id='word_1_711' title='bbox 1090 1805 1238 1836; x_wconf 81' lang='lat' dir='ltr'><strong>Parisini</strong></span> <span class='ocrx_word' id='word_1_712' title='bbox 1258 1814 1333 1835; x_wconf 85' lang='lat' dir='ltr'><strong>eam</strong></span> <span class='ocrx_word' id='word_1_713' title='bbox 1349 1805 1490 1836; x_wconf 81' lang='lat' dir='ltr'><strong>formam</strong></span> <span class='ocrx_word' id='word_1_714' title='bbox 1508 1800 1702 1846; x_wconf 61' lang='lat' dir='ltr'><strong>praebent]</strong></span> <span class='ocrx_word' id='word_1_715' title='bbox 1735 1802 1829 1840; x_wconf 77' lang='lat' dir='ltr'><strong>Quae</strong></span> <span class='ocrx_word' id='word_1_716' title='bbox 1847 1802 1888 1833; x_wconf 88' lang='lat' dir='ltr'><strong>de</strong></span> <span class='ocrx_word' id='word_1_717' title='bbox 1907 1802 2005 1833; x_wconf 81' lang='lat' dir='ltr'><strong>sana-</strong></span> 
     </span>
     <span class='ocr_line' id='line_1_112' title="bbox 993 1849 2006 1891; baseline -0.005 -7"><span class='ocrx_word' id='word_1_718' title='bbox 993 1853 1060 1884; x_wconf 91' lang='lat' dir='ltr'><strong>tica</strong></span> <span class='ocrx_word' id='word_1_719' title='bbox 1077 1852 1280 1891; x_wconf 80' lang='lat' dir='ltr'><strong>Corybantia</strong></span> <span class='ocrx_word' id='word_1_720' title='bbox 1307 1851 1540 1883; x_wconf 80' lang='lat' dir='ltr'><strong>exsultatione</strong></span> <span class='ocrx_word' id='word_1_721' title='bbox 1566 1850 1645 1881; x_wconf 89' lang='lat' dir='ltr'><strong>sciri</strong></span> <span class='ocrx_word' id='word_1_722' title='bbox 1670 1854 1834 1891; x_wconf 84' lang='lat' dir='ltr'><strong>possunt.</strong></span> <span class='ocrx_word' id='word_1_723' title='bbox 1870 1849 2006 1889; x_wconf 85' lang='lat' dir='ltr'><strong>collegit</strong></span> 
     </span>
     <span class='ocr_line' id='line_1_113' title="bbox 994 1893 1680 1938; baseline -0.004 -8"><span class='ocrx_word' id='word_1_724' title='bbox 994 1903 1028 1931; x_wconf 88' lang='lat' dir='ltr'><strong>et</strong></span> <span class='ocrx_word' id='word_1_725' title='bbox 1045 1899 1249 1931; x_wconf 80' lang='lat' dir='ltr'><strong>diiudicavit</strong></span> <span class='ocrx_word' id='word_1_726' title='bbox 1267 1899 1348 1930; x_wconf 89' lang='lat' dir='ltr'><strong>Lob.</strong></span> <span class='ocrx_word' id='word_1_727' title='bbox 1371 1898 1445 1938; x_wconf 86' lang='lat' dir='ltr'><strong>Agl.</strong></span> <span class='ocrx_word' id='word_1_728' title='bbox 1467 1894 1502 1930; x_wconf 88' lang='grc'>2.</span> <span class='ocrx_word' id='word_1_729' title='bbox 1522 1907 1555 1938; x_wconf 90' lang='lat' dir='ltr'><strong>p.</strong></span> <span class='ocrx_word' id='word_1_730' title='bbox 1579 1893 1680 1928; x_wconf 90' lang='grc'>1153.</span> 
     </span>
    </p>
   </div>
   <div class='ocr_carea' id='block_1_17' title="bbox 989 1960 2005 3178">
    <p class='ocr_par' dir='ltr' id='par_1_25' title="bbox 989 1960 2005 3178">
     <span class='ocr_line' id='line_1_114' title="bbox 1063 1960 2000 2015; baseline -0.006 -12"><span class='ocrx_word' id='word_1_731' title='bbox 1063 1962 1217 2015; x_wconf 82' lang='grc' dir='ltr'>Κῦρέω</span> <span class='ocrx_word' id='word_1_732' title='bbox 1236 1972 1272 2000; x_wconf 87' lang='lat' dir='ltr'><strong>et</strong></span> <span class='ocrx_word' id='word_1_733' title='bbox 1286 1960 1403 2013; x_wconf 76' lang='grc' dir='ltr'>κύρω</span> <span class='ocrx_word' id='word_1_734' title='bbox 1437 1964 1549 2011; x_wconf 89' lang='lat' dir='ltr'><strong>[Curt.</strong></span> <span class='ocrx_word' id='word_1_735' title='bbox 1582 1966 1639 1999; x_wconf 88' lang='lat' dir='ltr'><strong>Et.</strong></span> <span class='ocrx_word' id='word_1_736' title='bbox 1668 1977 1702 2008; x_wconf 92' lang='lat' dir='ltr'><strong>p.</strong></span> <span class='ocrx_word' id='word_1_737' title='bbox 1727 1963 1805 1999; x_wconf 83' lang='lat'><strong>538.</strong></span> <span class='ocrx_word' id='word_1_738' title='bbox 1837 1966 1892 1998; x_wconf 87' lang='lat' dir='ltr'><strong>ed.</strong></span> <span class='ocrx_word' id='word_1_739' title='bbox 1914 1963 1963 2010; x_wconf 89' lang='lat'><strong>2].</strong></span> <span class='ocrx_word' id='word_1_740' title='bbox 1987 1966 2000 2009; x_wconf 82' lang='grc' dir='ltr'><strong>ΙΙ</strong></span> 
     </span>
     <span class='ocr_line' id='line_1_115' title="bbox 994 2014 2002 2056; baseline -0.005 -7"><span class='ocrx_word' id='word_1_741' title='bbox 994 2017 1143 2049; x_wconf 77' lang='lat' dir='ltr'><strong>Formae.</strong></span> <span class='ocrx_word' id='word_1_742' title='bbox 1173 2016 1339 2047; x_wconf 87' lang='lat' dir='ltr'><strong>Universe</strong></span> <span class='ocrx_word' id='word_1_743' title='bbox 1353 2016 1500 2056; x_wconf 88' lang='lat' dir='ltr'><strong>primum</strong></span> <span class='ocrx_word' id='word_1_744' title='bbox 1518 2014 1768 2046; x_wconf 84' lang='lat' dir='ltr'><strong>observandum</strong></span> <span class='ocrx_word' id='word_1_745' title='bbox 1787 2015 1911 2045; x_wconf 82' lang='lat' dir='ltr'><strong>formae</strong></span> <span class='ocrx_word' id='word_1_746' title='bbox 1922 2023 2002 2045; x_wconf 89' lang='lat' dir='ltr'><strong>con-</strong></span> 
     </span>
     <span class='ocr_line' id='line_1_116' title="bbox 992 2061 2003 2102; baseline -0.004 -7"><span class='ocrx_word' id='word_1_747' title='bbox 992 2067 1118 2096; x_wconf 86' lang='lat' dir='ltr'><strong>tractae</strong></span> <span class='ocrx_word' id='word_1_748' title='bbox 1136 2067 1172 2094; x_wconf 89' lang='lat' dir='ltr'><strong>et</strong></span> <span class='ocrx_word' id='word_1_749' title='bbox 1195 2064 1379 2102; x_wconf 84' lang='lat' dir='ltr'><strong>barytonae</strong></span> <span class='ocrx_word' id='word_1_750' title='bbox 1404 2071 1516 2102; x_wconf 87' lang='lat' dir='ltr'><strong>neque</strong></span> <span class='ocrx_word' id='word_1_751' title='bbox 1535 2062 1644 2092; x_wconf 92' lang='lat' dir='ltr'><strong>ullum</strong></span> <span class='ocrx_word' id='word_1_752' title='bbox 1670 2070 1744 2092; x_wconf 85' lang='lat' dir='ltr'><strong>esse</strong></span> <span class='ocrx_word' id='word_1_753' title='bbox 1773 2063 1805 2092; x_wconf 84' lang='lat' dir='ltr'><strong>in</strong></span> <span class='ocrx_word' id='word_1_754' title='bbox 1831 2061 2003 2100; x_wconf 80' lang='lat' dir='ltr'><strong>signitica-</strong></span> 
     </span>
     <span class='ocr_line' id='line_1_117' title="bbox 991 2107 2004 2150; baseline -0.004 -8"><span class='ocrx_word' id='word_1_755' title='bbox 991 2112 1083 2143; x_wconf 89' lang='lat' dir='ltr'><strong>tione</strong></span> <span class='ocrx_word' id='word_1_756' title='bbox 1101 2111 1294 2150; x_wconf 87' lang='lat' dir='ltr'><strong>discrimen,</strong></span> <span class='ocrx_word' id='word_1_757' title='bbox 1311 2114 1346 2141; x_wconf 89' lang='lat' dir='ltr'><strong>et</strong></span> <span class='ocrx_word' id='word_1_758' title='bbox 1364 2113 1538 2149; x_wconf 86' lang='lat' dir='ltr'><strong>utramque</strong></span> <span class='ocrx_word' id='word_1_759' title='bbox 1556 2109 1684 2140; x_wconf 84' lang='lat' dir='ltr'><strong>melicis</strong></span> <span class='ocrx_word' id='word_1_760' title='bbox 1701 2109 1826 2148; x_wconf 85' lang='lat' dir='ltr'><strong>pariter</strong></span> <span class='ocrx_word' id='word_1_761' title='bbox 1841 2112 1877 2139; x_wconf 91' lang='lat' dir='ltr'><strong>et</strong></span> <span class='ocrx_word' id='word_1_762' title='bbox 1893 2107 2004 2139; x_wconf 90' lang='lat' dir='ltr'><strong>diver-</strong></span> 
     </span>
     <span class='ocr_line' id='line_1_118' title="bbox 991 2156 2003 2198; baseline -0.004 -9"><span class='ocrx_word' id='word_1_763' title='bbox 991 2159 1056 2190; x_wconf 89' lang='lat' dir='ltr'><strong>biis</strong></span> <span class='ocrx_word' id='word_1_764' title='bbox 1074 2159 1252 2190; x_wconf 84' lang='lat' dir='ltr'><strong>convenire</strong></span> <span class='ocrx_word' id='word_1_765' title='bbox 1270 2157 1386 2198; x_wconf 86' lang='lat' dir='ltr'><strong>videri,</strong></span> <span class='ocrx_word' id='word_1_766' title='bbox 1408 2165 1610 2197; x_wconf 87' lang='lat' dir='ltr'><strong>quamquam</strong></span> <span class='ocrx_word' id='word_1_767' title='bbox 1634 2156 1793 2194; x_wconf 85' lang='lat' dir='ltr'><strong>barytona</strong></span> <span class='ocrx_word' id='word_1_768' title='bbox 1819 2164 1910 2186; x_wconf 88' lang='lat' dir='ltr'><strong>nunc</strong></span> <span class='ocrx_word' id='word_1_769' title='bbox 1935 2164 2003 2186; x_wconf 88' lang='lat' dir='ltr'><strong>uno</strong></span> 
     </span>
     <span class='ocr_line' id='line_1_119' title="bbox 991 2199 1998 2246; baseline -0.005 -9"><span class='ocrx_word' id='word_1_770' title='bbox 991 2209 1124 2237; x_wconf 84' lang='lat' dir='ltr'><strong>tantum</strong></span> <span class='ocrx_word' id='word_1_771' title='bbox 1149 2205 1378 2236; x_wconf 91' lang='lat' dir='ltr'><strong>trimetrorum</strong></span> <span class='ocrx_word' id='word_1_772' title='bbox 1402 2204 1470 2234; x_wconf 90' lang='lat' dir='ltr'><strong>loco</strong></span> <span class='ocrx_word' id='word_1_773' title='bbox 1496 2204 1620 2242; x_wconf 86' lang='lat' dir='ltr'><strong>legitur</strong></span> <span class='ocrx_word' id='word_1_774' title='bbox 1653 2199 1710 2246; x_wconf 75' lang='lat' dir='ltr'><strong>[cf.</strong></span> <span class='ocrx_word' id='word_1_775' title='bbox 1737 2202 1840 2234; x_wconf 89' lang='lat' dir='ltr'><strong>Dind.</strong></span> <span class='ocrx_word' id='word_1_776' title='bbox 1869 2202 1910 2233; x_wconf 84' lang='lat' dir='ltr'><strong>ad</strong></span> <span class='ocrx_word' id='word_1_777' title='bbox 1942 2202 1998 2232; x_wconf 86' lang='lat' dir='ltr'><strong>Ai.</strong></span> 
     </span>
     <span class='ocr_line' id='line_1_120' title="bbox 992 2248 2001 2295; baseline -0.005 -11"><span class='ocrx_word' id='word_1_778' title='bbox 992 2249 1061 2284; x_wconf 88' lang='lat'><strong>314</strong></span> <span class='ocrx_word' id='word_1_779' title='bbox 1078 2252 1130 2284; x_wconf 89' lang='lat' dir='ltr'><strong>ed.</strong></span> <span class='ocrx_word' id='word_1_780' title='bbox 1151 2252 1215 2284; x_wconf 83' lang='lat' dir='ltr'><strong>Ox.</strong></span> <span class='ocrx_word' id='word_1_781' title='bbox 1237 2248 1285 2295; x_wconf 88' lang='lat'><strong>3].</strong></span> <span class='ocrx_word' id='word_1_782' title='bbox 1351 2250 1436 2282; x_wconf 84' lang='lat' dir='ltr'><strong>Eam</strong></span> <span class='ocrx_word' id='word_1_783' title='bbox 1462 2260 1522 2282; x_wconf 94' lang='lat' dir='ltr'><strong>cur</strong></span> <span class='ocrx_word' id='word_1_784' title='bbox 1538 2253 1670 2291; x_wconf 84' lang='lat' dir='ltr'><strong>praeter</strong></span> <span class='ocrx_word' id='word_1_785' title='bbox 1688 2250 1840 2281; x_wconf 84' lang='lat' dir='ltr'><strong>futurum</strong></span> <span class='ocrx_word' id='word_1_786' title='bbox 1862 2253 1897 2280; x_wconf 90' lang='lat' dir='ltr'><strong>et</strong></span> <span class='ocrx_word' id='word_1_787' title='bbox 1915 2249 2001 2280; x_wconf 85' lang='lat' dir='ltr'><strong>aori-</strong></span> 
     </span>
     <span class='ocr_line' id='line_1_121' title="bbox 990 2293 1998 2340; baseline -0.003 -9"><span class='ocrx_word' id='word_1_788' title='bbox 990 2303 1081 2331; x_wconf 87' lang='lat' dir='ltr'><strong>stum</strong></span> <span class='ocrx_word' id='word_1_789' title='bbox 1098 2300 1198 2340; x_wconf 87' lang='lat' dir='ltr'><strong>plane</strong></span> <span class='ocrx_word' id='word_1_790' title='bbox 1213 2298 1418 2330; x_wconf 83' lang='lat' dir='ltr'><strong>abiudicaret</strong></span> <span class='ocrx_word' id='word_1_791' title='bbox 1435 2307 1454 2328; x_wconf 85' lang='lat' dir='ltr'><strong>a</strong></span> <span class='ocrx_word' id='word_1_792' title='bbox 1471 2298 1611 2329; x_wconf 86' lang='lat' dir='ltr'><strong>scenicis</strong></span> <span class='ocrx_word' id='word_1_793' title='bbox 1630 2297 1747 2328; x_wconf 84' lang='lat' dir='ltr'><strong>Elmsl.</strong></span> <span class='ocrx_word' id='word_1_794' title='bbox 1761 2296 1801 2328; x_wconf 86' lang='lat' dir='ltr'><strong>ad</strong></span> <span class='ocrx_word' id='word_1_795' title='bbox 1820 2295 1875 2328; x_wconf 83' lang='lat' dir='ltr'><strong>OC</strong></span> <span class='ocrx_word' id='word_1_796' title='bbox 1896 2293 1998 2335; x_wconf 83' lang='grc'>1158,</span> 
     </span>
     <span class='ocr_line' id='line_1_122' title="bbox 990 2340 2005 2386; baseline -0.005 -7"><span class='ocrx_word' id='word_1_797' title='bbox 990 2357 1088 2379; x_wconf 88' lang='lat' dir='ltr'><strong>causa</strong></span> <span class='ocrx_word' id='word_1_798' title='bbox 1105 2347 1197 2378; x_wconf 88' lang='lat' dir='ltr'><strong>nulla</strong></span> <span class='ocrx_word' id='word_1_799' title='bbox 1213 2349 1295 2386; x_wconf 88' lang='lat' dir='ltr'><strong>erat,</strong></span> <span class='ocrx_word' id='word_1_800' title='bbox 1316 2345 1538 2385; x_wconf 88' lang='lat' dir='ltr'><strong>defenditque</strong></span> <span class='ocrx_word' id='word_1_801' title='bbox 1555 2344 1670 2375; x_wconf 89' lang='lat' dir='ltr'><strong>Herm.</strong></span> <span class='ocrx_word' id='word_1_802' title='bbox 1690 2344 1731 2375; x_wconf 84' lang='lat' dir='ltr'><strong>ad</strong></span> <span class='ocrx_word' id='word_1_803' title='bbox 1748 2343 1804 2377; x_wconf 79' lang='grc' dir='ltr'><strong>Αἰ.</strong></span> <span class='ocrx_word' id='word_1_804' title='bbox 1825 2340 1905 2375; x_wconf 90' lang='grc'>307.</span> <span class='ocrx_word' id='word_1_805' title='bbox 1937 2342 2005 2374; x_wconf 80' lang='lat' dir='ltr'><strong>Sed</strong></span> 
     </span>
     <span class='ocr_line' id='line_1_123' title="bbox 990 2388 2001 2439; baseline -0.004 -14"><span class='ocrx_word' id='word_1_806' title='bbox 990 2403 1149 2435; x_wconf 80' lang='lat' dir='ltr'><strong>praesens</strong></span> <span class='ocrx_word' id='word_1_807' title='bbox 1173 2390 1289 2439; x_wconf 88' lang='grc' dir='ltr'>κύρω</span> <span class='ocrx_word' id='word_1_808' title='bbox 1314 2392 1533 2423; x_wconf 85' lang='lat' dir='ltr'><strong>thematicum</strong></span> <span class='ocrx_word' id='word_1_809' title='bbox 1550 2391 1696 2430; x_wconf 85' lang='lat' dir='ltr'><strong>videtur,</strong></span> <span class='ocrx_word' id='word_1_810' title='bbox 1717 2400 1778 2421; x_wconf 87' lang='lat' dir='ltr'><strong>nec</strong></span> <span class='ocrx_word' id='word_1_811' title='bbox 1796 2392 1861 2422; x_wconf 91' lang='lat' dir='ltr'><strong>nisi</strong></span> <span class='ocrx_word' id='word_1_812' title='bbox 1880 2388 2001 2435; x_wconf 81' lang='grc' dir='ltr'>ἕκυρον</span> 
     </span>
     <span class='ocr_line' id='line_1_124' title="bbox 990 2433 1998 2479; baseline -0.005 -7"><span class='ocrx_word' id='word_1_813' title='bbox 990 2444 1078 2472; x_wconf 87' lang='lat' dir='ltr'><strong>certa</strong></span> <span class='ocrx_word' id='word_1_814' title='bbox 1096 2441 1161 2472; x_wconf 82' lang='lat' dir='ltr'><strong>fide</strong></span> <span class='ocrx_word' id='word_1_815' title='bbox 1179 2449 1271 2479; x_wconf 83' lang='lat' dir='ltr'><strong>esse,</strong></span> <span class='ocrx_word' id='word_1_816' title='bbox 1300 2442 1340 2470; x_wconf 90' lang='lat' dir='ltr'><strong>ut</strong></span> <span class='ocrx_word' id='word_1_817' title='bbox 1364 2439 1524 2470; x_wconf 84' lang='lat' dir='ltr'><strong>erraverit</strong></span> <span class='ocrx_word' id='word_1_818' title='bbox 1548 2438 1663 2469; x_wconf 85' lang='lat' dir='ltr'><strong>Valck.</strong></span> <span class='ocrx_word' id='word_1_819' title='bbox 1688 2438 1727 2469; x_wconf 86' lang='lat' dir='ltr'><strong>ad</strong></span> <span class='ocrx_word' id='word_1_820' title='bbox 1754 2438 1889 2478; x_wconf 89' lang='lat' dir='ltr'><strong>Hippol.</strong></span> <span class='ocrx_word' id='word_1_821' title='bbox 1920 2433 1998 2471; x_wconf 83' lang='lat'><strong>744.</strong></span> 
     </span>
     <span class='ocr_line' id='line_1_125' title="bbox 993 2483 2002 2533; baseline -0.006 -13"><span class='ocrx_word' id='word_1_822' title='bbox 993 2485 1093 2520; x_wconf 86' lang='lat'><strong>1207.</strong></span> <span class='ocrx_word' id='word_1_823' title='bbox 1130 2483 1280 2533; x_wconf 83' lang='grc' dir='ltr'>Κύρσω,</span> <span class='ocrx_word' id='word_1_824' title='bbox 1316 2487 1439 2532; x_wconf 75' lang='grc' dir='ltr'>κῦρσαι</span> <span class='ocrx_word' id='word_1_825' title='bbox 1462 2486 1597 2525; x_wconf 82' lang='lat' dir='ltr'><strong>tragicis</strong></span> <span class='ocrx_word' id='word_1_826' title='bbox 1622 2485 1688 2516; x_wconf 87' lang='lat' dir='ltr'><strong>diei</strong></span> <span class='ocrx_word' id='word_1_827' title='bbox 1713 2494 1779 2516; x_wconf 91' lang='lat' dir='ltr'><strong>non</strong></span> <span class='ocrx_word' id='word_1_828' title='bbox 1804 2485 2002 2516; x_wconf 88' lang='lat' dir='ltr'><strong>meminerat</strong></span> 
     </span>
     <span class='ocr_line' id='line_1_126' title="bbox 989 2528 2000 2575; baseline -0.004 -9"><span class='ocrx_word' id='word_1_829' title='bbox 989 2535 1144 2575; x_wconf 90' lang='lat' dir='ltr'><strong>Lennep.</strong></span> <span class='ocrx_word' id='word_1_830' title='bbox 1166 2535 1209 2566; x_wconf 85' lang='lat' dir='ltr'><strong>ad</strong></span> <span class='ocrx_word' id='word_1_831' title='bbox 1225 2534 1355 2565; x_wconf 87' lang='lat' dir='ltr'><strong>Phalar.</strong></span> <span class='ocrx_word' id='word_1_832' title='bbox 1381 2533 1465 2573; x_wconf 76' lang='lat' dir='ltr'><strong>Epp.</strong></span> <span class='ocrx_word' id='word_1_833' title='bbox 1494 2542 1528 2573; x_wconf 87' lang='lat' dir='ltr'><strong>p.</strong></span> <span class='ocrx_word' id='word_1_834' title='bbox 1549 2528 1618 2563; x_wconf 88' lang='grc'><strong>234</strong></span> <span class='ocrx_word' id='word_1_835' title='bbox 1635 2542 1664 2564; x_wconf 82' lang='lat' dir='ltr'><strong>a.</strong></span> <span class='ocrx_word' id='word_1_836' title='bbox 1708 2532 1854 2563; x_wconf 83' lang='lat' dir='ltr'><strong>Rursum</strong></span> <span class='ocrx_word' id='word_1_837' title='bbox 1878 2531 1913 2562; x_wconf 90' lang='lat' dir='ltr'><strong>in</strong></span> <span class='ocrx_word' id='word_1_838' title='bbox 1939 2540 2000 2571; x_wconf 91' lang='lat' dir='ltr'><strong>op-</strong></span> 
     </span>
     <span class='ocr_line' id='line_1_127' title="bbox 989 2579 2000 2619; baseline -0.006 -5"><span class='ocrx_word' id='word_1_839' title='bbox 989 2583 1105 2614; x_wconf 86' lang='lat' dir='ltr'><strong>tativis</strong></span> <span class='ocrx_word' id='word_1_840' title='bbox 1130 2591 1197 2613; x_wconf 91' lang='lat' dir='ltr'><strong>non</strong></span> <span class='ocrx_word' id='word_1_841' title='bbox 1222 2581 1289 2612; x_wconf 92' lang='lat' dir='ltr'><strong>dici</strong></span> <span class='ocrx_word' id='word_1_842' title='bbox 1314 2580 1383 2611; x_wconf 88' lang='lat' dir='ltr'><strong>nisi</strong></span> <span class='ocrx_word' id='word_1_843' title='bbox 1407 2581 1603 2619; x_wconf 85' lang='lat' dir='ltr'><strong>barytonam</strong></span> <span class='ocrx_word' id='word_1_844' title='bbox 1620 2580 1759 2611; x_wconf 83' lang='lat' dir='ltr'><strong>formam</strong></span> <span class='ocrx_word' id='word_1_845' title='bbox 1777 2579 1900 2610; x_wconf 88' lang='lat' dir='ltr'><strong>Atticis</strong></span> <span class='ocrx_word' id='word_1_846' title='bbox 1919 2579 2000 2609; x_wconf 82' lang='lat' dir='ltr'><strong>satis</strong></span> 
     </span>
     <span class='ocr_line' id='line_1_128' title="bbox 991 2622 1996 2670; baseline -0.005 -9"><span class='ocrx_word' id='word_1_847' title='bbox 991 2631 1106 2670; x_wconf 85' lang='lat' dir='ltr'><strong>inepta</strong></span> <span class='ocrx_word' id='word_1_848' title='bbox 1131 2633 1185 2660; x_wconf 90' lang='lat' dir='ltr'><strong>est</strong></span> <span class='ocrx_word' id='word_1_849' title='bbox 1216 2628 1412 2659; x_wconf 86' lang='lat' dir='ltr'><strong>scholiastae</strong></span> <span class='ocrx_word' id='word_1_850' title='bbox 1446 2627 1557 2658; x_wconf 84' lang='lat' dir='ltr'><strong>Aiacis</strong></span> <span class='ocrx_word' id='word_1_851' title='bbox 1588 2622 1656 2657; x_wconf 90' lang='lat'><strong>314</strong></span> <span class='ocrx_word' id='word_1_852' title='bbox 1688 2626 1886 2658; x_wconf 88' lang='lat' dir='ltr'><strong>observatio.</strong></span> <span class='ocrx_word' id='word_1_853' title='bbox 1931 2625 1996 2665; x_wconf 86' lang='lat' dir='ltr'><strong>Ap.</strong></span> 
     </span>
     <span class='ocr_line' id='line_1_129' title="bbox 992 2671 2004 2719; baseline -0.007 -11"><span class='ocrx_word' id='word_1_854' title='bbox 992 2675 1094 2717; x_wconf 87' lang='lat' dir='ltr'><strong>Soph.</strong></span> <span class='ocrx_word' id='word_1_855' title='bbox 1110 2679 1242 2716; x_wconf 89' lang='lat' dir='ltr'><strong>praeter</strong></span> <span class='ocrx_word' id='word_1_856' title='bbox 1259 2675 1373 2707; x_wconf 86' lang='lat' dir='ltr'><strong>aoristi</strong></span> <span class='ocrx_word' id='word_1_857' title='bbox 1397 2674 1583 2715; x_wconf 85' lang='lat' dir='ltr'><strong>optativum</strong></span> <span class='ocrx_word' id='word_1_858' title='bbox 1600 2671 1762 2719; x_wconf 87' lang='grc' dir='ltr'>κύρσαιμι</span> <span class='ocrx_word' id='word_1_859' title='bbox 1786 2682 1853 2704; x_wconf 91' lang='lat' dir='ltr'><strong>non</strong></span> <span class='ocrx_word' id='word_1_860' title='bbox 1877 2672 2004 2712; x_wconf 83' lang='lat' dir='ltr'><strong>legitur</strong></span> 
     </span>
     <span class='ocr_line' id='line_1_130' title="bbox 989 2718 2004 2767; baseline -0.004 -12"><span class='ocrx_word' id='word_1_861' title='bbox 989 2723 1083 2755; x_wconf 86' lang='lat' dir='ltr'><strong>aliud</strong></span> <span class='ocrx_word' id='word_1_862' title='bbox 1098 2718 1305 2763; x_wconf 78' lang='lat' dir='ltr'><strong>exemplum,</strong></span> <span class='ocrx_word' id='word_1_863' title='bbox 1325 2721 1386 2752; x_wconf 88' lang='lat' dir='ltr'><strong>sed</strong></span> <span class='ocrx_word' id='word_1_864' title='bbox 1402 2730 1479 2752; x_wconf 90' lang='lat' dir='ltr'><strong>cum</strong></span> <span class='ocrx_word' id='word_1_865' title='bbox 1495 2724 1603 2767; x_wconf 88' lang='grc' dir='ltr'>κυρῶ,</span> <span class='ocrx_word' id='word_1_866' title='bbox 1623 2719 1745 2767; x_wconf 72' lang='grc' dir='ltr'>κυρῇς,</span> <span class='ocrx_word' id='word_1_867' title='bbox 1763 2718 1919 2766; x_wconf 86' lang='grc' dir='ltr'>κυρήσω,</span> <span class='ocrx_word' id='word_1_868' title='bbox 1938 2729 2004 2752; x_wconf 85' lang='grc' dir='ltr'><strong>κυ-</strong></span> 
     </span>
     <span class='ocr_line' id='line_1_131' title="bbox 992 2766 2003 2817; baseline -0.007 -13"><span class='ocrx_word' id='word_1_869' title='bbox 992 2768 1112 2817; x_wconf 80' lang='grc' dir='ltr'>ρήσας,</span> <span class='ocrx_word' id='word_1_870' title='bbox 1131 2773 1279 2816; x_wconf 86' lang='grc' dir='ltr'>κυρῆσαι</span> <span class='ocrx_word' id='word_1_871' title='bbox 1296 2769 1409 2800; x_wconf 90' lang='lat' dir='ltr'><strong>crebro</strong></span> <span class='ocrx_word' id='word_1_872' title='bbox 1426 2778 1491 2800; x_wconf 93' lang='lat' dir='ltr'><strong>usu</strong></span> <span class='ocrx_word' id='word_1_873' title='bbox 1508 2771 1672 2808; x_wconf 86' lang='lat' dir='ltr'><strong>terantur,</strong></span> <span class='ocrx_word' id='word_1_874' title='bbox 1684 2769 1841 2808; x_wconf 88' lang='lat' dir='ltr'><strong>ineptum</strong></span> <span class='ocrx_word' id='word_1_875' title='bbox 1858 2769 1949 2798; x_wconf 90' lang='lat' dir='ltr'><strong>esset</strong></span> <span class='ocrx_word' id='word_1_876' title='bbox 1962 2766 2003 2797; x_wconf 85' lang='lat' dir='ltr'><strong>de</strong></span> 
     </span>
     <span class='ocr_line' id='line_1_132' title="bbox 991 2812 1997 2860; baseline -0.005 -11"><span class='ocrx_word' id='word_1_877' title='bbox 991 2819 1139 2858; x_wconf 84' lang='lat' dir='ltr'><strong>optativo</strong></span> <span class='ocrx_word' id='word_1_878' title='bbox 1156 2817 1322 2849; x_wconf 81' lang='lat' dir='ltr'><strong>dubitare.</strong></span> <span class='ocrx_word' id='word_1_879' title='bbox 1351 2815 1397 2846; x_wconf 88' lang='lat' dir='ltr'><strong>Et</strong></span> <span class='ocrx_word' id='word_1_880' title='bbox 1411 2815 1537 2855; x_wconf 83' lang='lat' dir='ltr'><strong>legitur</strong></span> <span class='ocrx_word' id='word_1_881' title='bbox 1553 2812 1635 2860; x_wconf 84' lang='grc' dir='ltr'>κυρ’</span> <span class='ocrx_word' id='word_1_882' title='bbox 1647 2825 1719 2851; x_wconf 87' lang='grc' dir='ltr'>σαις</span> <span class='ocrx_word' id='word_1_883' title='bbox 1736 2814 1858 2846; x_wconf 87' lang='lat' dir='ltr'><strong>Aesch.</strong></span> <span class='ocrx_word' id='word_1_884' title='bbox 1880 2813 1997 2854; x_wconf 88' lang='lat' dir='ltr'><strong>Suppl.</strong></span> 
     </span>
     <span class='ocr_line' id='line_1_133' title="bbox 992 2856 1998 2909; baseline -0.004 -14"><span class='ocrx_word' id='word_1_885' title='bbox 992 2861 1072 2897; x_wconf 83' lang='lat'><strong>584.</strong></span> <span class='ocrx_word' id='word_1_886' title='bbox 1094 2881 1136 2887; x_wconf 92' lang='lat'>—</span> <span class='ocrx_word' id='word_1_887' title='bbox 1157 2864 1327 2896; x_wconf 65' lang='lat' dir='ltr'><strong>Praesens.</strong></span> <span class='ocrx_word' id='word_1_888' title='bbox 1356 2866 1473 2909; x_wconf 85' lang='grc' dir='ltr'>κυρῶ</span> <span class='ocrx_word' id='word_1_889' title='bbox 1498 2862 1587 2893; x_wconf 92' lang='lat' dir='ltr'><strong>Phil.</strong></span> <span class='ocrx_word' id='word_1_890' title='bbox 1609 2858 1631 2893; x_wconf 91' lang='lat'><strong>8</strong></span> <span class='ocrx_word' id='word_1_891' title='bbox 1656 2858 1688 2892; x_wconf 97' lang='lat'><strong>9.</strong></span> <span class='ocrx_word' id='word_1_892' title='bbox 1713 2858 1814 2892; x_wconf 88' lang='grc'>1280.</span> <span class='ocrx_word' id='word_1_893' title='bbox 1836 2860 1893 2892; x_wconf 86' lang='lat' dir='ltr'><strong>OR</strong></span> <span class='ocrx_word' id='word_1_894' title='bbox 1917 2856 1998 2899; x_wconf 85' lang='grc'>258,</span> 
     </span>
     <span class='ocr_line' id='line_1_134' title="bbox 991 2908 1998 2956; baseline -0.005 -13"><span class='ocrx_word' id='word_1_895' title='bbox 991 2912 1051 2943; x_wconf 88' lang='lat' dir='ltr'><strong>ubi</strong></span> <span class='ocrx_word' id='word_1_896' title='bbox 1082 2920 1141 2952; x_wconf 92' lang='lat' dir='ltr'><strong>pro</strong></span> <span class='ocrx_word' id='word_1_897' title='bbox 1160 2908 1236 2944; x_wconf 81' lang='grc' dir='ltr'>ἐπεὶ</span> <span class='ocrx_word' id='word_1_898' title='bbox 1251 2913 1346 2956; x_wconf 90' lang='grc' dir='ltr'>κυρῶ</span> <span class='ocrx_word' id='word_1_899' title='bbox 1359 2934 1367 2948; x_wconf 88' lang='grc'>,</span> <span class='ocrx_word' id='word_1_900' title='bbox 1388 2909 1478 2950; x_wconf 89' lang='lat' dir='ltr'><strong>quod</strong></span> <span class='ocrx_word' id='word_1_901' title='bbox 1494 2911 1584 2940; x_wconf 87' lang='lat' dir='ltr'><strong>certa</strong></span> <span class='ocrx_word' id='word_1_902' title='bbox 1600 2908 1835 2940; x_wconf 77' lang='lat' dir='ltr'><strong>emendatione</strong></span> <span class='ocrx_word' id='word_1_903' title='bbox 1859 2908 1998 2938; x_wconf 90' lang='lat' dir='ltr'><strong>Burton.</strong></span> 
     </span>
     <span class='ocr_line' id='line_1_135' title="bbox 991 2952 1999 3002; baseline -0.005 -12"><span class='ocrx_word' id='word_1_904' title='bbox 991 2959 1120 2998; x_wconf 86' lang='lat' dir='ltr'><strong>intulit,</strong></span> <span class='ocrx_word' id='word_1_905' title='bbox 1142 2958 1221 2990; x_wconf 88' lang='lat' dir='ltr'><strong>libri</strong></span> <span class='ocrx_word' id='word_1_906' title='bbox 1246 2954 1410 3002; x_wconf 83' lang='grc' dir='ltr'>ἐπικυρῶ.</span> <span class='ocrx_word' id='word_1_907' title='bbox 1433 2952 1512 2990; x_wconf 85' lang='lat'><strong>594.</strong></span> <span class='ocrx_word' id='word_1_908' title='bbox 1541 2954 1596 2987; x_wconf 87' lang='lat' dir='ltr'><strong>OC</strong></span> <span class='ocrx_word' id='word_1_909' title='bbox 1614 2952 1692 2996; x_wconf 79' lang='lat'><strong>726,</strong></span> <span class='ocrx_word' id='word_1_910' title='bbox 1722 2964 1786 2996; x_wconf 90' lang='lat' dir='ltr'><strong>quo</strong></span> <span class='ocrx_word' id='word_1_911' title='bbox 1809 2956 1879 2986; x_wconf 91' lang='lat' dir='ltr'><strong>loco</strong></span> <span class='ocrx_word' id='word_1_912' title='bbox 1897 2954 1999 2986; x_wconf 87' lang='lat' dir='ltr'><strong>schol.</strong></span> 
     </span>
     <span class='ocr_line' id='line_1_136' title="bbox 994 3001 2003 3051; baseline -0.005 -14"><span class='ocrx_word' id='word_1_913' title='bbox 994 3002 1062 3051; x_wconf 73' lang='grc' dir='ltr'><strong>ἐγώ</strong></span> <span class='ocrx_word' id='word_1_914' title='bbox 1080 3005 1258 3037; x_wconf 85' lang='lat' dir='ltr'><strong>subaudito</strong></span> <span class='ocrx_word' id='word_1_915' title='bbox 1274 3008 1383 3049; x_wconf 83' lang='grc' dir='ltr'>κυρῶ,</span> <span class='ocrx_word' id='word_1_916' title='bbox 1403 3003 1491 3043; x_wconf 88' lang='lat' dir='ltr'><strong>quod</strong></span> <span class='ocrx_word' id='word_1_917' title='bbox 1503 3003 1616 3042; x_wconf 86' lang='lat' dir='ltr'><strong>ipsum</strong></span> <span class='ocrx_word' id='word_1_918' title='bbox 1641 3004 1677 3033; x_wconf 91' lang='lat' dir='ltr'><strong>in</strong></span> <span class='ocrx_word' id='word_1_919' title='bbox 1700 3002 1761 3033; x_wconf 88' lang='lat' dir='ltr'><strong>LA</strong></span> <span class='ocrx_word' id='word_1_920' title='bbox 1786 3003 1826 3034; x_wconf 88' lang='lat' dir='ltr'><strong>ab</strong></span> <span class='ocrx_word' id='word_1_921' title='bbox 1854 3001 1876 3033; x_wconf 87' lang='lat' dir='ltr'>S</span> <span class='ocrx_word' id='word_1_922' title='bbox 1901 3010 2003 3041; x_wconf 83' lang='lat' dir='ltr'><strong>supra</strong></span> 
     </span>
     <span class='ocr_line' id='line_1_137' title="bbox 993 3045 1999 3092; baseline -0.006 -8"><span class='ocrx_word' id='word_1_923' title='bbox 993 3053 1166 3092; x_wconf 87' lang='lat' dir='ltr'><strong>scriptum,</strong></span> <span class='ocrx_word' id='word_1_924' title='bbox 1179 3055 1360 3091; x_wconf 89' lang='lat' dir='ltr'><strong>utrumque</strong></span> <span class='ocrx_word' id='word_1_925' title='bbox 1377 3051 1474 3081; x_wconf 79' lang='lat' dir='ltr'><strong>iuxta</strong></span> <span class='ocrx_word' id='word_1_926' title='bbox 1486 3050 1632 3090; x_wconf 87' lang='lat' dir='ltr'><strong>positum</strong></span> <span class='ocrx_word' id='word_1_927' title='bbox 1642 3050 1678 3080; x_wconf 87' lang='lat' dir='ltr'><strong>in</strong></span> <span class='ocrx_word' id='word_1_928' title='bbox 1690 3049 1744 3080; x_wconf 83' lang='lat' dir='ltr'><strong>LB</strong></span> <span class='ocrx_word' id='word_1_929' title='bbox 1757 3045 1858 3081; x_wconf 87' lang='lat'><strong>1308.</strong></span> <span class='ocrx_word' id='word_1_930' title='bbox 1881 3047 1999 3079; x_wconf 86' lang='lat' dir='ltr'><strong>Trach.</strong></span> 
     </span>
     <span class='ocr_line' id='line_1_138' title="bbox 993 3091 1998 3135; baseline -0.003 -5"><span class='ocrx_word' id='word_1_931' title='bbox 993 3096 1072 3131; x_wconf 87' lang='lat'><strong>386.</strong></span> <span class='ocrx_word' id='word_1_932' title='bbox 1094 3095 1173 3132; x_wconf 90' lang='lat'><strong>399.</strong></span> <span class='ocrx_word' id='word_1_933' title='bbox 1194 3095 1275 3130; x_wconf 81' lang='lat'><strong>406.</strong></span> <span class='ocrx_word' id='word_1_934' title='bbox 1298 3098 1350 3130; x_wconf 87' lang='lat' dir='ltr'><strong>El.</strong></span> <span class='ocrx_word' id='word_1_935' title='bbox 1372 3093 1451 3129; x_wconf 85' lang='grc'>663.</span> <span class='ocrx_word' id='word_1_936' title='bbox 1495 3107 1537 3129; x_wconf 90' lang='grc' dir='ltr'><strong>κυ</strong></span> <span class='ocrx_word' id='word_1_937' title='bbox 1563 3098 1614 3133; x_wconf 87' lang='grc' dir='ltr'><strong>εἴς</strong></span> <span class='ocrx_word' id='word_1_938' title='bbox 1631 3095 1717 3127; x_wconf 89' lang='lat' dir='ltr'><strong>Phil.</strong></span> <span class='ocrx_word' id='word_1_939' title='bbox 1738 3092 1820 3135; x_wconf 86' lang='grc'>805,</span> <span class='ocrx_word' id='word_1_940' title='bbox 1844 3095 1899 3127; x_wconf 85' lang='lat' dir='ltr'><strong>OC</strong></span> <span class='ocrx_word' id='word_1_941' title='bbox 1919 3091 1998 3127; x_wconf 87' lang='grc'>572.</span> 
     </span>
     <span class='ocr_line' id='line_1_139' title="bbox 994 3138 2003 3178; baseline -0.004 -1"><span class='ocrx_word' id='word_1_942' title='bbox 994 3146 1049 3178; x_wconf 87' lang='lat' dir='ltr'><strong>Tr.</strong></span> <span class='ocrx_word' id='word_1_943' title='bbox 1069 3142 1150 3177; x_wconf 85' lang='lat'><strong>413.</strong></span> <span class='ocrx_word' id='word_1_944' title='bbox 1180 3146 1236 3176; x_wconf 91' lang='lat' dir='ltr'><strong>Ai.</strong></span> <span class='ocrx_word' id='word_1_945' title='bbox 1256 3141 1313 3176; x_wconf 89' lang='lat'><strong>87.</strong></span> <span class='ocrx_word' id='word_1_946' title='bbox 1334 3140 1414 3175; x_wconf 84' lang='lat'><strong>542.</strong></span> <span class='ocrx_word' id='word_1_947' title='bbox 1435 3143 1488 3175; x_wconf 80' lang='lat' dir='ltr'><strong>El.</strong></span> <span class='ocrx_word' id='word_1_948' title='bbox 1508 3140 1530 3174; x_wconf 90' lang='lat'><strong>8</strong></span> <span class='ocrx_word' id='word_1_949' title='bbox 1557 3140 1577 3174; x_wconf 93' lang='lat'><strong>9</strong></span> <span class='ocrx_word' id='word_1_950' title='bbox 1595 3143 1647 3175; x_wconf 90' lang='lat' dir='ltr'><strong>ch.</strong></span> <span class='ocrx_word' id='word_1_951' title='bbox 1663 3138 1762 3174; x_wconf 83' lang='grc'>1176.</span> <span class='ocrx_word' id='word_1_952' title='bbox 1780 3139 1881 3174; x_wconf 91' lang='lat'><strong>1409.</strong></span> <span class='ocrx_word' id='word_1_953' title='bbox 1901 3151 1944 3174; x_wconf 90' lang='grc' dir='ltr'><strong>κυ</strong></span> <span class='ocrx_word' id='word_1_954' title='bbox 1970 3143 2003 3174; x_wconf 85' lang='grc' dir='ltr'>εἴ</span> 
     </span>
    </p>
   </div>
   <div class='ocr_carea' id='block_1_18' title="bbox 992 3185 2002 3284">
    <p class='ocr_par' dir='ltr' id='par_1_26' title="bbox 992 3185 2002 3284">
     <span class='ocr_line' id='line_1_140' title="bbox 992 3185 1998 3224; baseline -0.003 0"><span class='ocrx_word' id='word_1_955' title='bbox 992 3189 1123 3224; x_wconf 86' lang='lat' dir='ltr'><strong>Ph.23.</strong></span> <span class='ocrx_word' id='word_1_956' title='bbox 1143 3187 1317 3223; x_wconf 85' lang='lat'><strong>440.444.</strong></span> <span class='ocrx_word' id='word_1_957' title='bbox 1339 3186 1629 3223; x_wconf 86' lang='lat' dir='ltr'><strong>OG119ch.414.</strong></span> <span class='ocrx_word' id='word_1_958' title='bbox 1650 3190 1731 3221; x_wconf 84' lang='lat' dir='ltr'><strong>Ant.</strong></span> <span class='ocrx_word' id='word_1_959' title='bbox 1745 3185 1826 3222; x_wconf 90' lang='lat'><strong>488.</strong></span> <span class='ocrx_word' id='word_1_960' title='bbox 1848 3185 1940 3221; x_wconf 86' lang='lat' dir='ltr'><strong>Tr.2</strong></span> <span class='ocrx_word' id='word_1_961' title='bbox 1967 3185 1998 3221; x_wconf 92' lang='lat'><strong>1.</strong></span> 
     </span>
     <span class='ocr_line' id='line_1_141' title="bbox 992 3233 2002 3284; baseline -0.002 -14"><span class='ocrx_word' id='word_1_962' title='bbox 992 3239 1047 3270; x_wconf 85' lang='lat' dir='ltr'><strong>Ai.</strong></span> <span class='ocrx_word' id='word_1_963' title='bbox 1082 3235 1151 3270; x_wconf 88' lang='grc'><strong>314</strong></span> <span class='ocrx_word' id='word_1_964' title='bbox 1175 3236 1274 3284; x_wconf 86' lang='grc' dir='ltr'>κύροι</span> <span class='ocrx_word' id='word_1_965' title='bbox 1298 3235 1401 3279; x_wconf 87' lang='lat' dir='ltr'><strong>(quod</strong></span> <span class='ocrx_word' id='word_1_966' title='bbox 1426 3238 1574 3276; x_wconf 86' lang='lat' dir='ltr'><strong>agnoscit</strong></span> <span class='ocrx_word' id='word_1_967' title='bbox 1590 3233 1711 3279; x_wconf 85' lang='lat' dir='ltr'><strong>schol.)</strong></span> <span class='ocrx_word' id='word_1_968' title='bbox 1738 3236 1797 3267; x_wconf 88' lang='lat' dir='ltr'><strong>LA</strong></span> <span class='ocrx_word' id='word_1_969' title='bbox 1814 3245 1881 3277; x_wconf 87' lang='lat' dir='ltr'><strong>pr.,</strong></span> <span class='ocrx_word' id='word_1_970' title='bbox 1902 3237 2002 3279; x_wconf 85' lang='grc' dir='ltr'>κυρεῖ</span> 
     </span>
    </p>
   </div>
   <div class='ocr_carea' id='block_1_19' title="bbox 731 3283 2001 3323">
    <p class='ocr_par' dir='ltr' id='par_1_27' title="bbox 731 3283 2001 3323">
     <span class='ocr_line' id='line_1_142' title="bbox 731 3283 2001 3323; baseline -0.005 -4"><span class='ocrx_word' id='word_1_971' title='bbox 731 3288 820 3319; x_wconf 89' lang='lat' dir='ltr'><strong>Male</strong></span> <span class='ocrx_word' id='word_1_972' title='bbox 843 3298 951 3320; x_wconf 89' lang='grc' dir='ltr'>κυνα-</span> <span class='ocrx_word' id='word_1_973' title='bbox 987 3296 1031 3318; x_wconf 90' lang='lat' dir='ltr'><strong>m.</strong></span> <span class='ocrx_word' id='word_1_974' title='bbox 1054 3295 1118 3317; x_wconf 89' lang='lat' dir='ltr'><strong>rec.</strong></span> <span class='ocrx_word' id='word_1_975' title='bbox 1139 3288 1179 3316; x_wconf 92' lang='lat' dir='ltr'><strong>ut</strong></span> <span class='ocrx_word' id='word_1_976' title='bbox 1195 3285 1299 3316; x_wconf 84' lang='lat' dir='ltr'><strong>ceteri</strong></span> <span class='ocrx_word' id='word_1_977' title='bbox 1315 3285 1390 3316; x_wconf 88' lang='lat' dir='ltr'><strong>libri</strong></span> <span class='ocrx_word' id='word_1_978' title='bbox 1404 3309 1411 3318; x_wconf 88' lang='lat'><strong>.</strong></span> <span class='ocrx_word' id='word_1_979' title='bbox 1439 3283 1557 3316; x_wconf 85' lang='lat' dir='ltr'><strong>Elmsl.</strong></span> <span class='ocrx_word' id='word_1_980' title='bbox 1578 3283 1762 3323; x_wconf 84' lang='lat' dir='ltr'><strong>corrigendi</strong></span> <span class='ocrx_word' id='word_1_981' title='bbox 1778 3284 1911 3323; x_wconf 87' lang='lat' dir='ltr'><strong>pruritu</strong></span> <span class='ocrx_word' id='word_1_982' title='bbox 1936 3292 2001 3314; x_wconf 87' lang='grc' dir='ltr'><strong>κυ-</strong></span> 
     </span>
    </p>
   </div>
   <div class='ocr_carea' id='block_1_20' title="bbox 51 3326 1997 3379">
    <p class='ocr_par' dir='ltr' id='par_1_28' title="bbox 51 3326 1997 3379">
     <span class='ocr_line' id='line_1_143' title="bbox 51 3326 1997 3379; baseline -0.002 -15"><span class='ocrx_word' id='word_1_983' title='bbox 51 3329 53 3331; x_wconf 74' lang='grc'><strong>’</strong></span> <span class='ocrx_word' id='word_1_984' title='bbox 112 3345 136 3359; x_wconf 73' lang='lat'><strong>:2</strong></span> <span class='ocrx_word' id='word_1_985' title='bbox 158 3333 236 3366; x_wconf 87' lang='lat' dir='ltr'><strong>libri</strong></span> <span class='ocrx_word' id='word_1_986' title='bbox 252 3336 288 3366; x_wconf 89' lang='lat' dir='ltr'><strong>in</strong></span> <span class='ocrx_word' id='word_1_987' title='bbox 306 3335 388 3368; x_wconf 85' lang='lat' dir='ltr'><strong>Eur.</strong></span> <span class='ocrx_word' id='word_1_988' title='bbox 410 3336 514 3376; x_wconf 86' lang='lat' dir='ltr'><strong>Hipp.</strong></span> <span class='ocrx_word' id='word_1_989' title='bbox 538 3331 615 3374; x_wconf 89' lang='lat'><strong>109,</strong></span> <span class='ocrx_word' id='word_1_990' title='bbox 647 3335 730 3367; x_wconf 88' lang='lat' dir='ltr'><strong>item</strong></span> <span class='ocrx_word' id='word_1_991' title='bbox 759 3336 800 3366; x_wconf 87' lang='lat' dir='ltr'><strong>ab</strong></span> <span class='ocrx_word' id='word_1_992' title='bbox 826 3335 947 3366; x_wconf 84' lang='lat' dir='ltr'><strong>Elmsl.</strong></span> <span class='ocrx_word' id='word_1_993' title='bbox 987 3335 1043 3379; x_wconf 87' lang='grc' dir='ltr'><strong>ροῖ</strong></span> <span class='ocrx_word' id='word_1_994' title='bbox 1067 3329 1192 3376; x_wconf 89' lang='lat' dir='ltr'><strong>[recep.</strong></span> <span class='ocrx_word' id='word_1_995' title='bbox 1214 3328 1348 3374; x_wconf 89' lang='lat' dir='ltr'><strong>Dind.].</strong></span> <span class='ocrx_word' id='word_1_996' title='bbox 1372 3327 1452 3363; x_wconf 91' lang='grc'>347.</span> <span class='ocrx_word' id='word_1_997' title='bbox 1473 3327 1553 3364; x_wconf 86' lang='grc'>984.</span> <span class='ocrx_word' id='word_1_998' title='bbox 1577 3331 1628 3361; x_wconf 80' lang='lat' dir='ltr'><strong>El.</strong></span> <span class='ocrx_word' id='word_1_999' title='bbox 1651 3327 1730 3362; x_wconf 89' lang='lat'><strong>799.</strong></span> <span class='ocrx_word' id='word_1_1000' title='bbox 1753 3326 1854 3361; x_wconf 88' lang='lat'><strong>1424.</strong></span> <span class='ocrx_word' id='word_1_1001' title='bbox 1887 3327 1997 3375; x_wconf 58' lang='lat' dir='ltr'><strong>zupsq</strong></span> 
     </span>
    </p>
   </div>
   <div class='ocr_carea' id='block_1_21' title="bbox 12 3348 127 3449">
    <p class='ocr_par' dir='ltr' id='par_1_29' title="bbox 12 3348 127 3449">
     <span class='ocr_line' id='line_1_144' title="bbox 12 3348 127 3449; baseline 0 0"><span class='ocrx_word' id='word_1_1002' title='bbox 12 3348 127 3449; x_wconf 95' lang='lat' dir='ltr'><strong>  </strong></span> 
     </span>
    </p>
   </div>
   <div class='ocr_carea' id='block_1_22' title="bbox 49 3371 2004 3424">
    <p class='ocr_par' dir='ltr' id='par_1_30' title="bbox 49 3371 2004 3424">
     <span class='ocr_line' id='line_1_145' title="bbox 49 3371 2004 3424; baseline -0.003 -13"><span class='ocrx_word' id='word_1_1003' title='bbox 49 3371 51 3381; x_wconf 60' lang='lat'>³</span> <span class='ocrx_word' id='word_1_1004' title='bbox 101 3417 104 3418; x_wconf 51' lang='lat'><strong>.</strong></span> <span class='ocrx_word' id='word_1_1005' title='bbox 127 3379 177 3412; x_wconf 55' lang='lat' dir='ltr'><strong>.in</strong></span> <span class='ocrx_word' id='word_1_1006' title='bbox 193 3379 333 3413; x_wconf 86' lang='lat' dir='ltr'><strong>Bacchis</strong></span> <span class='ocrx_word' id='word_1_1007' title='bbox 351 3379 418 3414; x_wconf 86' lang='lat'><strong>339</strong></span> <span class='ocrx_word' id='word_1_1008' title='bbox 447 3385 563 3413; x_wconf 88' lang='lat' dir='ltr'><strong>contra</strong></span> <span class='ocrx_word' id='word_1_1009' title='bbox 587 3382 690 3413; x_wconf 89' lang='lat' dir='ltr'><strong>libros</strong></span> <span class='ocrx_word' id='word_1_1010' title='bbox 709 3381 792 3413; x_wconf 84' lang='lat' dir='ltr'><strong>adeo</strong></span> <span class='ocrx_word' id='word_1_1011' title='bbox 817 3390 946 3412; x_wconf 91' lang='lat' dir='ltr'><strong>omnes.</strong></span> <span class='ocrx_word' id='word_1_1012' title='bbox 987 3380 1043 3412; x_wconf 78' lang='grc' dir='ltr'><strong>Αἰ.</strong></span> <span class='ocrx_word' id='word_1_1013' title='bbox 1075 3375 1176 3411; x_wconf 85' lang='grc'>1345.</span> <span class='ocrx_word' id='word_1_1014' title='bbox 1222 3376 1314 3424; x_wconf 71' lang='grc' dir='ltr'>κυρῇ</span> <span class='ocrx_word' id='word_1_1015' title='bbox 1347 3378 1408 3410; x_wconf 82' lang='lat' dir='ltr'><strong>Ph.</strong></span> <span class='ocrx_word' id='word_1_1016' title='bbox 1441 3373 1497 3409; x_wconf 88' lang='grc'><strong>30.</strong></span> <span class='ocrx_word' id='word_1_1017' title='bbox 1526 3377 1658 3410; x_wconf 84' lang='lat' dir='ltr'><strong>Schaef.</strong></span> <span class='ocrx_word' id='word_1_1018' title='bbox 1687 3377 1764 3410; x_wconf 89' lang='lat' dir='ltr'><strong>mel.</strong></span> <span class='ocrx_word' id='word_1_1019' title='bbox 1790 3386 1836 3408; x_wconf 89' lang='lat' dir='ltr'><strong>cr.</strong></span> <span class='ocrx_word' id='word_1_1020' title='bbox 1872 3386 1907 3417; x_wconf 91' lang='lat' dir='ltr'><strong>p.</strong></span> <span class='ocrx_word' id='word_1_1021' title='bbox 1938 3373 1954 3407; x_wconf 92' lang='lat'>1</span> <span class='ocrx_word' id='word_1_1022' title='bbox 1983 3374 2004 3406; x_wconf 89' lang='grc'><strong>5</strong></span> 
     </span>
    </p>
   </div>
   <div class='ocr_carea' id='block_1_23' title="bbox 51 3420 2001 3475">
    <p class='ocr_par' dir='ltr' id='par_1_31' title="bbox 51 3420 2001 3482">
     <span class='ocr_line' id='line_1_146' title="bbox 51 3420 2001 3475; baseline -0.002 -17"><span class='ocrx_word' id='word_1_1023' title='bbox 51 3443 52 3447; x_wconf 66' lang='lat'><em>=</em></span> <span class='ocrx_word' id='word_1_1024' title='bbox 145 3435 198 3458; x_wconf 69' lang='lat' dir='ltr'><strong>*ec</strong></span> <span class='ocrx_word' id='word_1_1025' title='bbox 215 3429 382 3475; x_wconf 84' lang='lat' dir='ltr'><strong>scribetur</strong></span> <span class='ocrx_word' id='word_1_1026' title='bbox 398 3433 496 3461; x_wconf 82' lang='lat' dir='ltr'><strong>extra</strong></span> <span class='ocrx_word' id='word_1_1027' title='bbox 514 3429 634 3460; x_wconf 89' lang='lat' dir='ltr'><strong>melica</strong></span> <span class='ocrx_word' id='word_1_1028' title='bbox 657 3425 810 3474; x_wconf 58' lang='grc' dir='ltr'>ἀρχηγός</span> <span class='ocrx_word' id='word_1_1029' title='bbox 835 3432 870 3459; x_wconf 88' lang='lat' dir='ltr'><strong>et</strong></span> <span class='ocrx_word' id='word_1_1030' title='bbox 887 3425 951 3474; x_wconf 81' lang='grc' dir='ltr'>ἀρ·</span> <span class='ocrx_word' id='word_1_1031' title='bbox 985 3427 1086 3472; x_wconf 89' lang='grc' dir='ltr'>κυρεῖ</span> <span class='ocrx_word' id='word_1_1032' title='bbox 1110 3426 1316 3457; x_wconf 82' lang='lat' dir='ltr'><strong>coniiciebat.</strong></span> <span class='ocrx_word' id='word_1_1033' title='bbox 1345 3426 1463 3470; x_wconf 86' lang='grc' dir='ltr'>κυρεῖν</span> <span class='ocrx_word' id='word_1_1034' title='bbox 1489 3423 1547 3455; x_wconf 83' lang='lat' dir='ltr'><strong>OR</strong></span> <span class='ocrx_word' id='word_1_1035' title='bbox 1565 3420 1644 3456; x_wconf 87' lang='grc'>362.</span> <span class='ocrx_word' id='word_1_1036' title='bbox 1673 3423 1728 3455; x_wconf 87' lang='lat' dir='ltr'><strong>OC</strong></span> <span class='ocrx_word' id='word_1_1037' title='bbox 1749 3420 1849 3455; x_wconf 90' lang='lat'><strong>1291.</strong></span> <span class='ocrx_word' id='word_1_1038' title='bbox 1886 3426 2001 3469; x_wconf 84' lang='grc' dir='ltr'>κυρῶν</span> 
     </span>
    </p>
   </div>
   <div class='ocr_carea' id='block_1_24' title="bbox 12 3449 192 3600">
    <p class='ocr_par' dir='ltr' id='par_1_32' title="bbox 12 3449 192 3600">
     <span class='ocr_line' id='line_1_147' title="bbox 12 3449 192 3600; baseline 0 0"><span class='ocrx_word' id='word_1_1039' title='bbox 12 3449 192 3600; x_wconf 95' lang='lat' dir='ltr'><strong>  </strong></span> 
     </span>
    </p>
   </div>
   <div class='ocr_carea' id='block_1_25' title="bbox 1679 3478 1726 3512">
    <p class='ocr_par' dir='ltr' id='par_1_33' title="bbox 1679 3478 1726 3512">
     <span class='ocr_line' id='line_1_148' title="bbox 1679 3478 1726 3512; baseline 0 0"><span class='ocrx_word' id='word_1_1040' title='bbox 1679 3478 1726 3512; x_wconf 84' lang='grc'><strong>26</strong></span> 
     </span>
    </p>
   </div>
  </div>
 </body>
</html>
