2288 3600
200 70 307 120 202·

201 197 281 228 σας,
309 188 345 219 ib
370 184 450 221 721.
495 189 600 222 Recte
625 188 790 236 ἀμύναιτο
814 192 939 224 melius
970 193 1149 224 convenire
1178 192 1219 225 ad

199 236 416 276 sententiam,
445 246 545 278 quam
570 235 733 283 ἀμύνοιτο
752 239 870 271 Elmsl.
891 239 976 271 dicit
988 241 1011 271 l.
1034 250 1062 271 c.
1084 237 1219 285 ἀμυνά-

200 279 280 316 θετέ
305 293 363 328 μοι
395 282 597 330 τυπτομένῳ
627 283 721 332 πάσῃ
746 284 854 334 τέχνῃ
875 287 978 319 Arist.
1000 288 1088 319 Nub.
1113 284 1214 319 1323.

200 329 383 362 Videamus
400 332 603 364 testimonia.
634 333 705 365 Hoc
715 334 949 375 Aristophanis
966 335 1036 366 loco
1055 335 1123 366 cod.
1137 335 1219 366 Por-

199 378 273 409 soni
291 378 318 408 L
336 381 371 409 et
394 379 486 411 Iunt.
515 390 533 411 a
558 377 735 425 ἀμύνασθε
761 382 882 422 habet,
911 382 1000 423 quod
1022 383 1218 422 interpretis

198 434 273 456 esse
299 425 358 457 sed
384 435 482 458 verae
509 428 693 468 scripturae
718 429 843 469 pariter
867 433 902 460 et
928 438 1047 461 sensus
1064 430 1217 461 testimo-

199 473 295 504 nium
322 482 390 504 non
414 475 521 514 magis
546 475 691 507 dubitari
716 480 845 517 potest,
873 486 973 518 quam
998 477 1087 518 quod
1109 477 1146 507 in
1170 477 1214 515 gl.

199 519 282 559 Reg.
304 516 327 551 4
352 530 404 561 ap.
427 521 573 554 Brunck.
596 526 667 563 est,
696 521 906 568 βοηθήσατε.
950 525 1105 564 Imperiti
1123 524 1219 555 scho-

199 567 269 598 lion
287 571 341 598 est
355 566 393 600 τὸ
411 566 551 612 ἀμύνειν
569 567 627 602 καὶ
650 567 761 615 ἀμυν
774 568 898 605 άθειν
924 568 1072 617 λέγουσι.
1117 571 1214 602 Phot.

198 623 233 654 p.
255 610 312 655 70,
334 612 388 646 14.
417 613 665 660 ἠμύναθον,
689 614 815 662 ἤμυνα.
846 619 991 657 Hesych.
1015 619 1160 659 quidem,
1179 622 1218 649 ut

199 661 308 693 solent
325 663 437 703 vulgo,
458 660 722 709 ἀμυνάθειν,
745 662 895 710 ἀμύνειν,
918 662 1072 710 βοηθεῖν,
1102 669 1137 696 et
1153 665 1217 697 EM

198 718 232 749 p.
254 705 296 750 8,
327 706 370 741 19
388 720 464 742 cum
483 712 603 743 ceteris
622 713 723 744 etiam
742 710 912 757 ἀμυνάθω
930 715 1088 753 agnoscit.
1111 731 1216 744 -.-

214 755 229 798 ss
246 753 492 791 διωκαθεῖν
519 763 577 790 aut
601 761 788 800 incipiendi
810 770 928 792 cursus
962 764 1021 792 aut
1054 761 1218 792 currendo

199 805 403 845 assequendi
419 806 556 838 notione
574 807 764 848 praeditum
782 811 843 839 est.
889 809 1020 847 Tragici
1037 817 1105 839 non
1123 808 1219 840 dixe-

197 855 298 891 runt,
318 856 451 893 praeter
481 853 564 885 Eur.
601 854 760 886 Erechth.
788 852 866 895 364,
897 852 941 887 25
969 853 1105 900 μήποτε
1139 853 1217 887 αἰσ-

139 926 143 929 .
199 896 306 946 χροὺς
341 897 471 945 ἔρωτας
505 898 667 946 δημοτῶν
702 899 899 936 διωκαθεῖν.
944 903 1046 934 Dind.
1079 902 1161 935 PSG
1187 912 1215 934 c.

197 947 314 978 Elmsl.
330 947 477 987 inflexit,
498 949 598 988 vulgo
614 954 782 990 penacute
800 951 1016 982 scribebatur.
1041 949 1218 982 Sententia

197 997 381 1035 utrumque
397 996 535 1036 patitur.
566 997 772 1036 Aeschylum
793 1002 828 1028 et
843 998 1076 1029 Philemonem
1095 1008 1113 1028 a
1131 995 1214 1030 διω-

197 1038 299 1075 κάθει
317 1045 351 1073 et
368 1039 590 1076 διωκάθουσα
606 1045 777 1076 immunes
796 1054 867 1076 esse
885 1046 959 1076 iure
976 1046 1076 1076 iussit
1093 1046 1211 1076 Elmsl.

197 1089 220 1120 1.
243 1098 293 1129 c.,
322 1099 399 1121 cum
424 1091 626 1122 tribuissent
643 1091 786 1123 Gasaub.
809 1096 842 1123 et
859 1093 950 1124 Pors.
995 1090 1053 1125 καί
1081 1103 1139 1137 μοι
1156 1103 1216 1138 γε-

196 1137 258 1169 νοῦ
275 1133 485 1182 ξύμβουλος,
515 1131 576 1171 εἴτ’
595 1136 718 1176 αὐτοὺς
742 1139 877 1185 γραφὴν
897 1137 1061 1173 διωκάθω
1078 1138 1216 1185 γραψά-

198 1194 300 1229 μενος
325 1185 383 1216 Ar.
405 1185 493 1217 Nub.
518 1182 618 1218 1482.
673 1186 853 1219 Coniuncti
885 1188 999 1219 aoristi
1031 1189 1217 1228 praetervi-

197 1231 300 1263 dendi
317 1240 384 1263 non
402 1236 493 1264 sunt.
537 1233 708 1266 Platonica
736 1235 893 1275 exempla
910 1235 1010 1266 Civit.
1032 1244 1066 1275 p.
1088 1231 1157 1267 375
1183 1245 1212 1267 a.

197 1278 389 1320 Euthyphr.
410 1277 453 1312 15
471 1280 503 1312 d.
533 1280 631 1321 Gorg.
644 1278 712 1313 483
730 1292 750 1313 a
765 1285 824 1314 aut
841 1291 1001 1322 praesens
1019 1282 1215 1313 adiunctum

195 1329 396 1368 monstrant,
422 1331 481 1360 aut
499 1337 618 1360 sensus
636 1330 814 1371 utriusque
831 1330 992 1370 temporis
1008 1339 1109 1361 usum
1127 1339 1217 1361 com-

196 1373 294 1405 mode
319 1376 499 1414 permittit.
545 1377 702 1408 Timaeus
731 1387 765 1417 p.
794 1374 840 1408 87
872 1387 1033 1418 praesens
1067 1378 1216 1417 agnoscit

197 1418 216 1453 δ
228 1419 395 1456 ιωκάθε
406 1433 441 1455 ιν
453 1449 460 1463 ,
485 1420 619 1456 διώκειν
638 1421 850 1469 ἐγκαλοῦντα
864 1421 888 1469 ἢ
905 1423 1084 1471 τρέχοντα.
1108 1424 1210 1456 Oodd.

197 1469 352 1500 nonnulli
378 1469 449 1502 Oiv.
472 1480 506 1511 p.
529 1467 601 1502 475
623 1481 641 1502 a
667 1470 800 1504 διώκειν
827 1473 1011 1513 exhibent,
1044 1473 1214 1512 interpre-

195 1517 533 1550 tationemredolens.
554 1518 754 1560 Hesychius,
777 1523 815 1550 ut
833 1520 928 1560 solet,
951 1516 1210 1560 διωκάθειν,

195 1561 341 1597 διώκειν.
364 1582 468 1598 —.-—
488 1564 502 1607 ΙΙ
519 1563 735 1599 εἰκαθεῖν.
765 1567 863 1598 Notio
879 1568 974 1599 verbi
991 1568 1110 1599 aoristo
1128 1569 1214 1598 bene

195 1612 366 1651 congruit,
397 1613 524 1655 quippe
541 1616 580 1644 ut
597 1614 752 1646 cedamus
763 1639 771 1655 ,
792 1615 991 1646 brevissimo
1007 1615 1064 1646 illo
1081 1618 1212 1656 tempo-

195 1659 242 1690 ris
258 1662 401 1700 puncto,
431 1669 497 1701 quo
523 1660 733 1693 decrevimus
758 1663 882 1703 facere,
912 1663 1107 1694 absolvitur.
1155 1661 1214 1694 So-

194 1706 334 1748 phoclea
350 1708 506 1749 exempla
522 1709 716 1749 posuimus,
742 1713 891 1750 suntque
909 1711 1021 1741 omnia
1037 1709 1211 1750 eiusmodi,

193 1756 233 1785 ut
256 1755 416 1787 aoristum
438 1755 584 1787 libenter
607 1757 729 1788 ferant.
774 1756 888 1788 Ceteri
910 1758 1029 1797 tragici
1053 1766 1091 1788 eo
1116 1757 1216 1789 verbo

194 1801 443 1835 abstinuerunt.
494 1803 674 1844 Epicorum
704 1805 930 1836 recentiorum
954 1805 1064 1845 Apoll.
1092 1804 1156 1836 Rh.
1180 1802 1210 1845 1,

194 1844 275 1880 505.
303 1845 344 1889 2,
375 1846 444 1881 590
469 1854 504 1882 et
527 1847 716 1884 ὑπείκαθον
740 1848 782 1892 4,
813 1848 881 1883 339
898 1853 1030 1893 posuit;
1066 1852 1211 1893 Oppian.

194 1899 308 1928 autem
332 1896 483 1928 Halieut.
517 1908 549 1930 ν.
578 1894 647 1930 500
688 1895 905 1932 ὑπεικαθέων
930 1900 1107 1940 participio
1132 1909 1215 1931 usus

197 1943 282 1975 satis
306 1944 415 1976 clarus
446 1946 545 1977 testis
574 1949 637 1978 est.
693 1945 959 1987 Compositorum
992 1943 1215 1992 παρεικαθεῖν

197 1989 299 2032 Soph.
313 1991 401 2023 dixit
410 1991 465 2024 00
478 1989 580 2034 1334,
596 1994 656 2025 ubi
673 2003 750 2025 cum
767 1992 853 2027 αἰτῶ
870 1990 1035 2028 πιθέσθαι
1049 1992 1109 2027 καὶ
1125 2005 1216 2040 παρ-

194 2035 346 2072 εικάθειν
370 2039 415 2071 sit
438 2040 475 2071 in
487 2040 564 2081 LA,
586 2040 737 2073 additum
754 2042 914 2073 aoristum
931 2042 1074 2073 alterum
1090 2042 1215 2073 indicio

195 2094 292 2118 verae
309 2087 494 2128 scripturae
513 2096 585 2120 esse
602 2089 690 2120 bene
699 2088 863 2120 iudicavit
871 2089 991 2121 Elmsl.
1006 2089 1088 2120 adv.
1103 2085 1211 2129 1015;

194 2133 335 2165 minime
353 2135 445 2166 enim
461 2135 622 2176 frequens
639 2145 678 2167 ea
694 2136 827 2167 dicendi
843 2137 928 2167 ratio
946 2136 1109 2177 Sophocli,
1130 2145 1215 2176 quae

196 2179 353 2222 Euripidi
370 2182 591 2214 usitatissima
602 2207 610 2222 ,
638 2186 677 2215 ut
701 2184 815 2215 aoristi
832 2186 866 2214 et
882 2184 1072 2224 praesentis
1089 2185 1214 2225 optati-

195 2237 274 2268 vos,
303 2229 532 2261 coniunctivos
545 2255 553 2270 ,
573 2227 760 2263 infinitivos
782 2231 856 2272 pari
881 2231 997 2263 ordine
1023 2234 1210 2272 componat.

195 2275 249 2307 Ita
264 2275 350 2308 Phil.
375 2273 466 2308 1350
483 2286 555 2318 sqq.
577 2278 702 2318 legitur
718 2281 792 2315 πῶς
811 2275 990 2323 ἀπιστήσω
1007 2275 1122 2324 λόγοις
1139 2280 1214 2315 τοῖς

193 2315 302 2363 τοῦδ’,
332 2320 369 2360 ὃς
394 2319 512 2361 εὔνους
541 2322 588 2357 ὢν
623 2322 702 2370 ἐμοὶ
732 2318 922 2372 παρῄνεσεν
936 2334 944 2342 ·
979 2319 1054 2358 ἀλλ’
1079 2322 1213 2359 εἰκάθω

197 2367 302 2415 δῆτα;
331 2371 420 2403 Item
436 2368 660 2416 παρεικαθεῖν
677 2373 889 2405 scribendum
909 2373 990 2405 Ant.
1014 2369 1124 2414 1102;
1153 2373 1211 2404 LA

193 2421 378 2459 penacute3
415 2421 451 2450 et
474 2417 542 2465 ἐγὼ
571 2418 633 2463 μὲν
660 2417 719 2453 οὖν
746 2418 810 2454 οὐκ
833 2417 874 2453 ἄν
899 2431 982 2454 ποτε
1078 2417 1213 2457 τούτοις

194 2462 418 2510 ὑπεικάθοιμι
435 2470 547 2498 exstat
563 2467 618 2499 El.
639 2463 705 2499 361
722 2492 730 2508 ,
750 2467 839 2509 quod
855 2477 925 2499 non
941 2469 1091 2500 cesserim
1108 2468 1214 2507 signi-

194 2512 297 2544 ficans
315 2513 441 2545 rectius
458 2514 603 2554 videtur,
624 2524 724 2555 quam
742 2515 771 2547 si
787 2524 857 2546 non
873 2514 987 2547 cedam
999 2518 1121 2547 vertas.
1143 2515 1212 2546 Ve-

195 2562 306 2591 terum
324 2560 418 2593 Suid.
440 2557 620 2594 εἴκαθεν
638 2559 812 2608 ὑπεχώρει
830 2565 865 2594 et
881 2558 1086 2596 εἰκάθειν
1108 2559 1212 2595 εἴκειν

194 2605 282 2640 κατὰ
307 2617 354 2640 πα
377 2606 516 2654 αγωγήν
559 2609 675 2640 scribit
708 2619 784 2641 cum
811 2610 982 2650 Sophoclis
1015 2610 1213 2642 auctoritate

193 2651 265 2697 (El.
280 2651 342 2686 101
370 2653 403 2699 );
425 2656 506 2688 item
523 2653 801 2697 ὑπεικάθων;
823 2654 1030 2704 ὑποχωρῶν,
1043 2655 1103 2690 καὶ
1114 2654 1214 2689 ὑπει-

193 2698 338 2747 κάθοιμι
362 2700 455 2747 παρὰ
474 2699 649 2748 Σοφοκλεῖ
671 2702 742 2747 (El.
765 2700 868 2747 361),
898 2704 986 2745 qnod
1011 2713 1090 2736 cave
1117 2713 1212 2745 sper-

195 2758 266 2780 nas.
287 2749 453 2781 Infinitivi
467 2751 558 2782 enim
576 2754 610 2782 et
626 2751 758 2782 facilius
777 2752 894 2791 affingi
910 2755 1096 2792 potuerunt
1112 2761 1213 2792 quam

194 2797 402 2837 praesentia,
431 2800 465 2828 et
481 2798 517 2828 in
536 2802 675 2830 accentu
692 2799 759 2830 labi
775 2799 924 2840 proclive
950 2803 1040 2830 erat:
1070 2802 1103 2830 at
1128 2798 1213 2830 illud

196 2844 437 2883 negligendum
455 2854 523 2876 non
540 2849 604 2885 est,
626 2854 792 2886 nusquam
810 2846 878 2877 deici
894 2857 910 2878 ε
922 2842 1063 2879 ἰκάθω
1075 2871 1083 2886 ,
1112 2843 1210 2886 εἴκω,

195 2887 389 2936 ὑποχωρῶτ
417 2894 512 2932 patet
537 2893 628 2924 enim
643 2893 831 2924 lexicorum
850 2893 1034 2925 conditores
1051 2902 1213 2933 praesen-

196 2937 240 2968 tis
264 2939 391 2969 nullam
414 2940 581 2980 reperisse
606 2942 810 2972 memoriam.
857 2940 980 2972 Suidae
1006 2941 1075 2971 illis
1102 2940 1213 2971 verbis

195 2984 285 3016 haud
310 2985 485 3017 dissimilia
510 2986 612 3018 schol.
642 2987 697 3019 OC
723 2984 814 3019 1334
839 2987 956 3019 habet:
985 2983 1210 3027 εἰκάθειν,

196 3031 411 3077 παραγώγως
429 3030 502 3065 ἀντὶ
517 3035 578 3066 τοῦ
604 3031 722 3066 ε’ίκειν.
767 3034 874 3067 Schol.
897 3035 996 3066 Laur.
1017 3035 1100 3066 Ant.
1124 3031 1215 3066 1102

198 3079 343 3119 explicat
366 3077 405 3112 τὸ
428 3076 623 3125 ὑποχωρεῖν
646 3078 710 3126 γὰρ
730 3079 837 3115 δεινόν
849 3107 857 3122 ,
887 3085 920 3113 et
939 3082 1038 3114 Tricl.
1057 3079 1097 3114 τὸ
1115 3079 1215 3114 εἰκά-

199 3122 271 3159 θειν
287 3123 347 3159 καὶ
365 3123 617 3161 ὑποτάσσεσθαι
634 3126 686 3173 τῷ
704 3126 833 3172 μάντει.
863 3129 981 3160 Melior
997 3133 1108 3161 auctor
1125 3129 1214 3160 haud

197 3172 299 3204 dubie
325 3173 420 3205 Phot.
451 3178 502 3205 est
527 3184 560 3215 p.
590 3172 675 3216 394,
708 3174 729 3206 5
762 3186 874 3220 παρε
886 3173 1019 3221 ικάθῃ
1054 3172 1212 3221 παρέλθῃ

198 3220 364 3260 scribens,
398 3231 409 3253 ι
424 3221 460 3252 111
479 3221 581 3253 altero
599 3223 668 3254 cod.
682 3223 862 3264 omittitur,
881 3224 918 3255 in
937 3224 1038 3255 altero
1055 3221 1213 3268 παρεί-

198 3311 322 3354 καθι,
357 3278 517 3359 παρέλθῃ
542 3313 621 3359 (sic)
646 3319 768 3349 exstat.
806 3334 912 3349 —.—
952 3316 966 3358 ΙΙ
984 3312 1213 3363 εἰργαθεῖν

199 3361 338 3393 aoristus
356 3365 409 3394 est
425 3363 645 3403 apertissime.
683 3364 766 3396 Nam
783 3374 837 3406 ap.
857 3364 955 3396 Hom.
977 3374 1110 3406 semper
1126 3367 1161 3396 et
1177 3365 1214 3397 in

1123 73 1336 125 Εἰκα-θεῒν

1960 88 1995 136 [1
2007 99 2044 133 μ.
2060 63 2267 137 uocatos<

1254 194 1426 226 sententia
1450 194 1608 235 primaria
1632 197 1667 229 et
1684 204 1755 228 rem
1771 205 1840 229 uno
1857 197 1954 238 quasi
1969 196 2101 239 impetu
2118 199 2267 234 celeriter

1254 244 1424 281 peractam
1441 242 1652 281 significante
1670 244 1837 283 reperitur
1849 268 1857 284 ,
1884 243 1927 277 de
1950 244 2153 286 imperfecto.
2173 250 2214 277 ut
2229 255 2267 279 ns

1255 289 1391 327 cogitari
1407 289 1544 329 quidem
1561 290 1684 330 possit3
1714 293 1748 322 et
1771 291 1898 332 ubique
1922 292 2054 325 aoristis
2079 292 2241 326 adhibitis
2252 303 2267 326 a

1254 336 1478 375 grammaticis
1497 337 1706 377 explicatur:
1727 348 1760 369 V.
1774 338 1815 370 11.
1829 335 1863 378 5,
1881 335 1947 370 147
1964 339 2023 375 ubi
2033 339 2178 381 Eust.p.
2189 336 2266 382 533,

1255 381 1293 415 5:
1321 380 1496 427 ἀπεῖρξεν,
1528 381 1746 430 διεχώρισεν,
1771 381 1832 425 11,
1854 381 1923 417 437
1940 387 2000 418 ubi
2016 386 2114 419 Eust.
2134 396 2168 428 p.
2189 383 2266 429 854,

1255 426 1319 462 33:
1341 427 1498 476 ἀπεῖρξεν
1510 458 1517 471 ,
1547 427 1742 477 ἀπήγαγεν,
1773 429 1991 478 ἀπεκόλλησε
2008 437 2043 465 et
2058 434 2162 468 schol.
2182 435 2266 467 Ven.

1256 475 1430 523 ἐχώρισεν,
1454 475 1625 511 διέσπασε.
1655 476 1712 520 21,
1734 475 1802 511 599
1819 481 1879 512 ubi
1896 481 1986 520 quod
2002 490 2054 522 ap.
2076 481 2176 514 Eust.
2194 483 2266 514 scri·

1253 525 1346 556 bitur
1363 523 1498 571 ἀπῆργε
1519 526 1678 558 vitiosum
1699 529 1763 558 est.
1808 526 1870 558 Od.
1891 523 1947 568 21,
1969 524 2051 560 221.
2094 529 2192 562 Eust.
2214 538 2266 565 ex·

1253 573 1397 613 plicatur
1414 570 1582 618 ἀποερξας
1600 570 1679 617 ἦτοι
1695 571 1882 619 ἀπαγαγών
1900 584 1935 616 p.
1958 571 2061 615 1907,
2085 572 2119 607 7.
2148 576 2199 608 Ne
2215 585 2257 617 ap

1254 620 1362 660 Apoll.
1389 620 1494 651 Rhod.
1525 620 1661 661 quidem
1686 630 1753 652 non
1777 624 1890 662 potest
1919 631 1979 662 pro
2012 623 2131 655 aoristo
2153 623 2260 664 accipi

1254 667 1338 698 Nam
1353 669 1468 712 τῆμος
1485 665 1546 711 μέν
1559 694 1566 708 ,
1598 666 1672 702 ἐπεὶ
1688 665 1749 700 κνὲ
1778 679 1818 706 ας
1836 666 1961 713 ἔργαθε
1977 667 2110 710 νυκτός,
2131 666 2262 715 εὔκηλο

1254 711 1419 758 ἐμέλοντο
1437 713 1513 760 περὶ
1532 712 1642 761 σφίσιν
1660 716 1740 755 Arg.
1752 679 1791 756 Ἑν,
1814 713 1902 748 1171
1921 726 1988 748 non
2005 718 2118 762 τῆμος
2197 716 2263 752 ἐπε

1254 762 1405 802 proxime
1438 763 1676 802 coniungenda
1702 763 1824 804 habet,
1858 764 1917 796 sed
1947 766 2060 809 τῆμος
2094 762 2258 810 ἐμέλοντο

1255 809 1343 849 quod
1359 809 1486 850 pendet
1505 811 1544 841 ab
1563 811 1683 842 aoristo
1701 808 1775 843 ἐπεὶ
1793 807 1918 856 ἔργαθε
1930 837 1938 851 ,
1971 813 2049 852 quia
2073 813 2178 844 noctis
2194 813 2263 845 cali

1253 858 1328 896 yine
1346 856 1453 888 adhuc
1470 856 1605 897 fucrant
1622 857 1780 898 impediti,
1803 860 1976 898 quominus
2001 857 2148 898 facerent
2165 861 2261 894 alitor

1253 904 1390 936 Praeter
1406 904 1497 936 hunc
1513 905 1622 936 locum
1636 930 1642 945 ,
1673 906 1739 937 etsi
1764 903 1874 951 ἐέργω
1891 908 1926 937 et
1943 902 2049 951 ε’ίργω
2067 907 2180 939 crebro
2197 916 2262 948 pro

1253 954 1345 982 stant
1356 976 1364 992 ,
1385 949 1558 997 εἰργαθεῖν
1576 953 1666 993 apud
1682 953 1780 985 illum
1797 962 1864 984 non
1881 954 2060 994 reperitur.
2105 953 2192 987 Cum
2209 954 2261 988 ali·

1253 999 1375 1031 aori'sto
1399 1000 1619 1031 coniunctum
1650 1001 1777 1039 legitur
1807 1000 1908 1032 Hom.
1940 1001 1980 1032 11.
2002 998 2023 1032 5
2036 1025 2044 1041 ‚
2083 997 2160 1034 147.
2203 1002 2259 1044 Ap

1252 1046 1408 1086 Aeschyl.
1429 1050 1543 1079 autem
1567 1057 1644 1078 cum
1666 1050 1844 1087 praesente
1868 1048 2091 1088 compositum
2116 1058 2176 1080 suo
2199 1049 2260 1083 iux·

1252 1094 1371 1126 utitur.
1417 1094 1501 1125 Nam
1520 1104 1596 1126 cum
1614 1095 1701 1126 dixit
1716 1092 1878 1140 κήρυσσε,
1900 1092 2028 1141 κῆρυξ,
2056 1093 2115 1129 καὶ
2132 1093 2259 1141 στρατὸ-

1251 1138 1481 1187 κατειργαθοῦ
1500 1139 1585 1185 (non
1601 1151 1715 1182 pugno
1729 1167 1736 1182 ,
1765 1143 1794 1174 si
1811 1143 1886 1184 quis
1902 1139 2132 1188 κατειργάθου
2151 1144 2259 1176 scriba

1251 1189 1287 1220 in
1314 1189 1372 1220 illa
1390 1193 1549 1220 accentus
1567 1189 1754 1221 mediorum
1774 1187 2034 1233 incertitudine]
2066 1190 2166 1222 Eum.
2188 1186 2258 1225 566

1252 1240 1342 1268 recte
1360 1238 1592 1268 consociantur
1611 1246 1710 1268 causa
1727 1238 1820 1278 facti,
1841 1246 1926 1278 quae
1944 1240 1996 1269 est
2013 1237 2190 1278 aliquoties
2206 1238 2258 1277 ite

1254 1287 1323 1315 rata
1339 1285 1513 1324 praeconis
1530 1293 1613 1323 vox,
1643 1287 1677 1315 et
1701 1286 1845 1316 eventus
1869 1293 1938 1317 una
1964 1285 2066 1316 simul
2083 1285 2257 1331 absolutas

1253 1333 1292 1362 ut
1307 1332 1343 1362 in
1362 1332 1555 1363 concionem
1573 1332 1665 1363 coe'at
1683 1334 1718 1363 et
1735 1334 1843 1363 taceat
1860 1332 2007 1375 populus
2032 1337 2250 1372 congregatus

1252 1378 1308 1418 fac
1325 1381 1362 1410 ut
1380 1378 1532 1410 assideat.
1580 1378 1708 1411 Sensus
1732 1380 1921 1411 necessario
1946 1380 2094 1420 postulat
2111 1380 2256 1412 aoristun

1251 1427 1287 1457 in
1303 1424 1346 1459 τὰ
1365 1423 1427 1470 μέν
1447 1419 1474 1458 α’
1493 1425 1584 1460 ὀκνῶ
1602 1423 1791 1473 χαίρουσαν
1809 1423 1983 1472 εἰργαθεῖν
2000 1423 2077 1471 [LA
2094 1421 2255 1472 penacui't'

1256 1474 1303 1505 El.
1319 1470 1405 1505 1271
1420 1499 1426 1514 ,
1448 1483 1510 1505 nec
1526 1475 1639 1505 minus
1655 1475 1756 1507 τοῦτο
1774 1475 1833 1507 νῦν
1850 1470 2128 1519 πεπράξεται,ἷῆν
2147 1472 2196 1520 μή
2212 1469 2254 1520 effi

1250 1518 1398 1566 κραίνων
1416 1518 1521 1567 τῆσδε
1538 1523 1603 1567 γῆς
1622 1518 1816 1567 ἀπειργάθῃ
1835 1520 1890 1553 OC
1900 1517 1970 1553 862
1985 1523 2052 1553 nisi
2069 1524 2144 1553 ante
2157 1517 2254 1567 prohfl

1252 1568 1375 1606 buerit;
1403 1569 1450 1600 sic
1472 1572 1562 1601 recte
1580 1569 1699 1600 Elmsl.
1744 1569 1813 1600 Nec
1829 1572 1959 1609 pugnat
1976 1563 2194 1613 (Καπανεὺς)
2209 1578 2254 1607 το·

1252 1612 1339 1648 σόνδ’
1358 1613 1552 1660 ἐκόμπασε,
1583 1612 1664 1661 μηδ’
1687 1612 1727 1648 ἂν
1756 1614 1794 1649 τὸ
1811 1615 1932 1661 σεμνὸν
1950 1617 2017 1661 πῦρ
2034 1626 2084 1649 νιν
2100 1611 2253 1662 εἰργαθεῆ

1253 1658 1331 1700 Διὸς
1347 1661 1387 1696 τὸ
1432 1661 1513 1742 ὴῖοὐ
1532 1657 1607 1696 κατ’
1625 1661 1741 1708 ἄκρων
1759 1661 1945 1709 περγάμων
1963 1660 2054 1697 ἑλεῖν
2072 1660 2171 1696 πόλιν
2184 1655 2254 1701 Eu}

1252 1710 1379 1742 Phoen.
1403 1675 1444 1742 1³1
1473 1707 1493 1743 5
1519 1711 1612 1743 Pors.
1643 1709 1847 1743 Scholiastae
1873 1711 2011 1752 quidem
2035 1707 2253 1759 praesentim

1254 1761 1399 1790 utuntur
1416 1759 1457 1789 ad
1474 1758 1714 1798 explicandum
1733 1762 1767 1790 et
1784 1768 1874 1790 unus
1892 1759 2062 1799 sapienter
2078 1755 2183 1804 εἴργω
2196 1759 2252 1802 z&

1252 1803 1321 1845 νόν,
1343 1802 1497 1851 εἰργάθω
1515 1803 1704 1851 ποιητικόν,
1727 1806 1815 1848 quod
1831 1805 1994 1838 Valcken.
2016 1805 2188 1838 emendari
2210 1803 2252 1841 <kt

1251 1850 1344 1885 τικόν
1364 1853 1538 1884 scribendo
1556 1853 1640 1884 vult.
1670 1853 1816 1892 Hesych.
1839 1850 2070 1899 ἐέργαθεν’;
2094 1851 2251 1900 ἐχώρισὲῐ

1251 1897 1275 1943 ἢ
1295 1902 1444 1946 φανῆναι
1461 1897 1484 1945 ἢ
1504 1897 1739 1945 ὁμοιωθῆναι,
1766 1900 1854 1941 quod
1871 1901 2019 1932 alienum
2037 1896 2252 1952 existimante

1251 1948 1456 1988 interpretes
1474 1948 1620 1987 graviter
1637 1948 1811 1980 labuntur.
1855 1948 2039 1989 Sequentia
2057 1945 2151 1987 δόξαι
2161 1973 2170 1989 ,
2198 1954 2252 1986 κω

1251 1992 1363 2036 λῦσαι,
1385 1999 1511 2041 γνῶναι
1526 1996 1787 2036 transpositione
1810 1995 1959 2027 sananda
1976 2000 2056 2028 sunt
2073 1999 2108 2027 et
2125 1996 2173 2028 sic
2189 1994 2256 2075 mg

1251 2043 1362 2073 benda
1377 2039 1533 2076 κωλῦσαι
1551 2039 1684 2087 δόξαιῆ
1703 2046 1841 2088 γνῶναι.
1886 2044 1926 2074 In
1951 2040 1992 2075 εἴ
2029 2040 2139 2088 γαθε
2163 2050 2231 2085 exp

1253 2090 1355 2121 cando
1372 2091 1489 2122 miscet
1502 2090 1592 2122 idem
1603 2091 1751 2121 scribens
1762 2087 1917 2135 διεῖργεν,
1933 2053 2095 2131 tanagrum,
2111 2087 2250 2136 ἕπρασῦῑ

1253 2134 1368 2177 διεῖλε,
1392 2134 1567 2179 διέκοψεν,
1598 2138 1744 2169 velutin
1766 2133 2062 2183 ἀποέργαθεν,
2093 2134 2248 2185 ἐχώριζεί

1250 2181 1424 2230 ἠφόριζεν,
1446 2172 1534 2226 quod
1550 2186 1717 2226 posterius
1731 2185 1908 2217 manifesto
1922 2185 2043 2217 mendo
2055 2185 2248 2223 liberabin'n)

1252 2233 1453 2271 corrigentes
1469 2230 1702 2278 ἀφώριζεν.
1717 2249 1822 2264 --.-
1849 2231 1863 2274 ΙΙ
1882 2229 2067 2279 σχεθεῖν
2086 2235 2121 2264 et
2138 2241 2208 2264 com
2236 2267 2241 2283 γ

1252 2280 1315 2310 sita
1333 2289 1385 2320 ap.
1407 2279 1506 2311 Hom.
1528 2290 1604 2312 cum
1629 2280 1875 2320 significatione
1899 2283 1974 2311 tum
1992 2280 2098 2312 forma
2114 2236 2248 2327 σχεθᾶιί

1251 2327 1365 2358 aoristi
1383 2330 1538 2359 naturam
1556 2327 1636 2359 adeo
1654 2327 1868 2359 manifestam
1883 2326 2049 2368 produnt,
2078 2329 2118 2359 ut
2142 2326 2246 2361 nemsi

1250 2375 1317 2405 iam
1335 2375 1517 2406 contrariae
1535 2375 1724 2406 sententiae
1750 2374 1951 2416 patrocinari
1975 2375 2011 2406 in
2037 2377 2186 2406 mentem
2208 2381 2246 2419 τε

1252 2422 1323 2453 nire
1341 2423 1459 2463 possit.
1490 2419 1547 2465 [cf.
1570 2422 1698 2453 Buttm.
1722 2419 1754 2464 S.
1779 2418 1846 2454 112
1869 2431 1904 2453 11.
1927 2418 1981 2453 15.
2010 2421 2157 2455 Ahrens.
2176 2420 2246 2457 hom

1251 2468 1418 2500 Formenl.
1449 2466 1482 2512 S.
1507 2466 1585 2510 100,
1607 2465 1659 2512 3.]
1687 2469 1787 2501 Eust.
1809 2472 1843 2500 et
1869 2468 1972 2500 schol.
1996 2469 2084 2500 Ven.
2105 2468 2245 2511 perpetfi

1251 2517 1382 2547 aoristis
1400 2516 1440 2547 ad
1467 2517 1706 2558 explicandum
1732 2519 1896 2556 utuntur,
1924 2516 2019 2548 velut
2037 2513 2159 2563 ἔσχον,
2188 2508 2245 2554 Μ

1250 2573 1359 2596 παυσε
1370 2590 1378 2604 ,
1410 2560 1580 2597 ἐπαύσατο
1593 2590 1600 2603 ,
1632 2560 1816 2604 ἐσκέπασε,
1848 2561 2019 2596 ἐκώλυσεε
2049 2574 2081 2594 v.
2102 2563 2143 2595 ad
2168 2563 2209 2595 11.
2221 2556 2245 2595 ³

1253 2607 1331 2642 113.
1354 2608 1393 2650 7,
1425 2608 1503 2642 188.
1532 2607 1612 2643 277.
1637 2608 1692 2650 11,
1712 2607 1792 2642 702.
1825 2606 1880 2651 15,
1906 2607 1985 2642 653.
2017 2606 2080 2651 16,
2100 2605 2180 2643 340.
2207 2600 2244 2652 fi

1253 2654 1330 2689 119.
1352 2654 1432 2690 418.
1453 2654 1509 2698 24,
1533 2654 1611 2689 374.
1635 2658 1738 2689 schol.
1754 2658 1837 2688 min.
1858 2657 1898 2689 ad
1915 2657 1977 2689 Od.
1999 2654 2031 2698 8,
2055 2654 2135 2690 542.
2166 2656 2244 2739 ΕἛ

1251 2704 1292 2736 ad
1310 2701 1366 2745 10,
1386 2701 1430 2737 95
1450 2706 1552 2737 schol.
1574 2706 1685 2746 Apoll.
1702 2705 1765 2736 Rh.
1787 2701 1820 2745 3,
1841 2701 1899 2736 48.
1944 2704 2054 2737 Sensu
2073 2702 2232 2746 ambiguf‘

1251 2756 1303 2783 est
1319 2753 1359 2784 Il.
1382 2750 1415 2792 7,
1435 2749 1516 2792 277,
1546 2752 1605 2784 sed
1626 2753 1705 2793 quia
1728 2762 1804 2783 cum
1822 2751 1885 2783 alio
1903 2753 2023 2784 aoristo
2040 2742 2242 2794 coniungit&

1251 2799 1291 2831 de
1317 2800 1560 2840 significatione
1588 2800 1695 2830 facilis
1730 2800 1895 2840 suspicio;
1924 2803 2096 2839 praeterea
2113 2798 2191 2830 vide
2209 2789 2242 2834 ss

1249 2843 1329 2878 461.
1361 2843 1415 2886 13,
1439 2843 1517 2878 163.
1549 2843 1603 2886 14,
1625 2843 1706 2878 490.
1738 2843 1793 2886 15,
1815 2842 1894 2877 653.
1927 2842 1981 2887 19,
2005 2842 2082 2878 119.
2097 2841 2159 2887 ¹24,
2181 2835 2242 2886 373

1251 2892 1312 2925 Od.
1326 2890 1358 2934 9,
1372 2891 1452 2925 294.
1478 2891 1532 2934 14,
1553 2890 1633 2925 494.
1654 2894 1768 2932 hymn.
1791 2893 1864 2925 Cer.
1882 2889 1947 2925 126
1965 2897 1999 2925 et
2016 2894 2090 2925 aliis
2107 2893 2188 2924 locis
2204 2884 2241 2937 ἥδ

1251 2944 1349 2981 quot,
1378 2950 1460 2982 quos
1479 2941 1627 2972 Dammii
1651 2941 1755 2972 index
1773 2944 1946 2972 monstrat.
1986 2940 2155 2972 Infinitivi
2172 2943 2240 2978 sug!

1250 2991 1404 3019 naturam
1413 2991 1527 3029 aperte
1544 2997 1623 3028 prae
1638 2998 1673 3020 se
1691 2989 1814 3027 ferunt,
1836 2989 1876 3019 11.
1890 2984 1947 3027 23,
1961 2984 2042 3019 466.
2062 2987 2124 3019 Od.
2137 2983 2171 3028 5,
2183 2979 2240 3025 3&

1251 3035 1361 3075 Apoll.
1383 3035 1446 3067 Rh.
1469 3033 1501 3076 1,
1521 3031 1602 3067 876.
1631 3035 1696 3075 Ap.
1718 3035 1852 3066 Pindar.
1874 3035 2067 3066 infinitivus
2084 3035 2195 3067 exstat
2208 3027 2239 3071 01

1253 3080 1292 3121 1,
1313 3079 1368 3114 71.
1413 3082 1512 3120 Pyth.
1534 3079 1566 3123 4,
1589 3079 1652 3122 75;
1683 3083 1741 3113 alii
1766 3082 1855 3113 modi
1881 3080 1932 3112 01.
1955 3078 1986 3121 9,
2009 3078 2066 3113 88.
2111 3074 2238 3125 Pytha}

1253 3125 1307 3161 19.
1331 3126 1385 3170 10,
1408 3126 1463 3161 62.
1493 3129 1611 3161 Isthm.
1626 3125 1728 3169 3,72.
1750 3130 1790 3160 fr.
1809 3129 1941 3160 Prosod.
1955 3125 1989 3169 2,
2011 3125 2032 3159 6
2048 3127 2221 3171 Ροεεὴιιέᾗ

1250 3179 1402 3208 accentu.
1455 3177 1652 3217 Explicatur
1684 3180 1861 3217 praesente
1895 3171 2129 3220 φυλάσσεσθαι
2161 3183 2196 3207 sc

1248 3223 1345 3262 Pyth.
1366 3220 1400 3264 4,
1422 3219 1480 3264 75,
1501 3223 1560 3255 sed
1577 3224 1697 3255 aoristo
1716 3221 1818 3268 σχοίη
1834 3223 1930 3262 Pyth.
1955 3220 2015 3263 10,
2039 3218 2102 3253 62:
2131 3225 2165 3254 et
2211 3220 2216 3258 J

1250 3273 1340 3302 stum
1366 3280 1433 3302 non
1465 3271 1593 3312 patitur
1625 3270 1719 3301 modo
1743 3271 1801 3301 sed
1826 3270 1880 3301 vel
1906 3270 2053 3310 postulat
2077 3272 2172 3301 sente

1249 3320 1346 3349 tenor
1363 3317 1415 3350 Ol.
1433 3314 1466 3358 9,
1487 3315 1550 3356 88,
1578 3318 1636 3348 ubi
1653 3320 1720 3349 tres
1740 3317 1830 3349 codd.
1853 3317 1979 3349 Bodlei.
2027 3314 2125 3363 ἔσχε,
2145 3315 2176 3348 fi·
2205 3315 2208 3317 ’

1250 3364 1383 3397 Prosod.
1404 3361 1438 3405 2,
1460 3361 1493 3396 6.
1539 3365 1751 3404 Tragicorum
1775 3364 1962 3404 Aeschylus
1988 3360 2125 3410 σχεθεῖν
2152 3363 2217 3414 Ρ(
