2288 3600
65 146 116 209 ‘111
130 171 164 205 p.
182 143 395 195 παι-2174

66 269 289 311 qualecunque
315 264 527 299 mendacium
550 270 659 308 turpe.
705 263 858 300 ποδαπὸν
889 265 928 299 τὸ
961 263 1072 311 δῶρον

66 313 156 362 ἀμφὶ
173 312 347 360 φαιδίμοις
370 311 601 360 ἔχωνδώροις
618 314 728 355 Niptr.
748 310 828 353 403,
851 310 882 346 1.

137 373 164 394 c.
184 365 200 401 ΙΙ
217 362 281 393 Est
297 361 355 393 ubi
373 361 581 392 substantivis
593 359 908 392 adverbiascmtibus
923 360 1070 399 additur,

66 410 132 442 etsi
149 409 297 441 crebrius
313 409 420 440 abest.
450 405 540 444 ὅστις
565 405 600 440 ἐν
623 409 697 444 τοῖς
714 404 867 451 κέρδεσιν
886 405 990 451 μόνον
1015 404 1074 439 δέ-

67 455 181 502 δορκε,
199 454 262 501 τὴν
279 453 359 500 τέχν
386 466 404 486 ν
430 452 458 486 δ’
475 452 540 499 ἔφυ
556 451 686 500 τυφλός
703 453 761 485 OR.
777 450 845 486 389
857 479 865 494 ,
892 454 951 485 ubi
977 463 1074 486 nemo

68 506 203 546 propter
217 503 291 539 τοῖς
307 465 458 548 κέρδεσιν
469 502 558 533 dicet
572 500 635 547 τὴν
651 499 779 547 τέχνην
797 501 867 541 pari
885 510 962 532 cum
971 501 1074 532 altero

68 552 215 583 membro
227 549 342 582 ordine
358 549 506 590 positum
523 548 661 580 articulo
677 548 829 588 eguisse:
857 548 965 588 ipsam
983 549 1074 579 enim

68 598 160 630 illam
183 596 389 638 parilitatem
413 596 542 627 centies
574 595 731 626 violatam
758 595 947 627 videbimus
979 595 1071 626 olim.

68 642 160 689 πλὴν
185 641 263 676 ὅσον
287 642 327 677 τὸ
352 642 408 677 σὸν
434 640 537 688 μέρος
564 638 665 674 1509.
702 638 813 678 οὕτως
837 639 902 687 γὰρ
923 638 993 686 ἤδη
1016 639 1076 674 καὶ

69 689 181 731 δοκῶ,
215 688 254 723 τὸ
278 689 336 723 σὸν
363 688 464 735 μέρος
489 689 572 721 Ant.
595 685 703 729 1062,
738 698 929 730 quanquam
953 689 987 720 in
1022 689 1076 720 his

69 739 199 770 duobus
232 738 272 768 ab
304 737 416 769 addito
448 736 612 768 adiectivo
644 736 816 768 excusatio
848 736 953 767 adest.
990 734 1076 781 πρὸς

69 782 192 830 ἀνδρὸς
208 782 390 828 τηλικοῦδε
405 782 468 828 τὴν
486 781 585 829 φύσιν
609 782 693 815 Ant.
714 779 793 814 727.

139 833 170 864 d.
199 830 214 873 11
240 830 351 863 Semel
369 831 490 872 reperi,
510 830 598 870 quod
621 839 675 870 ap.
695 830 836 861 comicos
853 830 1076 870 perfrequens

70 882 140 919 est,
171 879 349 910 articulum
375 878 571 909 nominativi
596 877 742 918 alloquio
758 877 926 916 adhiberi,
954 886 1030 908 cum
1047 875 1076 909 ὦ

71 927 118 958 sit
134 926 221 968 apud
240 927 380 966 tragicos
394 925 597 964 legitimum.
626 920 660 956 οἵ
685 921 713 955 τ’
740 922 896 962 ὀπάονες,
925 920 959 956 οἵ
973 920 1002 955 τ’
1019 920 1076 955 ὅν-

69 983 144 1012 τες,
178 970 212 1006 οἵ
240 970 268 1005 τ’
293 970 436 1008 ἀπόντες
461 968 616 1016 ὁρμᾶσθε
637 971 719 1002 Aut.
744 967 845 1002 1108.
885 970 976 1002 Haec
1002 980 1079 1002 vera

71 1021 237 1061 scriptura
254 1023 325 1059 est,
355 1020 389 1050 in
415 1018 472 1050 PA
488 1019 649 1059 aliisque:
681 1027 755 1049 nam
773 1018 859 1058 quod
884 1018 920 1048 in
940 1018 998 1049 LA
1015 1027 1076 1048 ex-

70 1070 138 1099 stat
154 1063 197 1100 ’Cr’
214 1064 284 1111 [vel
298 1060 342 1099 ‘ir'
360 1069 398 1098 ut
422 1066 505 1104 legit
522 1062 660 1109 Elmsl.]
677 1065 794 1096 eodem
811 1065 900 1096 redit
917 1065 1079 1104 originem

71 1114 172 1146 simul
197 1114 272 1145 vitii
288 1116 497 1152 monstrans,
523 1112 611 1152 quod
628 1112 848 1143 Triclinianos
873 1112 1018 1143 maxime
1037 1112 1077 1143 li-

71 1163 146 1193 bros
163 1161 348 1202 occupavit,
377 1156 419 1192 ’ίτ’
436 1160 490 1190 vel
507 1156 549 1191 ἴτ’
567 1155 608 1191 ἴτ’
627 1156 783 1195 ὀπάονες.

141 1217 171 1240 e.
192 1207 207 1250 ΙΙ
225 1208 435 1248 Appositione
452 1210 487 1238 et
501 1206 668 1245 attribute,
696 1206 784 1247 quod
800 1206 930 1245 dicunt,
952 1206 1080 1237 adden-

72 1257 132 1296 do,
160 1256 196 1286 in
218 1263 253 1286 re
277 1257 368 1286 certa
384 1256 419 1284 et
442 1254 582 1285 definita
597 1254 804 1285 constitutus
827 1253 990 1284 articulus
1007 1257 1075 1284 est:

73 1303 159 1344 quod
177 1311 253 1334 cum
269 1301 472 1333 tralaticium
489 1301 546 1340 sit,
565 1309 672 1340 pauca
687 1300 843 1340 exempla
859 1309 1078 1341 apponemus,

72 1350 235 1390 copiosius
252 1349 458 1380 omissionem
474 1347 607 1378 articuli
624 1347 704 1379 alias
721 1348 968 1388 pertractaturi‚
996 1357 1080 1388 quae

72 1397 162 1438 apud
185 1397 325 1436 tragicos
348 1395 581 1426 usitatissima.
617 1391 741 1439 ἀγαθοὶ
766 1391 993 1440 στρατηλάται
1016 1394 1077 1425 Ph.

71 1440 152 1476 873.
182 1439 271 1479 Ζεὺς
302 1441 320 1476 ὁ
347 1439 452 1486 τῆσδε
485 1443 549 1486 γ”ς
579 1453 601 1474 κ
625 1445 714 1474 ατῶν
748 1438 828 1473 989.
861 1439 913 1485 τῷ
930 1438 1081 1473 πανώλει

73 1488 169 1523 παιδὶ
183 1488 234 1534 τῷ
251 1486 417 1534 Λαερτίου
438 1485 503 1521 135
532 1514 538 1520 .
558 1451 667 1534 αὐδὴν
682 1487 746 1533 τὴν
761 1482 973 1533 Ἡρακλέους
992 1485 1077 1518 1411

73 1547 128 1569 an.
150 1529 198 1571 Ἀ
220 1549 244 1583 η
267 1535 324 1569 τὸν
351 1535 444 1581 σφῷν
469 1535 508 1569 τὸ
526 1534 632 1570 δεινὸν
651 1537 751 1580 μῖσος
769 1533 1010 1580 ἐμβεβληκότα
1025 1534 1081 1567 OC

75 1581 177 1616 1392.
240 1585 346 1630 ακγεῦ
374 1581 517 1630 Bra-aych
547 1581 565 1615 6
591 1580 802 1628 μητρόπολιν
822 1580 963 1615 ἐνναίων
996 1582 1076 1614 Ant.

78 1627 168 1663 1122
183 1632 253 1673 ch.,
274 1623 309 1663 si'
320 1635 410 1663 recte
428 1629 446 1663 6
464 1624 594 1662 addidit
612 1631 736 1669 Musgr.
758 1623 919 1676 Ὀμφάλῃ
935 1627 980 1675 τῇ
998 1627 1081 1673 βαρ-

73 1676 170 1758 ῆῗεςὲ
188 1672 734 1768 Tuti?..55222‘23333001
771 1675 974 1756 ‘3⁶53‘ss

74 1772 241 1818 γήσαντος
268 1771 303 1805 ἐν
321 1769 351 1805 T
354 1757 430 1817 ρόίᾳ
451 1735 548 1804 ποτὲφ
560 1756 817 1816 Ἀγαμέμνονος
844 1772 908 1803 παῖ
926 1734 993 1801 ΕΙ.ρ
1004 1734 1081 1803 17ηὸ

72 1818 205 1856 κλεινὸς
229 1817 376 1864 νυμφίος
399 1818 536 1862 παρών,
566 1817 584 1851 6
616 1815 711 1850 πάντ’
742 1814 883 1854 ἄναλκις
910 1814 1028 1858 οὗτος,
1059 1815 1082 1861 ή

75 1869 167 1900 πᾶσα
185 1863 298 1911 βλάβη
316 1862 397 1899 300.
424 1863 597 1902 Φανοτεὺς
615 1863 633 1898 6
653 1861 796 1901 Φωκεύς
813 1861 893 1896 670.
922 1858 1083 1910 Ἀθηνῶν

71 1918 141 1947 τῶν
158 1911 240 1948 θεοδ
268 1911 362 1958 ήτων
374 1910 443 1946 ἄπο
457 1909 537 1944 707.
559 1908 680 1957 Πηλέα
694 1910 752 1944 τὸν
772 1908 934 1946 Αἰάκειον
952 1910 992 1943 fr.
1010 1912 1080 1943 Pel.

72 1958 159 2001 434,
188 1957 219 1992 1.
244 1925 419 1994 Ι,1.’.Ιολυΐδου
444 1961 505 1991 τοῦ
524 1956 678 2003 μάντεως
700 1959 827 1998 Polyid.
847 1955 917 1990 462
933 1969 962 1998 a,
988 1956 1017 1990 1.
1039 1976 1081 1982 —-

74 2009 267 2049 Apponitur
284 2011 399 2039 autem
417 2008 519 2039 etiam
533 2007 743 2046 pronomini:
772 2005 841 2051 ἐγὼ
866 2004 883 2039 ὁ
901 2003 1007 2042 τάλας
1025 2006 1080 2037 Tr.

74 2051 144 2087 998
152 2064 206 2087 an.
227 2055 261 2085 in
277 2064 340 2095 quo
353 2054 568 2095 potissimum
583 2053 746 2084 adiectivo
758 2054 892 2084 omissio
910 2053 1081 2093 frequens.

75 2100 143 2147 ἐγὼ
160 2101 290 2147 παρών,
319 2100 337 2134 6
364 2099 498 2139 δοῦλος,
520 2098 583 2132 οὒκ
599 2103 662 2145 τῆς
681 2098 855 2144 βαρβάρου
882 2099 1011 2145 μητρὸς
1028 2110 1085 2144 γε-

75 2149 144 2194 γώς
169 2149 222 2180 Ai.
247 2145 349 2181 1289.
384 2146 441 2180 τὸν
465 2145 609 2193 γέροντά
634 2157 676 2190 με
701 2147 760 2178 OR
783 2144 886 2178 1153.
923 2145 1036 2191 ὥσπερ
1060 2145 1084 2190 ἡ

75 2192 221 2228 timon&
246 2192 315 2239 ἐγώ
340 2195 392 2227 ΕΙ.
414 2191 494 2227 533.
528 2191 552 2238 ἡ
576 2187 706 2227 τάλαιν’
740 2191 808 2240 ἐγώ
834 2190 935 2225 1138.
962 2191 994 2226 τί
1015 2192 1085 2239 χρή

78 2253 120 2286 με
151 2241 215 2286 τὴν
245 2240 410 2286 δύστηνον
444 2242 525 2273 Ant.
547 2238 626 2273 922.
662 2239 755 2284 κάμὲ
786 2239 843 2273 τὸν
876 2238 1087 2284 δυσδαίμονα

613 2282 621 2295 2

76 2291 158 2322 Ant.
179 2287 259 2322 274.
289 2288 386 2334 σφῷν
405 2285 432 2321 δ’
457 2286 589 2322 ἐννέπω
645 2287 673 2320 ὼ
689 2290 763 2321 τοῖν
781 2287 1010 2332 παρεστώτοιν
1029 2288 1082 2319 ΕΙ.

79 2333 181 2369 1367.
210 2334 304 2370 παισὶ
325 2338 399 2372 τοῖς
425 2333 530 2369 αὑτοῦ
553 2334 608 2367 Oc
650 2331 729 2366 396.
764 2335 959 2376 Apponitur
984 2336 1086 2366 etiam

0 2363 16 2451 ξ
75 2383 184 2424 verbo,
214 2385 248 2415 in
266 2393 332 2425 quo
349 2392 530 2425 pronomen
556 2382 731 2423 personale
753 2383 923 2414 inclusum
940 2391 1015 2414 esse
1031 2391 1086 2413 co-

5 2459 8 2462 .
77 2432 220 2471 gitatur:
250 2428 445 2476 προσπίτνω
471 2439 506 2462 σε
523 2428 651 2475 γόνασι,
679 2426 802 2474 καίπερ
826 2427 873 2461 ὢν
891 2426 1050 2474 ἀκράτωρ
1068 2427 1086 2461 6

76 2476 219 2523 τλήμων
238 2479 298 2509 Ph.
320 2475 399 2509 486.
436 2475 512 2509 εἶτα
536 2480 611 2513 πῶς
636 2474 654 2509 6
673 2474 843 2521 δύσμορος
861 2474 909 2512 εἰς
926 2480 1000 2521 φῶς
1016 2473 1086 2508 τόδ’

7 2538 22 2558 ς
78 2523 175 2570 ἔρξας
191 2523 281 2569 εἶμι,
314 2521 414 2556 1352.
442 2521 492 2560 τίς
509 2522 527 2556 6
546 2521 740 2559 πολύπονος
757 2520 852 2568 ἄγει,
880 2523 935 2555 OG
952 2520 1021 2555 205
1031 2523 1082 2554 ch.

19 2583 22 2586 ’
39 2583 41 2586 ’
78 2573 170 2604 Libri
186 2570 237 2609 τίς
254 2571 302 2606 ὤν
314 2597 322 2611 ,
351 2571 408 2602 sed
425 2581 444 2602 a
461 2581 505 2602 m.
527 2570 638 2611 paullo
655 2571 839 2602 recentiore
856 2571 892 2601 iu
912 2571 970 2601 LA
986 2571 1088 2601 ascri-

78 2623 136 2660 pto
153 2629 206 2663 γρ.
225 2616 277 2656 τίς
294 2617 312 2652 6
331 2615 408 2651 πολ.
423 2629 431 2658 ;
461 2627 577 2648 verum
595 2621 869 2648 commemoratur
885 2618 921 2648 in
939 2617 1084 2657 scholiis,

78 2667 122 2699 cf.
141 2667 256 2702 Herm.
286 2663 397 2698 πάντα
428 2661 604 2709 καθαίρων
637 2661 818 2707 ὠλεκόμαν
844 2662 862 2697 6
894 2661 1002 2700 τάλας
1028 2664 1083 2695 Tr.

12 2711 34 2756 {31
81 2710 172 2745 1012
187 2722 233 2744 m.
269 2710 394 2758 ἔχομεν
419 2709 586 2757 στοναχὰς
611 2708 643 2743 οἱ
669 2709 857 2755 κηδόμενοι
882 2712 943 2744 τοῦ
975 2707 1088 2744 Τελα-

4 2757 33 2803 j]
79 2763 192 2804 μῶνος
217 2757 315 2792 οἴκου
333 2759 387 2790 Ai.
408 2755 477 2790 203
495 2767 548 2789 an.
575 2755 704 2836 *ἕσᾷρν
721 2755 823 2803 ὀργὰν
846 2755 993 2791 ἄναυδον
1007 2755 1088 2790 οὐδὲ

80 2805 140 2839 σὺν
158 2804 223 2851 βοᾷ
239 2804 392 2839 κλύουσα
409 2803 431 2838 ἁ
448 2802 592 2838 τάλαινα
612 2802 627 2835 1
679 2801 700 2835 4
718 2814 762 2836 m.
791 2801 830 2847 [ἁ
847 2805 934 2846 quod
953 2814 1018 2836 non
1036 2808 1088 2836 est

79 2855 115 2884 in
139 2854 236 2885 libris
261 2853 386 2884 addidit
403 2849 549 2896 Herm.].
586 2849 621 2884 έν
646 2849 763 2895 μέσοις
784 2849 1006 2896 ἀρκυστάτοις
1024 2849 1089 2884 πέ-

2 2897 38 2945 ἶ
81 2911 154 2933 πτω
180 2897 188 2910 '
213 2898 231 2933 6
255 2898 399 2944 τλήμων
425 2896 527 2930 1477.
563 2897 597 2931 οἱ
619 2896 706 2931 πολύ
738 2896 837 2943 θοροι
859 2895 882 2943 ἢ
918 2898 1041 2932 ’σωσαν
1063 2895 1087 2942 ἢ

2 2942 42 2990 (2³
80 2941 151 2992 ’κέρ
174 2958 255 2980 αναν
279 2943 303 2990 ἢ
331 2943 494 2979 διώλεσαν
520 2946 609 2984 Seyr.
631 2946 671 2976 fr.
693 2908 773 2985 439,
794 2942 827 2977 6.
856 2946 990 2977 Deinde
1007 2946 1090 2976 arti-

4 3000 40 3036 lg«
86 2995 160 3026 culo
176 2994 321 3036 oppositi
338 2993 450 3024 indice
475 2993 597 3033 utique
615 3001 718 3033 opus,
747 3002 821 3024 cum
839 2993 921 3033 quid
938 2996 1014 3033 post
1030 3001 1089 3023 vo-

6 3038 44 3081 ἵζ’.-
81 3042 224 3073 caticum
233 3039 419 3081 altoquendi
434 3040 596 3071 infertur:
618 3039 646 3072 ὦ
664 3036 787 3084 φέγγος
804 3036 911 3072 ὕπνου
930 3036 1091 3085 διάδοχον

8 3099 45 3131 233
83 3086 120 3120 τό
135 3085 164 3120 τ’
189 3084 336 3121 ἐλπίδων
354 3084 493 3120 ἄπιστον
518 3083 636 3130 οἰκούρ
666 3097 714 3128 μα
730 3086 780 3117 Ph
797 3082 876 3117 867.
906 3085 934 3118 ὦ
952 3082 982 3118 Λ
1011 3084 1092 3130 μνία

12 3138 15 3140 ’
37 3145 52 3161 ³
81 3132 179 3181 χθὼν
195 3132 254 3167 καὶ
265 3132 304 3166 τὸ
321 3131 513 3179 παγκρατὲς
531 3097 729 3169 σέλαςν986.
757 3129 888 3165 κλειναί
902 3126 931 3164 τ’
954 3126 986 3166 Ἀ
1018 3134 1093 3165 ’ναι

46 3199 65 3214 ω.
83 3179 196 3215 καὶτὸ
221 3178 407 3226 σύντροφον
429 3178 526 3226 γένος
544 3180 596 3210 Ai.
617 3175 698 3210 861.
728 3179 792 3211 Sed
810 3183 846 3210 et
862 3180 928 3220 ipsi
944 3181 1093 3211 vocativo

9 3221 11 3231 '
52 3226 73 3275 ζ,
87 3229 214 3269 aliquid
230 3228 429 3268 apponitur:
458 3226 487 3260 ὦ
510 3223 669 3262 Πέλοπος
693 3223 716 3258 ἁ
733 3222 880 3269 πρόσθεν
901 3223 1019 3258 ἱππεία
1035 3226 1088 3258 ΕΙ.

61 3278 67 3294 ‘-
85 3271 154 3307 504
171 3275 222 3307 ch.
260 3272 378 3319 ἔπαιρε
403 3271 446 3317 δὴ
472 3271 510 3306 σὺ
536 3269 678 3316 θύμαθ’,
705 3270 729 3316 ή
753 3270 910 3318 παροῦσά
935 3283 994 3316 μοι
1010 3270 1090 3305 634.

70 3318 169 3360 1ἄναξ
192 3315 375 3355 Ἀπόλλων
401 3319 418 3353 6
437 3316 562 3356 Δάλιος
579 3315 767 3364 εὔγνωστός
785 3317 863 3363 ἐμοὶ
879 3317 1010 3365 ξυνείης
1035 3320 1090 3351 Ai.

14 3367 20 3414 ’γ
62 3372 78 3408 2
88 3365 158 3400 704
173 3369 225 3399 ch.
254 3369 318 3399 Est
341 3371 455 3398 autem
481 3368 538 3398 ubi
562 3375 681 3398 nomen
704 3366 788 3397 illud
816 3367 869 3397 cui
892 3366 971 3406 quid
992 3375 1096 3406 appo-

63 3412 198 3456 spuitur,
233 3414 410 3446 articulum
434 3414 574 3454 habeat,
610 3414 761 3454 apposito
786 3422 853 3444 non
878 3413 977 3445 adsit.
1011 3412 1057 3452 ὡς
1075 3412 1094 3448 6

1066 146 1123 196 ‘O

2018 147 2117 195 489

1110 262 1260 312 Σίσυφος
1296 263 1405 303 πολὺς
1434 263 1577 310 ἔνδηλος
1607 265 1643 299 ἐν
1670 263 1724 298 σοὶ
1757 267 1951 311 πανταχοῦ,
1988 262 2118 310 μητρὸς

1108 309 1257 360 φθορεύς
1275 313 1380 352 synd.
1402 315 1441 345 fr.
1466 310 1543 353 155,
1563 310 1587 344 2
1605 310 1732 357 [πάντα
1745 312 1800 359 χῶ
1826 312 1928 344 Dind.
1948 322 1976 343 c.
1998 311 2118 344 Vatero

1107 357 1228 404 dedit}
1259 360 1392 392 Deinde
1410 361 1445 392 in
1460 360 1670 401 appositione
1688 360 1791 391 etiam
1816 363 1851 390 et
1875 359 2036 391 attributo
2060 358 2120 389 ad-

1109 408 1218 439 dendo
1236 408 1282 439 bis
1299 408 1454 448 ponitur:
1482 406 1539 441 τὸν
1563 405 1624 440 ἐκτ
1647 405 1789 446 έποντα,
1818 404 1875 439 τὸν
1897 402 2118 452 τροχηλάτην

1109 455 1167 487 OR
1183 451 1264 486 806.
1297 453 1354 487 τὸν
1382 451 1501 500 ἄνδρα,
1533 452 1590 487 τὸν
1620 417 1752 498 δοτῆρα
1779 454 1982 498 προσμεῖναι
2015 450 2119 497 μόνον

1109 499 1179 533 837
1201 511 1391 542 quanquam
1421 501 1502 533 haec
1533 510 1598 532 non
1623 505 1691 532 tam
1721 501 1885 542 appositio
1913 503 1985 539 cst,
2021 509 2120 540 quam

1109 549 1195 580 duae
1213 559 1232 579 a
1249 549 1347 580 verbo
1365 548 1516 580 notiones
1532 557 1727 589 suspensae,
1749 557 1888 588 quarum
1903 547 2007 578 altera
2024 547 2119 578 alteri

1110 596 1293 636 epexegesi
1317 596 1461 626 additur.
1496 596 1693 635 Interponas
1710 592 1799 638 ἤτοι.
1837 594 2000 625 Adiectivi
2023 594 2121 624 attri-

1111 643 1181 674 buti
1198 651 1274 674 cum
1295 642 1434 674 articulo
1460 643 1615 683 exempla
1641 651 1704 673 non
1724 643 1948 682 proferemus:
1978 650 2043 672 non
2062 641 2122 671 ha-

1111 691 1193 721 bent
1224 690 1314 721 enim
1349 690 1518 729 singulare
1547 689 1752 730 quidquam,
1789 690 1817 720 si
1843 689 2016 729 exceperis
2041 689 2120 726 πᾶς,

1111 738 1221 776 ποῖος,
1251 733 1372 775 πολύς,
1398 738 1564 776 τοιοῦτος,
1593 746 1678 776 quae
1696 737 1766 767 suis
1783 744 1938 776 quaeque
1956 735 2036 766 locis
2054 738 2122 766 tra-

1111 785 1304 815 ctabuntur.
1346 783 1418 815 Non
1437 784 1541 824 magis
1558 783 1808 823 pronominibus
1831 783 1982 813 additum
1999 782 2124 813 articu-

1113 831 1182 862 lum
1196 831 1248 862 vel
1267 831 1436 870 omissum,
1459 830 1492 861 id
1511 830 1599 871 quod
1614 839 1730 869 magna
1744 840 1819 861 cum
1837 830 1975 860 licentia
1987 829 2124 869 dispen-

1113 882 1225 918 satur,
1256 878 1529 908 enumerabimus
1542 902 1549 916 ,
1579 877 1637 908 sed
1655 877 1841 917 relegamus
1860 877 2013 916 legentes
2031 875 2071 907 ad
2089 886 2120 908 v.

1113 923 1207 969 ἐμός,
1228 922 1298 963 σός,
1321 921 1388 964 ὅδε,
1411 921 1522 964 οὗτος,
1544 922 1656 957 αὐτός.

1185 973 1208 1003 f.
1229 971 1244 1013 ΙΙ
1262 973 1299 1003 ln
1314 971 1488 1011 partiendo
1500 972 1714 1011 yenitivisqoe
1728 972 1896 1010 paratinis
1909 971 2004 1010 louge
2019 970 2126 1002 rarius

1114 1019 1249 1050 admitti
1274 1018 1454 1050 articulum
1478 1027 1577 1059 quam
1601 1019 1747 1058 relinqui
1773 1018 1907 1057 videas,
1936 1017 1978 1048 de
1999 1027 2066 1057 qua
2090 1026 2125 1048 re

1114 1069 1190 1107 post
1206 1066 1403 1097 disseretur.
1431 1068 1502 1097 τῶν
1527 1063 1564 1097 δὲ
1591 1062 1816 1110 πραγθέντων
1841 1062 1884 1098 τὰ
1911 1063 1972 1107 μὲν
1997 1062 2124 1109 ἄλγιστ’

1114 1110 1253 1146 ἄπεστιν
1271 1112 1329 1144 OR
1347 1108 1449 1143 1238.
1479 1111 1526 1149 ὡς
1543 1114 1616 1149 τοῖς
1635 1105 1774 1146 θέλουσι
1789 1115 1858 1145 τῶν
1878 1109 1987 1156 φίλων
2015 1108 2127 1156 μαίνει

1116 1157 1222 1198 ξυνών
1248 1160 1328 1190 Ant.
1350 1156 1430 1190 765.
1461 1157 1509 1204 μὴ
1535 1163 1604 1192 τῶν
1626 1158 1818 1205 τυράννων,
1857 1159 1912 1191 Τι’.
1934 1155 2022 1198 316,
2050 1167 2128 1190 nam

1116 1207 1320 1248 exquisitius
1348 1207 1480 1238 videtur
1502 1204 1553 1242 τὶς
1583 1207 1781 1244 subaudire,
1817 1203 1973 1252 τύραννοι
1995 1209 2034 1237 ut
2058 1206 2128 1237 sint

1115 1251 1288 1299 τυράννων
1315 1251 1489 1298 συγγένεια
1518 1254 1628 1293 πᾶσα,
1658 1254 1749 1285 velut
1766 1251 1897 1298 βασιλίς
1924 1256 1959 1284 et
1976 1249 2130 1297 βασίλεια

1116 1302 1225 1340 regiae
1243 1301 1357 1342 stirpis
1375 1301 1550 1331 mulierem
1565 1302 1749 1340 significat,
1777 1299 1828 1337 τὶς
1847 1310 1920 1331 cum
1939 1301 2125 1339 omittatur,

1117 1348 1256 1379 articulo
1274 1348 1445 1379 sententia
1461 1357 1572 1379 carere
1591 1357 1656 1379 non
1675 1349 1796 1388 potuit.
1829 1348 1938 1379 Possit
1955 1351 2065 1378 tamen
2085 1356 2129 1378 ex

1116 1395 1395 1426 antecedentibus
1413 1395 1538 1425 assumi
1555 1393 1718 1439 γέννημα.
1748 1392 1819 1427 οὐδ’
1837 1391 1947 1439 ὄνομα
1965 1391 2048 1438 πρός
2067 1404 2128 1426 του

1116 1446 1184 1474 τῶν
1202 1439 1420 1487 ξυνεμπόρων
1439 1438 1549 1487 ἔχεις;
1579 1442 1633 1473 Tr.
1656 1439 1736 1473 318.
1764 1440 1850 1485 πρὸς
1874 1445 1942 1474 τῶν
1960 1439 2129 1474 πνεόντων

1117 1487 1242 1532 [deleto
1259 1487 1344 1533 πρὸς
1365 1489 1465 1520 Dind.
1487 1499 1514 1520 c.
1538 1488 1609 1520 Eri.
1629 1493 1698 1521 τῶν
1725 1486 1958 1532 ἐμπνεόντων]
1977 1486 2127 1533 μηδενὸς

1118 1530 1235 1569 θανεῖν
1260 1532 1326 1568 ὕπο
1356 1532 1444 1566 1160
1469 1545 1499 1566 ν.
1521 1536 1634 1566 Herm.
1668 1539 1737 1568 τῶν
1770 1539 1873 1582 τριῶν
1899 1533 1978 1579 μίαν
2012 1533 2131 1578 λαβεῖν

1118 1580 1252 1616 εύσοιαν
1277 1580 1378 1627 ἀρκεῖ
1404 1583 1443 1613 fr.
1479 1583 1645 1624 Amphitr.
1671 1579 1747 1622 124,
1771 1580 1801 1614 1.
1839 1581 1871 1615 οἱ
1905 1584 2131 1616 ποντοναῦται

1118 1633 1187 1662 τῶν
1209 1627 1437 1674 ταλαιπώρων
1464 1627 1595 1674 βροτῶν
1627 1630 1717 1669 Scyr.
1738 1626 1819 1670 499,
1845 1627 1874 1660 1.
1902 1630 2005 1661 Aliud
2024 1639 2130 1669 genus

1119 1681 1172 1709 est
1187 1672 1317 1709 τοσόνδ’
1340 1675 1375 1713 ἐς
1399 1674 1491 1721 ἥβης
1509 1676 1562 1708 ΕΙ.
1588 1674 1641 1709 14.
1670 1674 1832 1710 τοσοῦτόν
1856 1674 1886 1720 γ’
1903 1674 1972 1709 ἐστί
1991 1687 2050 1720 μοι
2065 1679 2130 1722 τῆς

1119 1721 1257 1760 ἐλπίδος
1274 1723 1332 1755 OR
1341 1720 1410 1755 836
1422 1725 1464 1755 cf.
1483 1724 1562 1763 πᾶς,
1578 1721 1730 1762 τοσόσδε,
1750 1726 1911 1762 τοσοῦτος
1929 1725 2011 1755 item
2028 1713 2127 1769 ἀνήρ,

1117 1768 1312 1815 ἅνθρωπος,
1342 1768 1473 1815 βροτός.
1911 1769 1958 1814 (11
1977 1781 2010 1812 p.
2027 1767 2130 1814 215.)

1187 1815 1222 1850 2.
1252 1818 1538 1850 Adiectivaet
1560 1819 1806 1858 participia
1830 1828 1918 1849 cum
1942 1819 2132 1850 articulo

1119 1867 1358 1896 coniuncta
1396 1865 1771 1896 substantivorum
1810 1875 1961 1897 munus
1996 1867 2131 1897 susti-

1119 1916 1232 1943 nent.
1254 1930 1300 1935 ——
1324 1922 1353 1943 a.
1381 1911 1395 1953 ΙΙ
1422 1912 1749 1943 Αάὶεοιίυονωη
1773 1922 1857 1953 quae
1875 1913 2061 1944 secundum
2087 1913 2131 1943 li-

1120 1963 1269 1990 terarum
1293 1959 1442 1990 ordinem
1467 1960 1535 1990 iam
1568 1960 1648 1991 olim
1674 1961 2022 1999 commemoravimus,
2059 1960 2132 1991 suis

1121 2015 1273 2047 quaeque
1292 2007 1370 2038 locis
1388 2007 1502 2047 quaeri
1520 2007 1693 2038 iubemus:
1718 2003 1762 2038 τὰ
1776 2004 1888 2050 ἄβατα
1903 2025 1950 2030 --
1966 2005 1983 2040 6
2003 2003 2133 2050 ἀγαθός

1121 2057 1156 2085 et
1171 2052 1209 2085 τὸ
1227 2050 1355 2098 ἀγαθόν
1372 2071 1412 2076 -
1433 2051 1451 2085 6
1468 2051 1591 2098 ἀγενής
1611 2058 1646 2085 et
1661 2051 1698 2086 τὸ
1716 2051 1900 2098 ἀγέννητον
1917 2072 1957 2077 -
1977 2052 1995 2087 6
2013 2052 2132 2090 ἄδικος

1124 2117 1164 2123 -
1184 2099 1201 2133 ὁ
1227 2097 1465 2144 αἱμυλιίντατος
1490 2119 1536 2123 —-
1559 2099 1598 2133 τὸ
1623 2099 1689 2133 aio*
1707 2099 1766 2145 ρόν
1793 2119 1833 2124 -
1861 2099 1879 2134 6
1906 2098 2013 2138 αἴτιος
2030 2117 2076 2125 --
2091 2098 2134 2133 τὰ

1122 2144 1198 2179 ἀκίν
1225 2158 1268 2180 τα
1292 2165 1332 2170 -
1359 2145 1403 2179 τὰ
1426 2145 1516 2193 ἄκρα
1535 2165 1575 2170 -
1602 2145 1644 2180 τὰ
1665 2141 1807 2193 α’γιστα
1826 2165 1867 2171 -
1885 2146 1927 2181 τὰ
1951 2145 2070 2193 ἀληθῆ
2091 2166 2131 2171 -

1122 2193 1140 2228 6
1166 2191 1210 2227 ἄλ
1235 2205 1272 2231 ος
1302 2204 1328 2225 s.
1357 2193 1390 2226 οἱ
1415 2191 1516 2227 ἄλλοι
1542 2198 1575 2226 et
1599 2192 1710 2227 τᾶλλα
1729 2213 1772 2218 -
1789 2193 1832 2228 τὰ
1847 2193 2015 2242 ἀμήχανα
2031 2193 2148 2227 -τὼ

1123 2239 1294 2286 ἀναγκαῖα
1306 2238 1399 2273 -τά
1414 2238 1664 2285 ἀνθρώπεια-
1683 2241 1715 2275 οἱ
1733 2239 1927 2287 ἀνόητοι-
1947 2241 1980 2275 οἱ
1997 2239 2134 2287 ἄρσενες

1123 2306 1165 2313 -
1185 2287 1202 2322 6
1222 2286 1380 2334 αὐτόχειρ
1396 2306 1436 2311 -
1455 2287 1591 2334 τάφανῆ
1608 2306 1650 2312 —-
1668 2287 1686 2322 6
1706 2286 1836 2334 βραχύς
1852 2307 1893 2312 -
1913 2288 1945 2322 οἱ
1962 2287 2077 2334 βροτοί
2091 2306 2132 2313 -

1121 2334 1160 2368 τὸ
1186 2337 1341 2380 γενναῖον
1367 2353 1408 2358 -
1428 2334 1461 2368 οἱ
1486 2333 1666 2381 γύνανδροι
1686 2354 1723 2359 -
1750 2335 1768 2369 6
1795 2333 1905 2373 δειλός
1923 2355 1967 2359 -—
1984 2334 2028 2369 τὰ
2043 2333 2135 2369 δεινά

1121 2381 1165 2415 τὰ
1189 2380 1332 2416 διδακτά
1357 2400 1399 2406 -
1424 2382 1464 2416 τὸ
1483 2380 1612 2416 δίκαιον
1638 2387 1674 2414 et
1696 2381 1739 2415 τὰ
1756 2380 1870 2416 δίκαια
1887 2402 1932 2407 —
1949 2382 1981 2416 οἱ
1999 2380 2135 2416 δυνατοί

1122 2448 1162 2453 -
1183 2429 1201 2463 6
1220 2427 1391 2474 δύσμορος
1413 2447 1453 2453 —-
1473 2428 1491 2463 6
1511 2427 1679 2474 δυσσεβὴς
1698 2448 1739 2454 -
1759 2428 1777 2462 6
1804 2427 1827 2474 ἠ
1849 2428 2014 2475 δύστηνος
2033 2448 2078 2468 -,
2093 2428 2137 2463 τὰ

1123 2474 1277 2533 δύσφορα
1292 2494 1332 2500 --
1351 2474 1497 2533 τάγγενῆ
1518 2495 1558 2500 --
1577 2475 1619 2510 τὰ
1636 2475 1761 2523 ἔκγονα
1779 2495 1819 2500 -
1839 2475 1872 2510 οἱ
1896 2475 2073 2523 ἐλεύθεροι
2090 2495 2135 2500 --

1122 2535 1267 2567 τουμον,
1296 2522 1390 2567 τάμα
1409 2542 1450 2547 -
1469 2523 1502 2557 οἰ
1527 2522 1681 2569 ἔμπειροι
1707 2543 1747 2548 -
1775 2522 1939 2581 τάμφανῆ
1965 2542 2006 2548 -—
2031 2522 2134 2558 τάπί-

1122 2568 1228 2604 λοιπα
1245 2588 1286 2594 -
1305 2569 1498 2604 τούναντίον
1511 2597 1518 2610 ,
1547 2569 1707 2604 τάναντία
1725 2590 1766 2594 ——
1784 2570 1823 2604 τὸ
1843 2569 1974 2604 ενδικον
1994 2590 2034 2595 -
2052 2570 2135 2604 τού-

1123 2617 1250 2654 πιεικές
1272 2635 1312 2640 -
1342 2615 1545 2664 οὑπιχώριοι
1573 2635 1613 2640 -
1640 2615 1760 2663 ἅτερος
1778 2622 1813 2649 et
1830 2615 1959 2662 θάτερα
1977 2637 2016 2641 -
2045 2617 2063 2651 6
2081 2616 2136 2651 εὐ-

1144 2662 1229 2708 ενής
1247 2683 1294 2688 —-
1319 2663 1337 2697 6
1363 2662 1505 2709 εὐσεβής
1534 2683 1574 2688 -
1602 2664 1620 2698 6
1647 2663 1774 2710 ἐγθρός
1793 2683 1833 2688 -
1860 2663 1899 2698 τὸ
1917 2663 2012 2698 θεῖον
2043 2670 2077 2697 et
2093 2663 2135 2698 τὰ

1123 2677 1302 2746 θεῖα-τὸ
1317 2708 1446 2756 θερμόν
1457 2730 1498 2735 -
1512 2710 1530 2745 6
1547 2706 1726 2756 θνητόζ-
1739 2710 1756 2745 ὁ
1771 2709 1898 2770 θρασύς
1913 2731 1954 2736 -
1965 2710 2007 2744 τὰ
2021 2709 2079 2744 ἴσα
2090 2731 2135 2735 -

1123 2758 1166 2792 τὰ
1181 2756 1281 2791 καινά
1293 2775 1334 2781 -
1348 2756 1391 2791 τὰ
1407 2757 1525 2803 καίρια
1539 2777 1579 2782 -
1598 2758 1616 2792 6
1634 2758 1753 2799 κακός,
1775 2770 1806 2792 οι
1823 2757 1938 2799 κακοί,
1958 2758 1996 2792 τὸ
2013 2757 2132 2798 κακόν,

1123 2804 1167 2839 τὰ
1182 2804 1274 2838 κακά
1292 2823 1333 2828 —-
1352 2804 1384 2838 οἱ
1406 2804 1617 2851 κακόφρονες
1638 2825 1678 2829 -
1704 2805 1742 2839 τὸ
1757 2803 1864 2838 καλόν
1877 2832 1884 2845 ,
1913 2804 1955 2838 τὰ
1981 2804 2074 2839 καλά
2092 2825 2132 2829 -

1126 2851 1144 2886 6
1167 2850 1324 2909 κάτοχοςι
1339 2870 1380 2875 -
1399 2851 1416 2885 6
1440 2851 1644 2898 κασίγνητος
1664 2870 1704 2875 -
1724 2851 1741 2885 6
1767 2851 1930 2889 κοινωνός
1948 2872 1992 2875 ——
2009 2852 2047 2886 τὸ
2071 2851 2136 2885 κό-

1126 2910 1224 2943 σμιον
1245 2917 1285 2923 --
1312 2910 1329 2932 ο
1358 2898 1541 2943 κρείσσων,
1574 2898 1616 2932 τὰ
1643 2897 1788 2943 κρείσσω
1816 2917 1856 2922 -
1890 2898 1907 2932 6
1936 2898 2064 2944 κύριος,
2094 2897 2137 2932 τὰ

1125 2944 1226 2990 κύρια
1251 2964 1289 2969 --
1317 2945 1355 2978 τὸ
1382 2944 1522 2990 λιπαρές
1550 2963 1590 2968 -
1616 2945 1654 2979 τὸ
1671 2944 1808 2985 λοιπόν,
1839 2945 1881 2979 τὰ
1897 2944 2003 2979 λοιπά
2028 2965 2068 2970 -
2093 2944 2136 2979 τὰ

1125 2991 1243 3036 λῷστα
1271 3011 1314 3018 —-
1341 2991 1380 3026 τὸ
1406 2991 1541 3037 μεῖζον,
1571 2990 1614 3025 τὰ
1631 2992 1772 3048 μέγιστα
1803 3011 1843 3016 ——-
1872 2992 1890 3026 6
1909 2991 2032 3036 μέλεος
2050 3011 2091 3017 -—
2110 2991 2134 3036 ἡ

1128 3038 1280 3084 μεταίτια
1299 3059 1339 3064 -
1358 3039 1397 3073 τὸ
1423 3038 1578 3084 μέτριον,
1607 3050 1649 3071 τα
1674 3038 1795 3085 μέτρια
1813 3058 1853 3064 -
1883 3039 1921 3073 τὸ
1947 3038 2075 3085 μηδέν,
2104 3039 2137 3073 οἱ

1129 3084 1274 3131 μηδένες
1293 3105 1333 3110 -
1352 3085 1391 3120 τὸ
1418 3085 1592 3132 μηχανόεν
1613 3105 1653 3110 -
1671 3086 1710 3119 τὸ
1730 3085 1895 3132 μόρσιμον
1913 3105 1954 3110 -
1982 3086 1999 3121 6
2017 3086 2136 3132 νεκρός

1128 3151 1173 3157 —-
1189 3131 1207 3167 6
1224 3131 1325 3170 νέκυς
1346 3152 1386 3157 —-
1403 3132 1442 3166 τὸ
1457 3133 1546 3172 νέον,
1575 3131 1611 3166 αἱ
1626 3131 1718 3172 νέαι,
1738 3131 1761 3178 ή
1778 3132 1928 3178 νεωτέρα
1945 3152 1985 3158 -
2006 3133 2024 3167 6
2042 3132 2136 3173 ξένος

1129 3178 1199 3213 -ὸ
1218 3177 1427 3223 ξύναιμος-
1440 3178 1519 3224 [**ὁ
1538 3178 1708 3224 Ευναίμων
1724 3192 1753 3211 v.
1776 3178 1935 3224 ὁμαίμων
1948 3181 2001 3224 —-]
2024 3179 2042 3213 6
2060 3179 2135 3220 Ευν-

1127 3224 1278 3272 έμπορος
1295 3225 1345 3270 (οἱ
1362 3224 1598 3271 ξυνέμποροι.)
1611 3245 1651 3250 -
1662 3225 1704 3259 τὰ
1722 3226 1844 3260 οἰκεῖα.
1869 3225 1903 3260 έν
1915 3229 1988 3265 τοῖς
2005 3226 2068 3273 γὰρ
2083 3225 2136 3260 οἰ-

1127 3271 1266 3306 κείοισιν
1292 3270 1381 3311 ὅστις
1407 3268 1473 3307 ἔστ’
1496 3272 1584 3318 ἀνὴρ
1607 3272 1757 3330 χρηστός
1782 3275 1863 3305 Ant.
1885 3271 1950 3306 661
1977 3275 2012 3306 iu
2036 3276 2137 3306 rebus

1129 3322 1197 3351 suis
1229 3324 1265 3351 et
1297 3320 1491 3353 domesticis.
1514 3338 1554 3344 —
1580 3317 1604 3364 ἡ
1632 3332 1789 3365 ομαιμος,
1826 3319 1858 3353 οί
1878 3318 2022 3366 ὅμαιμοι
2050 3339 2091 3345 -—-
2118 3319 2136 3354 6

1131 3364 1289 3411 ὁμαίμων
1313 3385 1359 3390 ——
1384 3366 1407 3411 ἡ
1433 3365 1606 3411 ὁμευνέτις
1635 3385 1675 3391 --
1706 3366 1737 3401 οἱ
1762 3365 2021 3415 ὁμόσπλαγγνοι
2039 3386 2079 3391 -
2096 3367 2136 3401 τὸ

1131 3411 1234 3459 ὀρθόν
1263 3431 1304 3437 -
1330 3411 1348 3447 6
1374 3413 1597 3451 παιδοκτόνος
1617 3433 1657 3438 -
1675 3413 1718 3448 τὰ
1742 3412 1940 3460 παλαίφατα
1958 3409 2007 3440 ”-
2035 3413 2053 3448 6
2070 3426 2135 3449 πα-
