2288 3600
2090 0 2171 23 ww
2179 0 2230 27 fg

336 146 435 196 354
1033 116 1035 118 >
1315 139 1408 190 Καί
2077 150 2160 199 [19.
2182 158 2235 183 :2⁴-
2248 99 2252 102 Δ

336 258 538 306 εὑρίσκομαι
557 257 658 294 1397.
700 259 736 294 σέ
753 258 781 294 τ’
800 258 834 299 ἐξ
851 258 927 295 ἴσου
947 258 1158 305 οίκτείρομεν
1175 257 1234 292 καὶ
1250 256 1348 292 τόνδε
1383 257 1442 291 καὶ
1467 256 1530 305 γὰρ
1555 255 1635 291 οὐδὲ
1658 257 1716 292 τὸν
1742 257 1850 303 πάρος
1876 255 1987 304 μῦθον
2012 257 2126 339 μάτᾌν
2141 255 2263 304 ἥκοι)

336 309 391 341 OC
409 306 488 340 255.
526 303 604 353 ἥκω
623 306 685 354 γὰρ
706 306 794 354 ἱερὸς
809 306 953 354 εὐσεβής
970 318 1006 340 τε
1023 307 1082 340 καὶ
1100 304 1213 352 φέρων
1231 303 1347 350 ὄνησιν
1384 303 1443 339 καὶ
1472 303 1536 352 γὰρ
1562 303 1626 338 οὐκ
1651 303 1718 339 ἀπὸ
1742 305 1883 352 γνώμης
1911 304 2023 352 λέγεις
2048 304 2094 340 38
2121 332 2128 340 .
2179 305 2239 341 καὶ

336 353 417 388 287.
458 353 558 392 αὐτός
575 365 611 387 τε
628 354 676 403 χή
697 354 738 399 σὴ
760 353 930 400 δύσμορος
948 352 1154 400 παραστάτις
1173 350 1252 385 559.
1295 351 1346 396 τῷ
1387 350 1524 398 σιγηλὸς
1548 349 1578 385 εἷ
1594 349 1674 384 416.
1719 351 1777 386 καὶ
1801 353 1864 399 γὰρ
1882 350 2093 392 ἐξεπίστασαι
2108 353 2152 388 τά
2169 348 2198 401 γ’
2215 353 2250 388 ἐν

336 402 385 448 νῷ
420 397 451 435 θ’
478 400 608 447 ὁμοίως
640 400 732 435 κάπὸ
759 405 822 447 τῆς
848 401 1005 447 γλώσσης
1030 399 1121 446 λέγω
1146 397 1227 432 936.
1271 398 1349 444 ἐμοὶ
1387 410 1436 432 σιν
1470 399 1517 437 ὡς
1549 399 1673 446 ἔχοντα
1701 400 1860 446 τυγχάνει
1885 397 1965 433 624.
2010 400 2050 434 σὺ
2074 405 2228 447 πρῶτος,
2261 399 2265 401 ’

339 450 433 495 αὐτῷ
451 446 476 482 τ’
498 448 582 495 ἀρὰς
599 447 721 495 ἠρᾶτο,
749 450 809 483 καὶ
824 449 931 496 τώμῷ
949 449 1036 495 γένει
1054 445 1133 481 952.
1179 444 1271 480 ὄναιο
1288 448 1349 479 τοῦ
1385 446 1443 480 καὶ
1469 446 1531 506 γὰρ
1559 445 1660 487 εἰκός,
1692 445 1837 493 ἄρκεσον
1860 449 1915 480 Αἱ.
1936 446 2017 481 824.
2059 448 2119 482 καὶ
2146 446 2210 494 γὰρ
2244 468 2262 478 fl

337 508 373 532 τε
399 495 552 542 γενναίου
605 496 697 542 άριν,
725 495 785 530 καὶ
802 500 865 543 τῆς
889 495 972 541 πρὸς
996 494 1091 541 ἡμᾶς
1113 493 1246 528 ἐνδίκου
1264 504 1348 538 προ·
1387 493 1416 527 εἰ
1441 492 1584 528 πυθοιτό
1604 505 1672 534 τις,
1701 492 1814 540 λόγοις
1829 493 1986 534 ’κολάζειν
2006 492 2108 528 1159.
2150 493 2263 541 κάμοὶ

341 543 471 591 μηθίας
508 507 606 577 104}
651 542 827 590 πρόσφορα
854 541 884 578 θ’
908 541 989 588 ὑμῖν
1014 541 1072 576 καὶ
1098 541 1149 587 τῷ
1175 540 1264 575 κατὰ
1289 543 1350 586 γᾶς
1387 539 1464 575 ποθ’
1491 539 1590 579 οὗτος
1617 539 1774 587 ἔχθιστος
1798 545 1941 588 στρατοῦ
1969 539 2069 575 1336.
2113 541 2172 576 καὶ
2195 540 2260 589 γὰρ

348 589 431 625 1775
457 600 510 623 an.
566 590 665 637 τάφῳ
688 601 725 623 τε
749 589 878 635 κρύψαι
903 589 961 624 καὶ
985 589 1028 623 τὰ
1052 587 1148 623 πάντ’
1173 586 1351 634 ἐφαγνίσαι
1387 583 1509 635 γλῶσσ’
1528 587 1601 635 ἔχει
1616 587 1741 635 κράτος
1761 589 1848 636 μέγα
1865 590 1979 622 Alead.
2001 592 2043 622 fr.
2062 587 2139 622 101.
2166 589 2227 624 καὶ
2270 631 2271 634 Ἴ

342 643 422 672 Ant.
447 635 523 670 196.
568 636 701 671 *πολλά
716 631 744 670 τ’
761 635 833 671 ἄλλ’
853 636 1067 683 εὐδαιμονεῖ,
1094 634 1246 675 κᾶξεστιν
1264 633 1351 680 αὐτῇ
1388 634 1473 674 ειδὲς
1500 640 1600 681 σῶμα
1626 635 1730 682 σοφὸν
1755 635 1870 683 τίθησι
1889 634 1965 678 109,
1988 634 2020 669 9.
2064 635 2122 670 καὶ
2139 637 2204 684 γὰρ
2219 646 2259 684 χ’

342 687 424 732 δρᾶν
442 683 464 718 ἃ
482 682 639 729 βούλεται
652 683 719 717 507
736 683 830 729 [secl.
843 682 980 729 Iacob.].
1010 682 1110 721 αὐτός
1127 678 1151 716 τ’
1172 682 1278 728 ἔδησα
1294 682 1353 715 καὶ
1387 681 1418 716 τί
1443 694 1501 728 μοι
1526 694 1573 716 πα
1596 685 1717 729 ηγορεῖ
1740 684 1815 716 Hel.
1840 681 1917 716 186.
1960 682 2019 717 καὶ
2044 682 2108 730 γὰρ
2129 682 2215 733 Ἀργ

342 734 459 780 παρὼν
484 731 673 777 ἐκλύσομαι
700 729 801 764 1112.
846 730 985 765 πλούτει
1010 731 1073 777 γὰρ
1093 725 1163 764 κατ’
1184 728 1277 763 οἷκον
1295 728 1354 762 καὶ
1389 730 1506 771 Eriph.
1526 727 1572 762 20
1600 755 1606 762 .
1651 728 1710 763 καὶ
1736 730 1800 777 γὰρ
1826 730 1858 764 ol
1883 730 2014 778 μακρὸν
2041 730 2113 777 βίον
2137 731 2257 781 ἔχουσι

342 780 384 827 ζῆ
410 777 572 825 τύραννον
598 773 704 825 σχῆμ’
723 777 813 826 ἔχων
839 777 938 812 1168.
982 777 1005 824 ἥ
1023 773 1047 811 τ’
1067 776 1151 825 ἄγαν
1172 777 1247 823 σιγὴ
1268 775 1352 822 βαρὺ
1391 775 1470 817 325,
1491 774 1524 809 2.
1548 795 1651 809 -.-
1671 777 1684 819 ΙΙ
1705 773 1783 812 Καί
1865 788 1909 824 γε
1935 780 2026 820 atqui
2051 789 2077 811 s.
2099 782 2129 811 et
2153 775 2244 813 simo.

343 825 440 862 δοκεῖ
463 829 657 871 προσεῖναι,
687 824 735 873 χὴ
756 820 870 871 ’μάτην
888 824 1001 871 πολλὴ
1021 824 1085 871 βοή
1107 822 1209 857 1252.
1251 822 1353 869 κείνῳ
1390 822 1418 870 γ’
1437 822 1557 863 εἰσάξω
1575 825 1636 856 Ph.
1658 821 1736 857 674.
1782 825 1840 859 καὶ
1865 824 1951 871 πέρα
1975 822 2004 871 γ’
2027 820 2095 860 ἴσθ’
2167 825 2264 873 λέγ

342 886 378 909 τε
395 872 504 918 κάμοί
520 876 574 906 Ai.
596 871 676 906 513.
719 872 844 919 χρόνος
863 871 940 919 φύει
956 871 984 906 τ’
1001 871 1115 918 ἄδηλα
1131 870 1190 906 καὶ
1208 870 1356 918 φανέντα
1393 870 1559 918 δογμένον
1579 868 1679 903 1277.
1708 872 1766 906 καὶ
1783 871 1890 910 πέλας
1901 869 1931 918 γ’
1949 870 2038 918 ὁρᾷς
2059 870 2101 905 12
2152 900 2158 906 .
2186 872 2246 908 καὶ

343 921 530 968 κρύπτεται
555 918 635 953 647.
682 918 782 958 αὐτός
807 931 842 953 τε
867 921 922 968 χώ
949 919 1108 965 ξύναιμος
1132 917 1355 965 ήθελησάτην
1391 919 1468 965 κρῷ
1493 930 1531 965 γε
1555 918 1854 965 συμμετρούμενος
1879 918 1995 965 χρόνῳ
2022 920 2079 952 OR
2095 918 2176 954 963.
2219 932 2266 966 κ.-

344 967 505 1015 ἐκβαλεῖν
527 965 627 1001 1387.
672 966 741 1001 κάκ
764 966 872 1002 τῶνδέ
890 979 948 1013 μοι
965 966 1083 1012 λαβεῖν
1102 960 1134 1001 θ’
1152 964 1280 1011 ὁμοίως
1297 964 1356 998 καὶ
1393 965 1511 1010 θαῦμα
1538 962 1639 998 1132.
1685 966 1744 1000 καὶ
1769 964 1888 1012 θαῦμά
1910 964 1938 1014 γ’
1963 965 2061 1001 οὐδέν
2088 966 2188 1001 1319.
2250 1008 2253 1010 Ὺ

343 1016 382 1050 τὸ
398 1013 567 1062 τητᾶσθαι
583 1012 679 1048 πέλει
695 1016 747 1047 El.
768 1012 848 1048 265.
884 1013 944 1052 τὰς
963 1013 1066 1052 οὔσας
1083 1014 1120 1048 τέ
1139 1025 1204 1058 μου
1222 1010 1358 1049 καὶτὰς
1395 1012 1596 1059 ἐπισκήπτω
1624 1009 1725 1046 1446.
1769 1013 1826 1048 καὶ
1853 1013 1904 1049 σοί
1927 1025 1965 1060 γε
1989 1013 2096 1060 κάμοί
2122 1017 2202 1048 Ant.
2222 1013 2269 1054 622,

344 1062 499 1101 ἀπούσας
517 1060 657 1099 ἐλπίδας
676 1059 855 1108 διέφθορεν
868 1059 946 1095 306.
976 1064 1037 1095 σοῦ
1053 1056 1081 1095 τ’
1097 1058 1357 1105 ἀπεστερημένη
1395 1059 1484 1094 θεῶν
1507 1059 1622 1105 κάμοῦ
1639 1071 1677 1105 γε
1696 1062 1751 1094 Tr.
1773 1059 1854 1094 444.
1898 1061 1956 1095 καὶ
1973 1064 2031 1095 νῦν
2047 1073 2085 1109 γε
2103 1058 2258 1108 Τεύκρῳ

346 1111 405 1145 καὶ
437 1109 564 1155 πατρός
589 1106 677 1150 814,
714 1111 802 1151 quod
832 1111 934 1142 etiam
960 1111 1057 1141 aliter
1082 1109 1243 1150 explicari
1265 1109 1354 1139 licet.
1396 1119 1524 1152 πτομαι
1541 1109 1595 1139 Ai.
1621 1105 1721 1140 1376.
1765 1107 1822 1142 καὶ
1839 1107 1989 1143 κλίνεταί
2026 1120 2043 1142 ε
2060 1111 2198 1150 Thyest.
2219 1111 2250 1142 rr

346 1160 405 1192 νῦν
431 1153 462 1191 θ’
487 1155 616 1202 ὁμοίως
647 1155 705 1190 καὶ
733 1151 798 1189 τότ’
827 1155 1044 1201 ἐξεπίσταμαι
1069 1153 1148 1188 907.
1194 1154 1300 1200 σαυτΐ
1324 1165 1360 1187 τε
1396 1153 1458 1200 [sic
1476 1156 1553 1187 libri
1571 1155 1674 1188 schol.
1695 1157 1812 1197 Eurip.
1831 1157 1956 1189 Phoen.
1976 1153 1999 1188 2
2025 1155 2066 1189 7:
2093 1157 2255 1199 probabili

347 1203 454 1250 κάμοί
478 1201 558 1236 974.
603 1201 690 1248 αὐτή
715 1198 743 1237 θ’
772 1202 902 1243 ὁπλίζει
926 1198 1009 1248 κάμ’
1036 1201 1216 1249 ὑπηρετεῖν
1241 1214 1286 1236 κα
1311 1203 1361 1238 εἴς
1396 1200 1547 1236 καίνεται
1563 1212 1599 1234 τε
1618 1203 1764 1235 Meinek.
1801 1214 1834 1235 ν.
1854 1201 2056 1250 γλυκαίνω].
2103 1204 2211 1246 Sunt,
2232 1205 2240 1212 '

348 1249 429 1284 996.
475 1250 492 1284 ὁ
511 1250 683 1298 δυστυχὴς
706 1249 837 1295 δαίμων
856 1251 872 1285 ὁ
892 1250 949 1289 σός
966 1261 1003 1284 τε
1018 1249 1130 1295 κάμός
1151 1246 1251 1282 1156.
1293 1246 1361 1282 θα-
1397 1247 1455 1283 καί
1472 1251 1569 1281 etiam
1587 1250 1642 1290 sit,
1656 1260 1741 1291 quae
1758 1261 1789 1281 v.
1806 1252 1894 1283 infra
1927 1252 1971 1283 cf.
1992 1251 2033 1283 de
2047 1261 2112 1284 usu
2126 1251 2229 1283 Dind.
2246 1260 2261 1268 ··

348 1298 451 1333 νόντα
466 1309 503 1332 τε
520 1297 579 1331 καὶ
596 1295 693 1337 ζῶντ’
711 1296 841 1332 ἐσεῖδον
861 1296 963 1331 1315.
999 1297 1042 1331 τά
1057 1291 1082 1331 τ’
1102 1295 1182 1331 ὄντα
1198 1295 1257 1330 καὶ
1276 1294 1362 1341 μέλ-
1397 1295 1432 1338 2,
1454 1294 1534 1328 538.
1563 1297 1673 1329 Klotz.
1695 1298 1735 1329 ad
1753 1299 1838 1330 DeV.
1857 1295 1891 1339 2,
1940 1296 2008 1343 15].
2032 1316 2134 1331 -.-
2154 1298 2168 1341 ΙΙ
2186 1293 2259 1333 Kx

350 1345 455 1380 λοντοι
471 1343 672 1380 Πελοπιδῶν
700 1344 811 1386 κακά,
834 1343 936 1378 1498.
982 1343 1094 1391 ἕρπειν
1121 1344 1155 1382 ἔς
1180 1355 1215 1377 τε
1232 1342 1363 1388 τᾶβατα
1399 1353 1466 1376 uno
1489 1346 1637 1376 membro
1659 1346 1755 1385 iungi
1772 1346 1914 1385 negabat
1930 1346 2020 1378 Pors.
2042 1347 2082 1378 ad
2099 1346 2154 1378 Or.
2175 1342 2261 1378 614-

350 1392 409 1427 καὶ
426 1392 513 1439 πρὸς
532 1391 663 1439 βέβηλοι
681 1394 797 1425 Alead.
818 1394 859 1424 fr.
883 1390 960 1433 109,
982 1390 1015 1425 6.
1052 1391 1159 1437 φίλων
1177 1402 1213 1424 τε
1232 1389 1362 1436 μέμὼιν
1399 1393 1449 1423 dit
1473 1392 1588 1423 Herm.
1617 1393 1656 1424 ad
1674 1393 1750 1432 Vig.
1779 1402 1812 1433 p.
1834 1389 1903 1425 847
1934 1390 2060 1438 [Klotz.
2090 1393 2131 1425 ad
2156 1394 2240 1425 Dev.

348 1440 422 1478 κείς
440 1438 543 1477 θεοὺς
560 1439 767 1485 ἁμαρτάνειν
783 1437 1024 1486 (φυλάσσεται)
1042 1440 1180 1472 Oenom.
1201 1435 1280 1478 419,
1304 1426 1337 1470 3.
1401 1441 1565 1479 Hartung.
1587 1447 1634 1479 gr.
1655 1439 1743 1470 Part.
1768 1437 1798 1479 1,
1823 1437 1915 1484 181].
1946 1439 2004 1473 καὶ
2022 1442 2082 1473 σοῦ
2102 1434 2130 1473 δ’
2144 1438 2215 1486 ἔγω
2232 1447 2238 1449 ”

425 1485 479 1519 12.
517 1488 674 1519 Eodem
699 1487 815 1518 modo
843 1486 979 1532 μὲν
998 1485 1073 1520 καί
1098 1495 1362 1527 componun-
1402 1496 1460 1524 σας
1486 1483 1559 1533 ἔχω
1585 1484 1666 1519 τάδε
1690 1487 1749 1518 Ph.
1774 1483 1874 1518 1362.
1903 1487 1993 1519 Pois.
2015 1490 2090 1521 παῖ.
2136 1487 2219 1519 Nam
2256 1488 2261 1531 ζ

353 1540 431 1576 tur,
454 1542 654 1576 quamquam
673 1544 743 1566 raro
761 1536 799 1566 fit
815 1539 850 1566 et
866 1544 926 1576 per
944 1535 1135 1566 anaooluthi
1153 1543 1258 1574 genus
1277 1530 1313 1565 δὲ
1331 1538 1365 1564 et
1401 1533 1511 1565 ciendi
1520 1527 1662 1574 'propter
1678 1543 1823 1575 sequens
1842 1531 1949 1580 ἔγωγε
1967 1536 2059 1576 copia
2076 1539 2141 1567 non
2160 1539 2240 1567 erat.

352 1581 410 1617 καί
442 1583 664 1614 commutatis.
710 1579 829 1628 ἔχρισα
863 1580 925 1626 μὲν
958 1578 1029 1615 κατ>
1067 1579 1161 1614 οἷκον
1189 1579 1223 1613 ἐν
1248 1578 1365 1625 δόμοις
1401 1582 1554 1621 tendum,
1575 1581 1636 1612 hoc
1654 1582 1792 1612 unicum
1809 1591 1882 1613 esse
1900 1591 1951 1622 ap.
1973 1582 2072 1624 Soph.
2094 1582 2254 1624 exempl

352 1628 472 1677 κρυφῇ
514 1627 657 1675 μαλλῷ,
704 1628 859 1662 σπάσασα
898 1640 937 1662 κ.
968 1627 1039 1662 σίου
1075 1627 1176 1673 βοτοῦ
1210 1625 1342 1674 λάχνην
1357 1636 1364 1642 ·
1402 1630 1545 1660 alterum
1570 1626 1646 1660 καὶ
1666 1654 1672 1660 .
1689 1654 1718 1660 ..
1742 1626 1786 1660 δέ
1811 1638 1869 1669 pro
1895 1626 2013 1662 καί
2033 1626 2094 1662 καί
2122 1630 2193 1661 sive
2232 1636 2237 1638 ·

354 1674 497 1722 κᾶθηκα
521 1687 560 1710 συ
590 1670 723 1714 πτύξασ’
751 1674 909 1721 ἀλαμπὲς
921 1639 1035 1721 ᾎίου
1060 1674 1167 1720 κοίλῳ
1192 1674 1366 1721 ζυγάστριρ
1403 1677 1531 1707 dictum
1556 1675 1667 1706 habet.
1711 1673 1839 1721 χήμεῖς
1871 1674 1999 1713 ἰδόντες
2029 1673 2190 1721 ἱέμεσθα,
2224 1681 2259 1720 5³¹

355 1724 467 1769 δῶρον
485 1725 540 1755 Tr.
585 1720 630 1756 89
647 1733 719 1765 sqq.
764 1722 818 1757 ἀεὶ
843 1722 905 1768 μὲν
932 1721 1079 1770 δέδορκά
1105 1733 1140 1755 σε
1166 1720 1285 1768 πεῖράν
1309 1722 1367 1754 τιν’
1405 1719 1582 1769 θηρώμεθ’
1600 1719 1702 1759 εὐθύς
1719 1724 1801 1754 Ant.
1823 1719 1902 1755 432.
1938 1723 1976 1754 In
1994 1724 2112 1755 Alead.
2132 1724 2172 1755 fr.
2195 1720 2230 1754 1:

355 1770 494 1820 ἐχθρῶν
520 1768 669 1816 ἁρπάσαι
693 1768 896 1816 θηρώμενον
913 1780 919 1786 ·
944 1769 1003 1804 καὶ
1020 1773 1078 1803 νῦν
1097 1767 1154 1803 ἐπὶ
1171 1771 1314 1814 σκηναῖς
1333 1779 1368 1801 σε
1385 1800 1386 1810 ,
1404 1774 1478 1802 tum
1504 1769 1619 1802 ἔπειτα
1637 1767 1685 1802 δέ.
1723 1769 1802 1801 Cod.
1825 1770 1957 1802 Stobaei
1973 1780 2063 1802 unus
2079 1767 2226 1804 κᾶπειτα
2258 1802 2261 1804 .

355 1820 533 1855 ναυτικαῖς
551 1816 621 1863 ὁρῶ
639 1813 789 1855 Αἴαντος
806 1819 861 1850 Ai.
885 1815 901 1849 1
922 1825 992 1859 sqq.
1017 1835 1119 1849 —-.—-
1147 1817 1161 1859 Η
1189 1814 1242 1849 13.
1265 1816 1370 1847 Semel
1385 1811 1387 1840 ἕ
1404 1827 1522 1849 verum
1545 1825 1618 1848 esse
1640 1821 1751 1858 potest
1767 1820 1801 1848 et
1818 1819 1941 1858 ipsum.
1981 1817 2046 1850 Sed
2063 1818 2202 1849 minime
2217 1817 2243 1848 i

355 1867 484 1899 dictum
502 1866 560 1897 ubl
576 1866 628 1897 bis
651 1869 864 1906 exspectares
882 1866 963 1897 Ant.
985 1862 1065 1897 296.
1109 1867 1210 1898 τοῦτο
1226 1862 1286 1897 καὶ
1304 1862 1370 1896 πό-
1405 1865 1493 1906 apud
1516 1865 1596 1896 alios
1613 1865 1791 1905 scriptores
1808 1862 1867 1897 καὶ
1883 1863 1920 1898 δέ
1937 1865 2123 1897 docuerunt
2138 1865 2190 1896 Ab

357 1912 427 1951 λεις
445 1910 588 1958 πορθεῖ,
609 1906 680 1945 τόδ’
696 1910 821 1958 ἄνδρας
840 1910 1047 1958 ἐξανίστησιν
1066 1910 1193 1957 δόμων.
1231 1911 1295 1944 Sed
1311 1908 1370 1943 καὶ
1406 1913 1575 1943 Aristaen.
1592 1921 1626 1952 Ρ.
1639 1908 1708 1942 252
1725 1916 1759 1943 et
1776 1912 1815 1943 ad
1829 1912 1951 1945 Aesch.
1965 1912 2065 1943 Eum.
2079 1907 2167 1944 409:
2188 1912 2223 1944 os

419 1971 455 1993 τε
479 1962 515 1992 in
539 1961 720 2001 partitione
746 1966 812 1991 non
836 1960 902 1991 dici
927 1966 1016 1991 recte
1033 1961 1149 1991 Herm.
1172 1960 1304 1990 censuit
1331 1958 1370 1989 ad
1406 1960 1447 1991 ad
1472 1960 1576 1998 Long.
1603 1968 1638 1999 p.
1666 1952 1746 1990 350.
1778 1976 1880 1990 -—.—
1914 1955 2000 1994 Καὶ
2026 1957 2077 2004 δή
2104 1961 2170 1990 iam
2191 1968 2230 1990 v

361 2008 479 2040 Bacch.
501 2002 580 2047 303,
602 2008 644 2039 of.
668 2006 784 2039 Stallb.
807 2007 848 2038 ad
865 2007 950 2038 Plat.
972 2007 1101 2039 Phileb.
1121 2016 1155 2047 Ρ.
1180 2003 1257 2037 144.
1408 2009 1495 2038 iam:
1521 2007 1628 2037 rarius
1654 2006 1850 2047 interposito
1874 2007 2032 2038 vocabulo
2074 2007 2117 2038 cf.
2139 2006 2233 2038 Her
2252 2032 2256 2036 .

430 2051 485 2086 14.
524 2055 611 2086 Iam
646 2062 738 2086 cum
776 2055 881 2086 aliis
916 2054 1148 2095 particulis
1182 2053 1369 2085 coniun-
1407 2064 1439 2095 p.
1465 2050 1533 2085 837
1557 2063 1628 2094 sqq.
1674 2053 1783 2085 Klotz.
1813 2054 1852 2085 ad
1878 2054 1964 2085 Dev.
1993 2051 2026 2094 2,
2071 2050 2128 2084 46.
2172 2053 2215 2085 Η
2234 2058 2253 2080 ι·

359 2102 475 2134 ctum
500 2101 842 2133 consideramus,
863 2100 877 2143 ΙΙ
894 2099 967 2134 καὶ
990 2099 1070 2147 γάρ
1095 2105 1129 2132 et
1153 2098 1370 2145 καὶ...γάρ
1388 2115 1390 2140 2
1407 2102 1494 2132 Part.
1519 2097 1548 2139 1,
1569 2096 1666 2144 263].
1708 2098 1768 2133 καὶ
1786 2098 1828 2145 δὴ
1875 2098 2071 2146 εθίημιΡὴ.
2093 2097 2174 2133 818.
2231 2118 2257 2141 *⁷

358 2154 395 2182 et
411 2150 531 2182 etenim
548 2152 583 2180 et
598 2158 678 2180 nam
693 2150 793 2180 etiam
809 2149 989 2188 significat.
1024 2146 1082 2181 καὶ
1098 2146 1161 2193 γὰρ
1180 2146 1257 2192 ἐμοὶ
1272 2148 1371 2179 τοῦτο
1388 2142 1390 2175 ἶ
1408 2146 1466 2181 οὖν
1485 2146 1637 2192 παρόντα
1653 2145 1757 2192 (ὁρῶ)
1774 2147 1828 2179 OG
1872 2146 1903 2180 1.
1931 2146 2032 2193 ψαύω
2048 2145 2108 2181 καὶ
2127 2145 2169 2192 δή
2189 2143 2205 2178 1

361 2194 459 2241 μέλει
482 2196 544 2228 Ph.
575 2192 736 2228 1121σῖι.
766 2204 847 2227 nam
869 2197 977 2227 etiam.
1023 2197 1062 2227 In
1087 2204 1151 2236 quo
1176 2204 1298 2234 genere
1323 2194 1371 2224 lo-
1410 2194 1451 2240 δὴ
1479 2193 1570 2239 λέγω
1597 2205 1648 2227 σοι
1671 2195 1751 2227 Ant.
1778 2192 1858 2226 245.
1896 2195 1950 2228 El.
1978 2191 2057 2227 558.
2082 2191 2162 2227 892.

359 2243 489 2285 ’ῳιεῐιᾱί
517 2243 736 2275 inutilissima
770 2246 822 2274 est
848 2243 1031 2274 multorum
1054 2243 1200 2283 suspicio
1224 2239 1283 2274 καὶ
1308 2238 1372 2286 γὰρ
1408 2240 1466 2276 καὶ
1490 2241 1636 2276 κάκιστα
1663 2240 1704 2286 δὴ
1733 2241 1856 2286 μακρῷ
1882 2241 2020 2287 κάτειμι
2043 2238 2124 2274 895.
2163 2238 2222 2275 καὶ
2244 2241 2255 2276 »ζ

361 2288 421 2324 καί
445 2291 708 2332 postulantium,
737 2291 846 2321 veluti
863 2290 1031 2322 Sohaeferi
1048 2289 1087 2321 ad
1106 2290 1207 2320 Dion.
1229 2289 1270 2320 de
1289 2298 1315 2319 ο.
1337 2298 1369 2318 v.
1410 2291 1465 2321 Tr.
1487 2286 1567 2321 345.
1611 2287 1669 2322 καὶ
1695 2287 1738 2333 δὴ
1764 2285 1811 2322 ’πὶ
1838 2287 1967 2326 δισσαῖς
1992 2287 2035 2334 ἦν
2060 2285 2231 2344 erpa-:7331
2247 2287 2263 2312 Κ

363 2347 396 2379 Ρ.
413 2334 492 2370 228.
522 2337 563 2369 ad
581 2336 679 2369 Dem.
702 2334 732 2369 1.
753 2345 787 2378 p.
802 2333 881 2377 501,
903 2345 988 2377 quae
1005 2338 1170 2368 refutatur
1187 2347 1205 2368 a
1222 2333 1369 2367 Meinek.
1411 2338 1464 2369 Ai.
1485 2334 1542 2368 49.
1585 2334 1644 2368 καὶ
1669 2334 1711 2381 δὴ
1737 2335 1871 2375 κομίζει
1888 2334 1967 2368 544.
2011 2334 2071 2369 καὶ
2095 2334 2137 2381 δή
2164 2345 2183 2368 σ
2213 2333 2248 2372 t..

363 2385 405 2417 aa
423 2384 596 2416 Menandr.
616 2380 742 2425 p.343.
771 2383 933 2416 Frnzsoh.
950 2384 1100 2424 (μω.
1121 2380 1226 2424 p.33.
1256 2383 1370 2415 scaub.
1411 2382 1490 2416 317.
1534 2381 1593 2416 καὶ
1618 2381 1659 2428 δὴ
1688 2369 1820 2427 βέβηκα
1847 2380 1948 2415 1436.
1991 2381 2051 2416 ml
2075 2381 2116 2416 w
2143 2380 2251 2416 τελε

365 2431 405 2464 ad
422 2430 505 2463 Pht.
527 2431 630 2473 Hipp.
652 2431 697 2463 M.
717 2438 751 2472 p.
772 2427 841 2462 290
858 2439 875 2462 c
893 2427 1005 2475 (191).
1034 2430 1160 2462 Eodem
1178 2430 1271 2462 modo
1289 2430 1376 2460 dicta
1411 2429 1470 2463 καὶ
1496 2429 1537 2476 δὴ
1561 2429 1661 2477 φάρει
1677 2428 1898 2475 καλύπτομαι
1915 2430 1999 2462 CriS.
2021 2431 2062 2462 fr.
2084 2401 2163 2462 330.
2204 2434 2258 2477 ²²3,

365 2479 445 2510 haec
471 2482 571 2510 sunt:
600 2476 659 2511 καὶ
682 2474 726 2510 τὰ
750 2476 827 2524 πρὶν
853 2476 917 2523 γὰρ
939 2475 978 2511 ἐκ
995 2475 1106 2523 λόγων
1123 2475 1241 2510 καλῶν
1258 2479 1376 2512 κακῶς
1414 2475 1492 2510 726.
1515 2479 1571 2510 Tr.
1593 2474 1634 2509 31
1653 2475 1727 2510 καί
1745 2482 1796 2509 est
1811 2479 1921 2509 etiam.
1958 2477 2106 2516 Elegans
2123 2478 2198 2518 ille,
2230 2487 2252 2518 ιγ

364 2522 496 2572 ἔπραξα
511 2525 573 2557 Ph.
596 2521 698 2557 1268.
741 2524 800 2558 καὶ
815 2521 880 2571 γὰρ
897 2523 937 2559 ἂν
955 2523 1080 2570 πέτρου
1098 2522 1195 2571 φύσιν
1214 2522 1253 2557 σύ
1270 2521 1299 2566 γ’
1318 2522 1378 2568 ὀρ-
1413 2526 1540 2557 tionem
1557 2525 1702 2565 aliquam
1720 2526 1798 2565 poni
1815 2525 1992 2556 concedive
2009 2525 2092 2565 quid
2107 2524 2232 2565 signifi

365 2571 501 2618 γάνειας
516 2572 574 2604 OR
591 2569 670 2604 334.
714 2570 774 2606 καὶ
797 2570 861 2618 γὰρ
886 2570 1084 2617 άκράτησας
1109 2569 1148 2605 οὔ
1175 2581 1226 2604 σοι
1241 2570 1293 2616 τῷ
1312 2569 1376 2615 βίῳ
1414 2573 1591 2604 ticularum
1608 2581 1700 2612 usuS,
1723 2573 1762 2603 de
1781 2581 1847 2612 quo
1865 2573 1918 2603 adi
1935 2572 2053 2603 Elmsl.
2075 2571 2115 2602 ad
2132 2571 2212 2603 Eur.
2239 2592 2251 2604 «,

363 2618 548 2659 ξυνέσπετο
568 2616 669 2651 1523.
697 2616 820 2652 πείθου
835 2628 842 2635 ·
860 2617 957 2666 κάγὼ
973 2617 1037 2665 γὰρ
1055 2616 1134 2652 ὅσον
1148 2617 1185 2652 σὺ
1198 2612 1378 2666 προσχρῄ-
1416 2618 1568 2660 Sophocli
1594 2622 1736 2650 testatus
1760 2627 1826 2650 non
1845 2623 1906 2650 est.
1927 2635 2031 2650 --.—
2058 2618 2072 2660 ΙΙ
2097 2613 2183 2652 Καὶ
2204 2611 2242 2651 ε(

366 2667 434 2707 ζεις
452 2666 507 2699 OG
525 2662 605 2698 520.
647 2664 708 2699 καὶ
727 2669 790 2712 τῆς
807 2664 830 2700 ἄ
852 2677 890 2699 αν
908 2664 972 2713 γὰρ
990 2664 1058 2698 ἔστι
1076 2676 1141 2699 που
1160 2668 1256 2711 σιγῆς
1275 2663 1378 2711 βάρος
1415 2668 1524 2708 potuit
1550 2666 1616 2697 nisi
1641 2676 1715 2697 cum
1742 2667 1836 2697 erasi.
1883 2666 2084 2706 Plerumque
2111 2661 2185 2698 καί
2218 2679 2238 2692 ·-

368 2716 449 2747 Ant.
473 2710 574 2746 1256.
618 2711 677 2746 καὶ
693 2678 903 2759 παρεμνῆσω
920 2711 985 2760 γὰρ
1002 2711 1044 2746 αὖ
1060 2715 1124 2758 τῆς
1142 2711 1378 2759 πατροφόντου
1417 2711 1469 2746 σοὶ
1493 2710 1610 2758 καύτῷ
1635 2716 1808 2758 παραινῶ,
1835 2710 1891 2745 κεῖ
1915 2722 2005 2749 τινος
2032 2710 2133 2757 κήδει
2156 2708 2253 2757 πέρι
2279 2717 2281 2721 “

368 2757 715 2853 Ξῖτὲῗοτζαῗῖἕρ
741 2758 1224 2852 .{‡}J{392}3531.⁶253¹“533}
1248 2757 1380 2851 ὒῖζὲῗῖἑ
1415 2756 1954 2843 ζξὲνὲῗᾎὲἱβεῗᾶταισιοῖἶῖἶὸς
1970 2756 2252 2843 ‚23212‘3132‘

369 2853 434 2901 γὰρ
448 2849 492 2888 ἂν
509 2853 623 2900 πατὴρ
641 2848 756 2900 ἀνῆκτ’
775 2851 815 2887 ἂν
836 2852 869 2891 ἐς
887 2858 962 2900 φῶς
980 2854 1068 2893 Scyr.
1089 2855 1130 2886 fr.
1152 2851 1231 2894 501,
1251 2850 1283 2885 6.
1311 2854 1381 2885 Nec
1418 2853 1455 2887 δὲ
1474 2853 1551 2894 σός,
1574 2852 1627 2886 κεί
1646 2852 1694 2899 μὴ
1713 2852 1770 2889 σός
1791 2850 1891 2885 1323.
1935 2852 1990 2886 κεί
2007 2851 2070 2897 μὲν
2089 2850 2202 2886 δέδοικ
2230 2869 2254 2893 ,-.

369 2907 483 2934 tumen
507 2905 672 2942 perpetua
695 2911 734 2933 ea
756 2901 978 2941 significatio:
1008 2908 1085 2932 nam
1109 2905 1162 2932 est
1178 2902 1299 2941 etiam,
1329 2901 1380 2932 uti
1416 2900 1470 2935 κεί
1494 2900 1542 2946 μὴ
1569 2899 1687 2947 φρένες
1713 2899 1911 2945 διάστροφοι
1935 2898 2068 2946 ἀπῇξαν
2091 2900 2146 2932 Ai.
2169 2891 2251 2937 447·

370 2947 444 2982 καὶ
476 2947 554 2995 γάρ
587 2950 705 2980 etenim
729 2949 972 2989 interpreteris.
1015 2946 1074 2981 καὶ
1100 2945 1144 2992 γά
1189 2942 1274 2992 ἠνίκ7
1301 2941 1378 2992 ἦσθ’
1417 2945 1507 2981 θεῶν
1523 2958 1574 2985 τις.
1591 2946 1724 2992 ἔσβεσεν
1741 2945 1841 2980 1057.
1869 2945 1926 2980 κεῖ
1942 2956 2017 2979 τινα
2033 2947 2175 2992 στρατοῦ

372 2993 461 3037 ἅνω,
491 2993 548 3035 ξὺν
574 2994 626 3028 σοὶ
644 2990 818 3044 &Elyma
835 2999 903 3028 τῶν
922 2993 1006 3028 ἴσων
1023 2995 1076 3028 ΕΙ.
1099 2992 1139 3027 11
1167 2992 1200 3027 7.
1227 2993 1275 3041 χή
1300 2996 1382 3031 ναῦς
1419 2994 1484 3034 ζειν
1503 2992 1605 3027 1396.
1644 2995 1715 3026 Etsi
1742 2995 1908 3034 significat
1931 2995 1968 3026 in
1993 3003 2028 3025 re
2054 2995 2157 3026 facta:
2185 2994 2241 3026 ’κε’

370 3041 437 3123 γὰρ
453 3040 524 3081 ἄξει
541 3042 602 3074 Ph.
623 3039 703 3074 527.
745 3037 818 3099 καὶἱ
829 3040 893 3088 γὰρ
918 3038 1032 3099 ὀρθῶς
1048 3045 1118 3075 τῶν
1134 3052 1171 3088 γε
1190 3045 1258 3098 σῶμ
1274 3039 1384 3101 τελεῖς
1417 3053 1456 3075 τυ
1486 3045 1514 3074 ῶ
1540 3043 1593 3073 Ai.
1620 3038 1698 3074 692.
1741 3040 1795 3074 κεί
1818 3039 1986 3085 βλέποντα
2011 3039 2059 3085 μὴ
2077 3034 2233 3096 γ’πόθουν-

373 3090 532 3169 οῗᾨσὲῗ
535 3086 682 3170 1343AE
696 3087 762 3182 ⁷23}
779 3087 1250 3181 ἷῗῇἑξὲῖυέυξῖόῗῗοσῖηἶῖζ
1271 3086 1384 3181 ωέξῖιῖ
1418 3100 1547 3181 ἷιῖῡΐξς
1559 3085 1892 3180 &gaggis-3823
1910 3086 2124 3178 5325233.
2132 3083 2246 3180 ⁷122&

374 3181 413 3217 ού
435 3182 607 3229 ’γεγήρακε
634 3179 754 3217 σθένος
770 3180 849 3215 726.
892 3181 951 3217 καὶ
978 3181 1042 3228 γὰρ
1067 3181 1084 3216 ὃ
1113 3180 1258 3228 μηδαμὰ
1301 3181 1324 3226 ἡ
1346 3181 1384 3215 τὸ
1420 3181 1481 3216 νέα
1505 3181 1696 3227 παραινέσω
1725 3179 1825 3214 1181.
1871 3182 2011 3213 Etiamsi
2039 3182 2079 3213 de
2106 3188 2143 3213 re
2168 3181 2206 3212 in
2238 3180 2245 3221 Ῑι

372 3228 474 3276 φίλον
500 3228 599 3276 φίλον
628 3226 716 3262 1698
733 3239 777 3262 m.
833 3228 891 3263 καὶ
914 3232 973 3262 νῦν
993 3229 1058 3275 γὰρ
1080 3227 1226 3270 σωθείς,
1256 3227 1384 3275 ὀφείλω
1421 3232 1549 3271 posita:
1586 3227 1639 3262 κεί
1664 3228 1733 3275 χρή
1761 3240 1803 3273 με
1828 3226 2002 3265 παντελῶς
2026 3226 2144 3262 θανεῖν
2168 3224 2225 3259 ΟΒ

373 3278 448 3314 τοῖς
471 3274 566 3313 θεοῖς
584 3273 718 3321 πολλὴν
733 3275 835 3323 χάριν
852 3278 934 3308 Ant.
955 3273 1034 3309 330.
1079 3275 1137 3309 καὶ
1153 3275 1218 3322 γὰρ
1234 3274 1294 3309 οὖν
1311 3274 1386 3309 κεί-
1423 3275 1565 3322 σμικρόν
1592 3275 1662 3309 ἐστι
1679 3267 1789 3308 ”1077.
1834 3274 1887 3308 κεί
1913 3272 2037 3320 βραδὺς
2054 3271 2144 3307 εὕδει
2161 3272 2227 3321 00.
2246 3306 2250 3315 ‚

374 3333 437 3368 νην
460 3321 534 3356 ’ίσον
553 3321 757 3381 ἐπαιτιῶμαι
771 3321 871 3356 τοῦδε
889 3321 1069 3368 βουλεῦσαι
1085 3321 1196 3368 τάφου
1213 3320 1293 3356 489.
1329 3321 1387 3356 καὶ
1423 3317 1496 3356 δείν’
1516 3320 1719 3368 ἐπερρώσθη
1735 3321 1845 3368 λέγειν
1865 3319 1943 3353 661.
1972 3320 2025 3354 κεί
2041 3320 2079 3355 τὸ
2097 3317 2251 3368 μηδὲψ

376 3369 440 3449 γὰρ
467 3367 598 3416 ὑστέρῳ
618 3368 657 3403 τό
674 3382 694 3416 γ
719 3368 756 3403 εὖ
776 3369 955 3415 πράσσειν,
984 3368 1058 3403 ἐπεὶ
1075 3367 1238 3411 πύθοιτο,
1264 3369 1305 3404 κέ
1329 3367 1386 3407 δος
1422 3367 1503 3402 234.
1546 3369 1600 3403 κεί
1624 3369 1672 3415 μη
1700 3367 1739 3402 σὺ
1763 3366 2002 3415 προύκήρυξας
2019 3365 2099 3400 461.
2142 3364 2196 3400 κεῖ
2242 3386 2244 3409 3

398 3414 513 3461 μπολᾷ
531 3418 587 3448 Tr.
608 3412 666 3450 92.
695 3415 753 3450 καὶ
770 3417 833 3463 γὰρ
851 3410 922 3451 οὐδ’
938 3414 1132 3462 ἀνιστόρουν
1152 3415 1285 3463 μακράν
1329 3414 1383 3449 17.
1423 3413 1491 3449 710
1506 3417 1550 3449 al.
1571 3414 1637 3461 κῆν
1656 3427 1687 3448 ν.
1709 3414 1749 3449 εἰ.
1791 3414 1846 3450 κεί
1873 3414 1923 3460 μὴ
1943 3413 2034 3448 δοκῶ
2053 3425 2104 3448 σοι
2122 3415 2173 3446 El.
2201 3413 2229 3441 0*ss
2244 3444 2255 3461 ἶ,
