2288 3600
104 6 179 25 ,ΓΤ-κ..)
209 0 243 21 ‹¹²²›
252 0 322 17 3⁷³1¹⁴⁸¹⁸
343 0 355 12 '⁷
384 0 422 18 ¹¹⁷*
441 0 446 6 ’
472 0 476 2 .
600 10 602 17 ¹
624 0 662 22 ἦν’
675 0 685 16 ’Ῑ

83 27 85 35 ι
115 34 133 41 .„
168 26 169 29 ι
214 32 218 39 s
242 23 262 37 ,³
327 28 329 33 v
633 21 657 35 ¹.

30 106 329 201 §.om-eos.)

26 250 58 281 Ὺ
114 251 280 302 &literne
315 253 394 300 ἐμοὶ
420 253 559 302 ἐχίδνης
585 256 681 296 lonye
714 257 934 288 inimicissimi
958 264 1019 286 an-

84 326 93 335 .
121 302 165 336 cf.
191 299 436 349 παγκάκιστος,
465 299 676 340 πανύστατος
702 305 738 335 et
753 303 787 335 h.
809 311 836 334 s.

36 367 53 372 -·
64 345 102 382 ¹4.
121 349 324 381 Locutiones
342 349 555 382 notabiliores
572 349 648 382 aliis
663 350 744 382 locis
759 351 827 382 iam
843 349 1018 390 appositae

24 393 31 439 j
119 394 157 442 ἐς
182 393 288 430 πλέον
311 399 401 429 ποιῶ
417 405 478 437 pro
504 398 554 428 cio
585 395 644 428 OB
659 393 739 437 918,
769 397 824 428 cui
849 394 950 430 οὐδὲν
974 393 1018 441 ἣν

24 443 38 486 1
83 445 185 478 νῦιοιν
209 439 316 476 πλέον
340 443 424 475 Ant.
443 439 466 475 2
490 440 513 475 8
542 446 703 484 tanquam
719 444 892 485 passivum
915 451 1019 484 appo-

26 490 168 524 ἰ-νιιιω.
212 487 317 524 πλέον
351 488 464 544 φέρειν
498 490 620 522 lucrari
660 490 720 523 ΟΒ
747 487 837 523 1189
862 489 914 522 oh.
956 490 1017 523 τοῦ

71 534 468 621 ᾞονμῗέᾋέῖέἔὲἐέ
500 546 616 618 ζῖἕέἐῗ.
632 546 751 616 ᾚῖἧ
767 533 945 616 ιῖἵιὲἓὲῖ
962 537 1018 616 3¹0⁴

4 629 55 678 ξι·
74 626 99 662 9
113 630 166 664 ch.
194 641 226 664 v,
253 631 370 663 Herm.
396 628 502 664 πλέον
521 633 659 677 φρονεῖν
683 633 804 663 rectius
829 639 943 671 sapere
959 630 1019 662 ad-

3 692 59 719 ,ῃ
79 678 191 711 iflcata
206 678 381 710 miratione
397 679 584 710 dubitantis
602 678 664 711 Pb.
683 675 764 710 818.
793 679 837 711 cf.
853 678 969 710 Herm.

74 726 118 758 V.
146 725 198 757 De
222 724 343 765 forma.
372 725 518 757 notanda
542 725 646 758 forma
670 722 836 759 πολλόν
853 734 912 767 pro
929 722 1019 758 πολύ

2 772 279 804 “vermescente
310 773 394 805 Ant.
413 768 472 812 86,
508 772 597 813 quod
625 772 720 805 Pors.
752 773 794 804 ad
821 772 903 804 Hec.
934 768 1015 804 624.

24 817 34 824 ”
73 828 122 851 m
139 820 380 860 circumspecte
396 819 432 850 in
452 816 586 863 μᾶλλον
605 823 664 851 aut
680 816 800 853 πλεῖον
818 819 1018 852 mutandum

55 866 159 907 usuit,
188 866 336 898 firmavit
351 870 465 898 autem
483 866 579 906 Erf.;
615 867 742 908 quippe
764 875 824 907 pro
841 863 948 900 πολύν
972 867 1019 898 ita

24 966 27 1005 j
45 975 49 980 ·
68 975 71 985 =
96 963 156 992 aut
171 960 272 992 metri
289 970 390 992 causa
405 961 474 992 ullo
491 960 589 992 modo
613 961 772 992 substitui
788 962 907 1001 possit,
935 961 1021 1001 legi-

43 1020 47 1034 ι
83 1006 138 1040 Tr.
169 1003 271 1039 1196.
300 1008 343 1040 of.
373 1007 504 1040 Schaef.
535 1007 577 1039 ad
602 1007 738 1048 Gregor.
768 1007 842 1040 Gor.
872 1017 906 1049 p.
934 1004 1014 1040 395.

2 1065 5 1090 ζ
30 1091 32 1093 ,
62 1051 209 1089 Ἰιιλέων
226 1063 285 1095 pro
301 1051 441 1087 πολλῶν
475 1055 555 1086 adeo
575 1055 761 1087 solitarium
787 1059 825 1087 ut
850 1056 1020 1095 corrigen-

36 1105 78 1129 '····
102 1101 283 1141 videretur,
312 1102 486 1142 legebatur
514 1102 548 1133 in
572 1102 738 1142 particula
762 1103 840 1134 olim
864 1102 904 1134 ad
930 1102 1019 1134 Tha-

30 1143 47 1177 ’ἰ
63 1166 89 1180 ,».
109 1149 150 1182 fr.
169 1144 250 1189 230,
271 1145 293 1180 3
319 1145 425 1192 [nunc
441 1159 461 1180 a
476 1149 683 1181 Kirchhofflo
707 1150 747 1181 ad
773 1150 887 1189 cyclici
905 1150 1021 1181 cuius-

37 1185 73 1235 ξη-
93 1204 225 1227 carmen
238 1199 329 1228 recte
342 1195 470 1237 relata.]
493 1193 660 1237 πλέων,
688 1194 825 1236 πλέω,
854 1193 1019 1234 πλέους

66 1274 69 1278 .
90 1239 237 1283 πλείων,
266 1239 396 1283 πλείω,
432 1240 571 1280 πλείους
604 1244 694 1276 dicta
718 1244 922 1285 reprehensa
939 1244 1019 1278 Por-

41 1287 86 1323 lio
100 1287 159 1334 (ad
174 1289 301 1322 Phoen.
326 1287 448 1333 1388.)
464 1291 505 1322 ab
519 1291 643 1323 Atticis
660 1291 872 1324 abiudicabat
889 1291 1015 1332 Reisig.

42 1375 45 1382 .
67 1337 223 1371 coniectt.
250 1337 424 1380 Aristoph.
452 1346 486 1379 p.
507 1334 572 1377 43;
603 1338 661 1370 sed
685 1342 723 1369 ut
746 1335 865 1371 πλέω
892 1338 1016 1371 Aesch.

43 1390 74 1428 ,ff
91 1379 180 1422 1299
196 1384 325 1416 incerta
349 1384 414 1417 flde
431 1393 507 1417 esse
525 1384 714 1424 concedam,
744 1382 904 1423 πλέους
929 1389 1018 1418 certe

39 1431 92 1471 ..mi
107 1431 172 1464 sibi
198 1434 265 1463 non
281 1431 430 1472 patietur
446 1431 625 1473 Sophocles
650 1432 706 1463 Tr.
727 1429 808 1473 944,
837 1433 925 1474 quod
942 1442 1019 1464 cum

137 1474 278 1515 πλείους
302 1478 466 1520 scriptum
491 1483 599 1520 esset,
630 1483 664 1511 et
687 1480 728 1512 ab
746 1480 844 1512 Eust.
872 1480 919 1511 ita
944 1480 1018 1512 lau-

68 1532 106 1566 ‘pr
121 1535 156 1566 p.
176 1521 259 1566 801,
282 1522 313 1558 1.
343 1526 511 1566 Reisigius
537 1536 574 1559 ει
598 1526 847 1568 diphthongum
865 1526 1020 1560 inaudita

50 1573 209 1614 ᾙΡιίοιιο
234 1572 323 1605 affici
349 1573 431 1605 vult.
463 1572 577 1615 [Dind.
608 1574 728 1606 leviter
749 1574 926 1607 immutato
950 1574 1020 1607 loco

48 1633 51 1658 j
67 1629 143 1658 ους
159 1620 321 1652 retinuit:
351 1617 478 1657 πλέους
495 1620 620 1654 habent
637 1620 765 1663 apogr]

44 1683 343 1736 Πολυστᾶφῦ
354 1687 428 1728 λος
445 1692 519 1722 umis
535 1689 645 1730 feram.
679 1686 900 1737 Ὁμηρικῶςε
930 1689 1019 1725 ἀκτὰ

69 1749 80 1760 ν
97 1755 101 1762 ι
133 1734 264 1783 άφυλος
279 1738 361 1770 Ant.
385 1734 475 1770 1133
492 1738 544 1770 ch.
590 1738 690 1770 Tricl.
717 1736 1015 1784 πουλυστάφυλος.

47 1802 188 1845 ῗΠολυ
199 1817 247 1840 στ
258 1818 274 1841 ε
286 1806 341 1854 φή
353 1819 369 1846 ς
387 1811 574 1842 coronatus.
603 1806 642 1842 ού
661 1807 725 1856 γὰρ
742 1805 783 1843 ἂν
800 1807 892 1854 κάρα
908 1806 1019 1843 πολυ-

144 1847 204 1888 ὦδ’
219 1852 316 1901 εἷρπε
334 1854 540 1902 παγκάρπου
560 1853 693 1902 δάφνης
711 1855 770 1888 OR
785 1853 842 1889 83.

60 1923 67 1955 '.
113 1910 162 1947 ολ
172 1910 191 1947 ύ
201 1923 220 1946 σ
231 1924 305 1947 τον
317 1924 335 1947 ο
350 1925 366 1952 ς
390 1915 514 1947 multos
526 1916 668 1954 yemitus
684 1917 782 1947 ciens.
819 1914 882 1961 τὴν
907 1913 1019 1949 πολύ-

54 1962 96 1989 ”a
137 1957 263 2008 Τροίαν
290 1961 351 1993 Ph.
376 1957 478 1995 1346.
505 1962 649 1993 multum
667 1971 810 2002 yemens.
847 1961 897 2009 μή
917 1961 950 1996 τί
974 1973 1017 2007 με

3 2026 7 2041 ;
61 2015 210 2042 Γστονον
236 2004 294 2041 ὧδ’
319 2005 399 2042 ἰδών
426 2008 482 2040 El.
503 2005 593 2040 1275
610 2019 656 2041 m.
688 2009 804 2052 [Dind.
824 2007 878 2054 ut]
898 2010 1014 2043 Herm.

56 2054 136 2097 bod.
163 2055 236 2087 Ien.
266 2052 460 2089 πολύπονον
486 2057 620 2098 scripsit
638 2057 767 2089 scilicet
785 2058 884 2090 metri
901 2067 1012 2090 causa.

51 2099 63 2140 ,ξ
87 2102 162 2134 eius
178 2103 215 2134 in
232 2102 336 2143 epodo
353 2112 472 2143 magna
487 2103 704 2136 incertitudo.

62 2163 390 2221 ὀλύσχιστος
414 2174 506 2205 varie
538 2173 693 2206 discissus
726 2175 749 2206 i.
786 2184 817 2207 e.
852 2173 1013 2208 diversus.

59 2262 73 2292 ἶ
96 2267 263 2308 scriptura
280 2264 500 2314 πολυσχὶστῳ
517 2269 696 2300 emendata
713 2270 752 2301 ab
770 2269 927 2301 Heathio.

56 2342 64 2378 ᾗ
72 2327 107 2379 Π
116 2345 137 2369 ο
147 2333 168 2370 λ
177 2333 252 2370 ύτλ
261 2349 282 2371 α
291 2349 308 2375 ς
323 2339 431 2370 mama
443 2347 626 2379 perpessus.
663 2336 835 2377 πολύτλας
853 2337 941 2385 ἀνήρ
958 2341 1013 2372 Ai.

79 2383 142 2435 cli.
170 2383 289 2418 Ulixes
307 2389 359 2417 est
383 2383 401 2418 ὁ
417 2382 651 2431 ταλασίφρων.

63 2431 366 2489 ff'oiunpiopoc
383 2443 489 2476 cladis
507 2444 639 2484 plenus.
666 2441 690 2488 ἡ
709 2441 932 2491 πολύφθορος
950 2455 1020 2478 πα-

193 2548 209 2571 ε
227 2538 281 2569 El.
305 2535 358 2572 10.
390 2536 455 2570 Sed
473 2535 506 2571 οἱ
522 2536 650 2583 πολύφι
664 2549 739 2583 οροι
758 2538 848 2578 Scyr.
870 2541 912 2571 fr.
933 2536 1015 2580 499,

725 2634 896 2666 videbitur
913 2635 1020 2674 signi-

715 2678 765 2724 (11
782 2691 817 2723 p.
838 2677 918 2722 605,
942 2678 1019 2725 15.)

19 2776 21 2780 ,
77 2734 198 2776 ,ολύ
240 2747 302 2784 ειρ
331 2739 566 2770 multimanus.
622 2736 670 2778 ξει
685 2737 746 2772 καὶ
768 2736 944 2777 πολύπους
961 2737 1020 2781 καὶ

15 2799 21 2826 3
75 2782 173 2839 [geist
244 2811 251 2818 .
268 2810 298 2818 ..
319 2778 453 2830 Ἐρινύς
492 2785 547 2818 El.
577 2782 600 2817 4
665 2786 717 2819 ch.
746 2789 781 2818 et
805 2787 952 2818 celeritas
985 2791 1019 2818 et

15 2863 23 2887 ἶ
82 2863 87 2868 ,
112 2838 138 2857 ³³
155 2845 163 2860 s
182 2833 333 2874 ultionis,
362 2842 462 2873 quam
480 2841 577 2864 nemo
596 2833 748 2874 effugiat,
771 2834 990 2874 significatur.

16 2890 31 2914 '⁷‘
75 2877 102 2933 l⁵
119 2893 197 2935 ολύ

11 2960 29 2998 3.,
62 2950 122 2998 31³4
137 2948 195 2981 ΟΒ

56 3003 101 3054 Ἥ
121 3014 292 3052 niuem&
304 3031 383 3065 μος
407 3021 516 3054 multa
539 3022 677 3055 nomina
703 3020 832 3053 habens.
878 3019 1017 3055 πολυώ-

66 3089 116 3123 ²‚
157 3060 336 3122 Καδμείοις
367 3065 508 3113 ἄγαλμα
537 3064 675 3122 νύμφας
719 3067 800 3123 Αυιη.
839 3065 928 3123 1115
962 3069 1014 3122 ch.

151 3114 342 3155 appellatio.
369 3114 424 3146 Ad
441 3115 556 3155 Lyaei,
587 3115 680 3155 Eun,
708 3115 1019 3156 Dlthyramb1,alla

24 3191 26 3195 ,
82 3165 108 3202 41».
123 3172 139 3186 ·⁶
150 3159 205 3198 ‘na
219 3161 343 3203 respici
359 3165 473 3193 monet
489 3161 590 3194 schol.

93 3226 176 3297 223.
184 3229 224 3298 vlt)
218 3220 263 3298 οὲῖ
258 3229 295 3298 ορ)
300 3229 316 3256 ς
333 3220 516 3298 οοηιίιαιρῦ.
546 3221 722 3299 ποῐξέιῧαῖιον
735 3213 1018 3299 ᾉΕιρμῆῖὶχὲόνον

88 3289 217 3351 aar
235 3313 279 3345 ad
294 3275 486 3345 ξιέῗῗῖῗι.
509 3276 605 3345 2323..
635 3276 782 3346 ἔῃὶῃῖη.
805 3275 1018 3346 Tim&

95 3359 133 3402 'J
152 3372 167 3385 ··
197 3369 231 3401 p.
252 3357 306 3392 10.
334 3358 392 3393 τὸν
408 3358 643 3407 ψυχοπομπόν
661 3360 810 3402 explicat
826 3360 1014 3393 scholiasta.

142 3406 220 3440 tono
239 3417 272 3439 v.
293 3403 450 3453 ἀρχαῖος.

58 2619 59 2622 ¹
75 2647 90 2670 ;=
101 2639 135 2663 m
145 2632 383 2664 audacissimos
396 2636 431 2664 et
447 2632 535 2664 cladi
547 2634 709 2673 expositos

205 2900 288 2982 2}th
301 2912 346 2936 σο
358 2913 374 2940 ς
400 2911 482 2934 auro
499 2902 600 2935 dives.
629 2905 690 2941 τᾶς
707 2901 928 2949 πολυχρύσου
947 2900 1019 2938 Πυ-

235 2947 275 2982 51
297 2950 347 2982 ch.
383 2945 554 2994 Μυκήνας
570 2947 631 2988 τὰς
649 2947 887 2997 πολυχρύσους
905 2951 960 2983 El.
981 2948 1014 2983 9.

69 2237 71 2240 .
104 2216 280 2258 κελεύθων
299 2218 334 2253 έν
352 2217 590 2267 πολυσχίστων
609 2219 670 2267 μιᾷ
695 2220 750 2254 OC
771 2218 872 2254 1592·
901 2222 1018 2254 Lib1'0·
1033 2265 1035 2278 Ι
1053 2234 1207 2266 πονοῦσα
1221 2225 1251 2264 τ’
1275 2229 1407 2277 ἀλγεῖν,
1434 2230 1494 2265 καὶ
1516 2225 1651 2277 λέγουσ’
1667 2229 1768 2269 αὖθις
1792 2230 1894 2266 πάλιν
1911 2232 1966 2265 OC
1985 2229 2064 2265 364.

72 2606 96 2611 ,-
130 2585 367 2617 mercatoribus
394 2594 522 2617 merces
551 2589 586 2617 et
614 2587 717 2618 vitam
746 2587 1036 2627 periclitantibus*

755 137 1114 204 Πολυστάφυλος
1141 166 1204 182 -.-
1237 137 1401 186 Πονέω

58 922 171 954 neque
203 914 238 945 id
254 922 366 954 neque
382 913 475 945 aliud
492 913 676 955 quidquam
703 917 761 945 aut
778 917 914 955 propter
938 922 1017 945 sen-
1054 910 1074 957 ἶ

1036 1470 1038 1477 r

1964 136 2063 186 643

1126 251 1156 288 Π
1168 265 1186 288 ο
1205 265 1224 286 s.
1234 264 1258 286 π
1269 264 1284 287 ε
1294 251 1313 287 ύ
1324 265 1353 287 ω
1378 254 1566 286 comitantis
1587 257 1618 285 et
1642 255 1755 286 nuntii
1771 253 1882 295 officio
1895 263 2061 295 praesum.

1055 298 1153 346 εἴπερ
1171 265 1300 346 ’ἑρμοῦ
1315 298 1417 345 τήνδε
1435 297 1605 345 πομπεύω
1618 299 1742 346 τέχνην
1757 298 1895 346 βέβαιον
1914 301 1970 333 Tr.
1983 296 2062 333 620.

1054 349 1094 380 ln
1112 349 1248 381 brevius
1266 351 1431 380 contracta
1447 348 1631 388 sententia,
1652 357 1751 388 quam
1764 349 1867 380 talem
1880 358 1954 380 esse
1967 357 2065 389 opor-

1055 396 1166 427 tebat:
1195 393 1224 427 εἰ
1251 393 1389 439 πομπὸς
1415 393 1462 427 ὢν
1481 391 1616 439 ἐκείνην
1641 393 1704 438 τὴν
1718 390 1851 441 Ἑρμοῦ
1867 394 1992 442 τέχνην
2009 405 2067 428 πι-

1056 444 1143 480 στῶς
1161 439 1354 489 διαπράττω
1373 451 1399 473 s.
1422 438 1596 488 φυλάττω.

1126 497 1155 534 Π
1167 498 1184 534 ό
1196 511 1255 545 μπ
1266 494 1370 545 ἵμος
1396 499 1565 532 adducens
1591 510 1617 531 s.
1637 509 1846 542 prosequens.
1875 497 2067 545 πομπίμοις

1054 547 1188 585 κώπαις
1206 545 1354 593 ἐρέσσων
1373 547 1429 578 Tr.
1442 543 1522 579 560.
1545 545 1609 578 Sed
1623 548 1754 589 passive
1769 547 1898 580 dictum
1915 549 1956 579 de
1968 549 2068 580 misso

1054 598 1172 628 κακῶν
1197 592 1298 640 ἧρξεν
1322 592 1361 628 τὸ
1386 591 1497 638 δῶρον
1522 588 1692 639 (Ηρακλεῖ
1715 592 1752 627 τὸ
1779 592 1957 640 πόμπιμον
1982 591 2063 626 872.

1055 642 1343 674 Distinctionibus
1355 641 1411 673 hic
1425 641 1528 672 nullis
1541 650 1638 682 opus,
1659 642 1819 673 struenda
1835 645 1950 673 autem
1969 643 2068 674 verba

1053 687 1092 722 τὸ
1110 687 1221 735 δῶρον
1238 687 1276 723 τὸ
1293 686 1472 732 πόμπιμον
1489 683 1658 733 Ἡρακλεῖ
1678 689 1757 720 olim
1774 689 2049 728 significavimus.

1126 754 1184 792 Πο
1197 756 1306 802 μπός
1340 760 1396 798 qui
1418 759 1646 798 prosequitur,
1684 758 1839 798 adducit,
1876 761 2063 799 comitatur,

1054 807 1199 838 nmitiat.
1236 803 1373 849 πομπὸς
1399 804 1446 839 ὤν
1474 805 1530 836 Tr.
1558 801 1638 836 617.
1676 806 1796 838 Lichas
1821 810 1856 838 et
1872 806 1960 847 quod
1977 816 2067 838 nun-

1054 852 1124 884 tius
1140 856 1176 884 et
1194 853 1402 893 captivarum
1419 861 1527 884 comes
1545 856 1694 890 venerat,
1714 852 1848 886 dicitur.
1867 871 1908 878 --
1929 851 2069 898 ἔπεμψα

1076 898 1118 945 <lap
1135 897 1276 936 διπλοῦς
1293 897 1453 943 πομπούς
1470 899 1527 930 ΟΒ
1544 895 1626 931 289.
1655 901 1866 932 arcessituros
1891 900 2065 933 Tiresiam.

1053 947 1106 992 αρ’
1122 943 1164 980 ἄν
1180 956 1230 983 τις
1248 943 1344 991 αὐτῷ
1360 944 1498 990 πομπὸς
1517 944 1552 984 ἐξ
1571 942 1666 990 ὑμῶν
1686 944 1807 990 μόλοις
1827 945 1949 980 0070.
1979 948 2068 979 The-

1055 1003 1172 1035 seum3
1201 1002 1267 1026 non
1294 994 1483 1025 necessario
1507 993 1547 1025 de
1571 995 1691 1026 nuntio
1716 994 1931 1035 intelligitur.
1959 993 2011 1032 τὶς
2029 993 2069 1028 ἐκ

1055 1038 1146 1075 θεῶν
1164 1038 1304 1085 πομπός
1323 1037 1425 1072 1661.
1453 1037 1544 1084 ὑμᾶς
1571 1033 1599 1072 δ’
1623 1039 1692 1086 ἐγὼ
1709 1043 1897 1085 πομποῖσιν
1923 1039 1964 1075 ἐκ
1980 1040 2070 1075 πάν-

1053 1099 1122 1122 των
1153 1085 1234 1134 δίχα
1261 1083 1382 1120 ἔστειλ’
1412 1083 1544 1120 ἱκέσθαι
1573 1087 1654 1119 Ant.
1679 1084 1755 1120 164.
1787 1105 1828 1112 —
1854 1087 1902 1126 εἰς
1935 1087 1972 1121 σὲ
2004 1087 2069 1135 γὰρ

1055 1133 1194 1180 πομπόν
1211 1145 1248 1168 τε
1264 1131 1391 1168 καύτὸν
1409 1131 1553 1179 ἄγγελον
1571 1131 1649 1178 ἥκω
1667 1135 1727 1167 Ph.
1743 1132 1822 1168 500,
1844 1140 1960 1177 sperat
1977 1137 2068 1168 enim

1055 1183 1096 1214 ad
1113 1182 1372 1223 Neoptolemum
1390 1190 1464 1213 sese
1487 1183 1523 1213 in
1541 1182 1714 1214 Graeciam
1738 1182 1916 1215 devectum
1942 1184 1998 1216 iri.
2025 1202 2067 1208 -

1054 1226 1159 1263 ἆσσον
1177 1227 1316 1276 ἔρχεται
1338 1224 1461 1273 Κρέων
1486 1222 1537 1262 ὅδ’
1553 1225 1639 1273 ἡμῖν
1666 1227 1730 1262 οὐκ
1746 1227 1826 1263 ἄνευ
1844 1234 1994 1274 πομπῶν
2010 1230 2067 1263 OC

1055 1273 1136 1309 723.
1165 1277 1322 1308 satellites
1338 1279 1433 1308 sunt.
1456 1293 1497 1299 —
1526 1275 1615 1308 Hinc
1635 1275 1789 1309 Mercurii
1814 1279 2012 1310 internuntii
2035 1283 2070 1310 et

1054 1325 1195 1363 comitis,
1223 1324 1379 1364 inprimis
1396 1323 1439 1355 ad
1455 1324 1582 1355 inferos
1600 1324 1800 1356 abeuntium
1818 1333 1999 1365 cognomen
2017 1330 2070 1357 est

1054 1365 1188 1417 Ἑρμῆς
1206 1369 1224 1404 ὁ
1243 1368 1382 1414 πομπός
1400 1369 1456 1403 00
1476 1367 1578 1402 1548.
1600 1380 1631 1403 v.
1653 1381 1680 1402 s.
1701 1373 1888 1415 πομπαῖος.
1907 1389 1948 1396 -
1969 1372 2068 1404 Com-

1055 1419 1203 1459 ponendi
1221 1427 1298 1450 cum
1315 1418 1392 1449 aliis
1410 1418 1564 1449 vocabuli
1582 1419 1712 1450 ratione
1730 1428 1837 1450 unum
1855 1420 2069 1452 memorabile

1055 1466 1251 1507 exemplum
1269 1467 1322 1497 est
1347 1461 1429 1498 ὁδοῦ
1454 1462 1641 1510 κατάρχειν
1663 1467 1727 1510 τῆς
1752 1464 1837 1505 ἐκεῖ,
1867 1465 2005 1511 πομπὸν
2031 1465 2069 1500 δέ

1057 1523 1099 1557 με
1124 1514 1252 1559 χωρεῖν
1281 1522 1326 1544 sc.
1355 1509 1559 1556 προστάσσω
1586 1522 1638 1545 σοι
1667 1511 1722 1544 OC
1750 1510 1850 1545 1019.
1896 1514 2068 1546 Librorum

1056 1560 1139 1591 hanc
1165 1560 1315 1591 omnium
1340 1559 1542 1600 scripturam
1567 1559 1683 1591 Herm.
1712 1561 1747 1591 in
1774 1554 1802 1592 δ’
1838 1557 1902 1604 ἐμέ
1925 1562 2070 1593 mutavit

1035 1626 1038 1652 5
1056 1605 1275 1640 Schaeserum
1291 1608 1326 1638 in
1340 1607 1540 1648 explicando
1553 1610 1706 1646 secutus,
1726 1616 1784 1647 eqo
1800 1617 1875 1639 vero
1892 1608 1952 1640 tibi
1963 1618 2070 1640 eomes

1036 1654 1037 1661 ¹
1055 1663 1124 1686 esse
1141 1655 1238 1693 voto;
1281 1663 1369 1695 quae
1386 1658 1422 1685 et
1438 1653 1622 1687 durissima
1646 1655 1729 1686 ratio
1755 1659 1818 1695 est,
1849 1664 1926 1686 cum
1944 1657 2070 1687 subau-

1033 1818 1038 2034 1

1055 1701 1122 1732 diri
1147 1711 1190 1733 ex
1214 1698 1418 1746 προστάσσω
1443 1710 1530 1742 opus
1546 1701 1592 1733 sit
1609 1698 1790 1745 βούλομαι,
1813 1706 1847 1734 et
1863 1711 1931 1734 non
1949 1712 2068 1735 neces·
2135 1728 2137 1731 .

1055 1750 1142 1780 saria
1159 1750 1329 1788 correctio,
1358 1757 1436 1780 cum
1452 1748 1518 1780 iam
1535 1748 1606 1780 Ers.
1635 1752 1725 1781 recte
1744 1750 1959 1791 perspexerit
1974 1760 2070 1795 πομ-

1035 1811 1037 1815 ⁴
1054 1793 1131 1835 πός,
1175 1799 1214 1828 ut
1232 1797 1344 1828 solent
1359 1795 1518 1835 verbalia,
1546 1804 1624 1827 cum
1641 1797 1830 1828 accusativo
1845 1797 1930 1838 dici3
1959 1799 2070 1838 ipsum

1054 1844 1147 1875 enim
1166 1843 1337 1875 Creontem
1360 1842 1421 1874 sibi
1442 1846 1710 1882 praemonstrare
1734 1845 1825 1875 viam
1842 1844 1994 1877 Theseus
2011 1846 2067 1877 iu-

1053 1890 1123 1922 bet.
1159 1889 1254 1929 Quod
1280 1890 1395 1922 Herm.
1422 1891 1490 1929 ait,
1518 1890 1566 1921 sic
1586 1890 1841 1935 emendandum
1857 1892 1926 1923 fore
1951 1889 1990 1925 τέ
2009 1902 2066 1936 με,

1053 1937 1088 1969 id
1105 1946 1168 1969 nec
1185 1938 1369 1970 violentius
1394 1937 1452 1969 illo
1470 1940 1542 1977 est,
1572 1937 1662 1978 quod
1679 1938 1745 1979 ipsi
1763 1938 1901 1979 placuit,
1930 1942 1967 1971 et
1985 1939 2067 1971 satis

1055 1985 1242 2016 refutatum
1266 1985 1302 2016 in
1319 1995 1352 2017 v.
1372 1981 1422 2017 δέ.
1463 1984 1588 2016 Mirum
1607 1987 1722 2019 antem
1745 1985 1786 2017 de
1812 1985 1873 2018 hac
1896 1987 2069 2018 sententia

1033 2041 1035 2047 ⁴
1054 2031 1209 2064 Elmsleii
1225 2032 1400 2071 iudicium,
1443 2029 1589 2075 πομπόν
1604 2048 1645 2054 -
1664 2042 1707 2077 με
1725 2032 1866 2073 durum,
1897 2032 2066 2065 Schaeseri

1053 2080 1220 2113 rationem
1246 2079 1434 2111 absimilem
1461 2087 1540 2110 vero
1558 2079 1641 2119 rati,
1669 2082 1706 2111 et
1729 2080 1769 2112 ad
1787 2080 1925 2112 Heathii
1951 2081 2069 2113 conie-

1053 2130 1182 2160 cturam
1199 2124 1338 2171 πομπὸν
1356 2123 1395 2158 δέ
1412 2136 1471 2170 μοι
1490 2126 1646 2158 revoluti.

1125 2180 1286 2218 Πονέω.
1315 2184 1330 2227 ΙΙ
1354 2184 1465 2216 laboro
1482 2186 1505 2216 i.
1526 2193 1557 2216 e.
1586 2183 1729 2216 laborem
1745 2185 1863 2225 habeo,
1893 2186 2064 2218 universe.

1055 2274 1123 2312 οὐδ’
1151 2277 1183 2312 εἰ
1206 2281 1306 2312 πονεῖ
1327 2289 1397 2319 τις,
1427 2276 1480 2312 δεῖ
1503 2277 1609 2312 πόνου
1635 2277 1779 2325 μνήμην
1805 2278 1897 2326 ἔχειν
1921 2276 2001 2312 509.
2031 2278 2068 2313 ὃν

1052 2324 1229 2370 (ἔπαινον)
1250 2324 1431 2370 κομίζετον
1456 2320 1549 2359 τοῦδ’
1574 2323 1636 2359 άνὸ
1660 2325 1697 2363 ὸς
1714 2325 1767 2364 οἷς
1785 2328 1943 2360 πονεῖτον
1964 2324 2064 2359 1412.

1034 2411 1036 2414 .
1053 2372 1076 2419 ἧ
1094 2372 1153 2407 καὶ
1169 2373 1255 2418 πρὸς
1271 2372 1390 2419 καιρὸν
1407 2376 1502 2406 πονῶ
1516 2385 1522 2414 ;
1551 2374 1606 2405 Ai.
1649 2370 1684 2406 8.
1713 2371 1813 2411 ὅσους
1838 2372 1993 2418 πονήσας
2009 2373 2068 2407 καὶ

1034 2418 1236 2459 ’διεξελθὼν
1264 2418 1389 2457 πόνους
1406 2417 1578 2454 ἀθάνατον
1604 2417 1730 2466 ἀρετὴν
1757 2419 1859 2468 ἔσχον
1877 2421 1938 2453 Ph.
1963 2418 2063 2462 1419,

1034 2476 1036 2487 ·
1055 2468 1143 2509 quod
1162 2477 1269 2500 unum
1286 2469 1387 2499 activi
1405 2471 1458 2499 est
1473 2471 1569 2499 extra
1592 2469 1781 2509 praesentis
1809 2470 1931 2500 formas
1950 2478 2067 2500 exem-

9 2485 16 2536 }
55 2496 116 2544 'Ae
131 2486 282 2571 ἓξέαλία
298 2491 355 2523 Tr.
375 2487 456 2523 478.
485 2488 646 2536 πολύφθο
670 2490 707 2525 όν
731 2502 768 2525 τε
786 2490 888 2536 δῶμα
905 2489 1018 2526 Πελο-
1034 2497 1036 2504 “

1054 2516 1160 2556 plum.
1197 2516 1250 2547 De
1274 2516 1403 2555 figura,
1431 2524 1519 2556 quae
1540 2516 1652 2556 inest,
1681 2525 1713 2547 V.
1739 2516 1880 2547 Lobeck.
1916 2525 2064 2556 monogr.

1055 2564 1110 2603 fig.
1139 2572 1187 2602 gr.
1215 2563 1269 2594 ed.
1293 2559 1394 2594 1832.
1424 2572 1459 2604 p.
1479 2559 1512 2593 6.
1541 2559 1623 2599 τοὺς
1648 2563 1837 2600 πονοῦντας
1854 2560 2003 2608 ὠφελεῖν
2021 2564 2063 2595 fr.

1054 2611 1120 2641 inc.
1142 2606 1221 2642 661.
1245 2626 1286 2633 —
1306 2609 1490 2650 Speciatim
1507 2609 1550 2641 de
1566 2611 1733 2641 aerumnis
1750 2614 1784 2641 et
1805 2610 1937 2642 morbo:
1964 2607 1986 2642 ἃ
2003 2620 2067 2643 πο-

1053 2658 1106 2690 νεῖ
1130 2654 1211 2702 ὃίχα
1231 2654 1436 2701 κηδεμόνων
1455 2656 1515 2688 Ph.
1540 2652 1605 2688 195
1622 2665 1676 2687 an.
1709 2656 1752 2688 de
1768 2657 1926 2689 vulnere:
1952 2660 2068 2690 πονῶν

1053 2700 1203 2748 πλευρὰν
1221 2702 1328 2749 πικρᾷ
1338 2701 1485 2750 γλωχῖνι
1510 2703 1566 2735 Tr.
1588 2700 1668 2736 680.
1689 2704 1732 2735 de
1749 2704 1940 2745 serviendo:
1966 2701 2068 2750 Λυδῇ

1054 2749 1187 2796 γυναικί
1215 2749 1297 2795 φασί
1325 2761 1374 2783 νιν
1404 2748 1520 2794 λάτριν
1549 2752 1666 2783 πονεῖν
1685 2750 1741 2784 Tr.
1763 2748 1819 2783 70.
1845 2770 1880 2774 -
1904 2751 1918 2793 ΙΙ
1934 2761 2068 2792 operam

1054 2799 1133 2830 dare
1149 2801 1184 2830 et
1199 2800 1373 2838 suscipere.
1401 2795 1425 2841 ἦ
1452 2791 1554 2830 πάνθ’
1571 2794 1678 2842 ὁμοῖα
1703 2799 1770 2835 πᾶς
1788 2796 1875 2844 ἀνὴρ
1892 2796 1985 2844 αὐτῷ
2001 2809 2066 2831 πο-

1053 2847 1107 2878 νεῖ
1130 2845 1185 2877 Ai.
1211 2841 1310 2876 1369.
1340 2846 1381 2876 cf.
1401 2845 1481 2876 Lob.
1510 2844 1573 2876 Est
1589 2847 1699 2876 facere
1712 2871 1719 2885 ,
1748 2846 1835 2886 quod
1851 2847 1969 2886 cuique
1986 2855 2068 2877 con-

1054 2888 1250 2924 sehmneum
1267 2893 1320 2923 sit.
1349 2890 1400 2936 τῷ
1426 2889 1490 2937 γάρ
1515 2902 1559 2935 με
1589 2889 1721 2936 μᾶλλον
1747 2890 1858 2933 εἰκός,
1887 2889 1910 2937 ἢ
1938 2886 2070 2938 ’μαυτῷ

1054 2940 1190 2979 πονεῖν;
1223 2935 1325 2971 1367.
1354 2936 1432 2971 ὅσον
1455 2948 1500 2984 γρ
1543 2940 1617 2976 τοῖς
1642 2936 1789 2984 ἀρίστοις
1815 2936 1974 2984 ἀνδράσιν
2000 2950 2067 2973 πο-

1053 2988 1124 3019 νεῖν
1153 2983 1296 3030 βροτούς
1322 2982 1423 3017 1380.
1451 2978 1521 3031 τῷδ
1555 2982 1652 3032 ἀνδρὶ
1673 2989 1787 3018 πονῶν
1808 2983 1897 3018 1415
1914 2996 1968 3018 an.
1997 2989 2068 3018 eius

1053 3034 1162 3073 qratia
1179 3033 1322 3064 laborem
1337 3035 1496 3072 oppetere.
1533 3030 1618 3078 πρὸς
1639 3031 1678 3065 τὸ
1701 3031 1832 3078 καίριον
1857 3035 1973 3066 πονεῖν
2003 3034 2063 3066 Ph.

1054 3076 1133 3112 525.
1162 3078 1194 3112 οἱ
1220 3076 1248 3111 δ’
1272 3076 1482 3123 αύθύμαιμοι
1507 3081 1570 3112 ποῖ
1600 3077 1728 3112 νεανίαι
1745 3081 1879 3121 πονεῖν;
1909 3079 1965 3112 OC
1983 3077 2063 3112 335.

1054 3138 1086 3158 v.
1107 3128 1179 3160 ποῖ.
1210 3123 1269 3163 οὓς
1295 3124 1357 3171 μὲν
1383 3124 1476 3163 εἰκὸς
1499 3124 1543 3170 ἦν
1561 3129 1676 3160 πονεῖν
1692 3124 1774 3160 τάδε
1791 3123 1870 3158 342.
1899 3124 1998 3160 οὐδὲν
2015 3125 2069 3160 δεῖ

1053 3175 1169 3206 πονεῖν
1190 3170 1290 3205 1022.
1314 3190 1417 3204 -.-
1438 3172 1452 3214 fl
1468 3173 1563 3205 Alios
1580 3174 1769 3214 explicatus
1794 3174 1856 3206 hoc
1873 3175 2068 3215 exemplum

1053 3221 1167 3252 habet.
1203 3217 1295 3265 λέγει
1317 3218 1381 3265 γὰρ
1406 3218 1506 3257 εἰδὼς
1523 3218 1636 3261 οὐδέν,
1665 3217 1741 3252 ἀλλ’
1762 3217 1878 3258 ἄλλως
1895 3223 1994 3254 πονεῖ
2009 3220 2068 3252 OB.

1056 3265 1158 3298 1151.
1180 3265 1304 3312 μάτην,
1328 3265 1392 3305 ἔξω
1409 3269 1469 3300 τοῦ
1488 3265 1724 3312 προσήκοντος
1741 3266 1850 3312 κοπιᾷ
1869 3268 1971 3300 schol.
1993 3267 2067 3299 Non

1053 3315 1114 3346 hoc
1131 3315 1225 3354 dicit,
1247 3314 1305 3346 sed
1320 3316 1465 3346 inaniter
1481 3315 1717 3355 tumultuatur,
1738 3318 1899 3355 tanquam
1910 3324 2068 3355 maynam

1053 3371 1122 3392 rem
1138 3363 1381 3402 expiscatum-3,
1401 3371 1476 3393 cum
1491 3365 1600 3393 tamen
1615 3362 1701 3392 nihii
1710 3363 1778 3392 veri
1795 3362 1908 3392 subsit.
1927 3379 1968 3384 —-
1984 3361 2068 3393 Pas-

1055 3410 1116 3439 sivi
1134 3409 1329 3449 exemplum
1348 3418 1465 3440 unum.
1486 3409 1606 3452 κεῖμαι
1623 3406 1863 3453 πεπονημένος
1881 3405 2068 3453 ἀλλήκτοις

1654 3504 1657 3505 ⁷
1712 3462 1787 3498 41·
