2288 3600
289 98 388 145 678

293 213 464 251 Quomodo
483 212 723 253 explicandum
742 212 918 251 videatur,
948 212 1135 251 significavi
1160 222 1191 243 v.
1221 221 1308 257 κρα-

291 257 368 306 τήρ,
407 259 557 291 Tralate:
595 256 715 292 ἐσιδὼν
745 256 864 305 πολλῷ
889 256 1030 303 ῥεύματι
1056 257 1308 303 προσνισσομέ-

292 317 371 343 νους
389 307 471 338 Ant.
494 303 560 337 129
579 307 631 338 ch.
652 315 779 346 mayna
796 308 848 346 vi,
878 316 910 340 v.
932 306 1007 339 Erf.

361 360 465 399 Ῥέω
483 365 571 406 fluo,
594 364 723 406 diffluo.
754 364 891 404 Proprie
909 365 1036 396 dictum
1056 362 1109 410 ῥεῖ
1142 356 1310 410 (Ἴναχος)

292 424 360 493 {3ss
371 423 434 500 ,α’ἱ.
449 408 716 490 “5555135333'0
725 410 842 490 uei&
856 408 1228 504 ῥὲἷμζὲἲοόίὲἧῑοῗῗὲἓ
1235 414 1309 492 ’κῖἴᾴ

292 507 417 553 ταγμα)
440 507 493 538 Tr.
516 503 596 538 698.
618 506 659 537 de
678 506 759 536 villo
786 507 903 546 laneo,
932 516 1008 537 cum
1026 507 1062 537 in
1081 507 1158 537 solis
1177 509 1309 537 aestum

293 556 462 597 proiectus
491 556 599 594 esset,
621 554 756 584 ‘veneni
786 553 948 585 violentia
981 553 1159 595 diffluente
1194 556 1224 584 et
1249 554 1303 584 ab·

293 605 434 641 sumpto.
463 601 553 632 Hinc
577 600 619 632 ad
642 599 773 640 famam
798 610 949 640 sparsam
966 602 1179 632 transfertur.
1209 597 1309 645 δόξης

292 647 316 694 ἢ
335 646 505 694 κληδόνος
530 645 642 692 καλῆς
660 645 771 693 μάτην
791 645 935 693 ῥεούσης
958 648 1013 680 OC
1030 645 1110 680 259.
1156 648 1186 679 A
1203 648 1310 688 prima

293 700 406 728 autem
432 695 678 735 significatione
702 698 878 736 sumptum
902 696 1009 728 ταῦτα
1036 694 1097 739 μὲν
1118 692 1218 739 ’ρείτω
1235 689 1309 727 κατ’

294 741 396 789 οὖρον
422 743 478 774 Tr.
507 739 587 775 468.
622 746 718 773 vento
744 744 992 774 committantur
1017 742 1243 783 dispetloemda,
1259 748 1306 774 ‘v.

294 788 406 836 οὖρος.

365 843 581 895 Ῥήγνυμι
607 847 730 888 franyo
757 845 918 891 (rumpo).
949 847 962 889 ΙΙ
988 849 1124 890 Proprie
1154 848 1305 880 dictum:

298 894 421 944 ῥηγνὺς
446 893 652 942 χρυσόδετον
678 892 781 940 κέρας
809 893 933 941 ῥηγνὺς
951 893 1117 940 ἁρμονίαν
1143 893 1311 940 χορδοτό-

294 955 352 978 νου
371 941 489 989 λύρας,
512 943 629 974 Tham.
659 943 700 974 fr.
722 939 829 974 232³».
876 940 1013 989 σίδηρον
1094 939 1310 987 θραυσθέντα

293 989 354 1026 καὶ
380 989 523 1037 ῥαγέντα
549 987 677 1022 πλεῖστ’
707 987 746 1022 ἂν
772 986 909 1027 εἰσίδοις
933 990 1014 1021 Ant.
1037 987 1117 1021 476.
1152 994 1187 1021 et
1212 990 1310 1021 aliter

296 1039 442 1071 dictum:
474 1035 612 1077 ἐδέξατο
639 1034 779 1081 ῥαγεῖσα
797 1033 933 1081 Θηβαία
955 1035 1051 1075 κόνις
1068 1037 1243 1078 Amphiar.
1265 1038 1306 1070 fr.

296 1083 376 1127 781,
400 1082 430 1117 1.
468 1085 509 1117 de
543 1085 739 1116 dehiscente
765 1088 863 1116 terra.
898 1101 943 1106 —
973 1084 986 1126 Η
1016 1084 1149 1117 Tralate
1181 1085 1310 1116 dictum

294 1135 403 1166 active
422 1134 579 1173 irrumpo.
617 1129 808 1176 ἐρρηξάτην
827 1129 862 1168 ἐς
879 1129 993 1164 κύκλα
1011 1129 1172 1178 χαλκέων
1193 1129 1310 1164 ὅπλων

294 1182 362 1213 inc.
382 1182 423 1212 fr.
449 1176 530 1211 731.
566 1180 619 1211 De
643 1180 769 1211 tonitru
798 1179 953 1210 deorsum
972 1180 1068 1220 quasi
1087 1179 1228 1218 diruptis
1246 1189 1311 1211 nu-

294 1229 372 1260 bilis
390 1228 500 1259 delato
519 1225 643 1272 βροντὴ
664 1223 690 1258 δ’
710 1224 839 1272 ἐρράγη
867 1221 902 1258 δι’
926 1224 1103 1272 ἀστραπῆς
1122 1226 1242 1258 Teucr.
1264 1227 1307 1259 fr.

295 1271 377 1315 507,
398 1284 484 1316 quae
510 1275 611 1305 verba
636 1274 707 1305 suis
732 1274 879 1305 inseruit
895 1274 1068 1316 Aristoph.
1094 1274 1204 1306 Nubb.
1228 1271 1307 1306 583.

296 1323 348 1354 De
375 1321 560 1362 rumpendo
590 1331 617 1352 s.
647 1321 744 1362 quasi
771 1321 951 1362 aperiendo
976 1322 1189 1353 lacrimarum
1218 1322 1311 1353 fonte

296 1366 454 1416 δακρύων
486 1366 616 1415 ῥήξασα
634 1364 748 1413 θερμὰ
776 1366 913 1412 νάματα
938 1369 994 1400 Tr.
1015 1364 1095 1401 919.
1140 1369 1231 1401 Hinc
1257 1370 1311 1399 in-

295 1417 473 1449 transitive
491 1416 619 1447 dictum
637 1413 783 1461 ἔρρωγεν
803 1414 895 1460 παγὰ
914 1413 1071 1461 δακρύων
1092 1416 1147 1447 Tr.
1168 1413 1238 1448 852
1256 1416 1307 1448 ch.

296 1475 325 1496 v.
348 1464 463 1496 Valck.
493 1463 535 1495 ad
559 1464 639 1495 Eur.
673 1464 779 1505 Hipp.
803 1459 904 1496 1338.
948 1463 1031 1495 Inde
1060 1463 1100 1494 de
1126 1465 1215 1495 malo
1233 1463 1311 1495 uni-

295 1521 409 1552 verse,
442 1511 530 1552 quod
557 1511 703 1551 graviter
728 1515 763 1542 et
787 1511 960 1552 insperato
987 1512 1106 1551 erupit.
1152 1504 1252 1544 *τάδ’
1271 1509 1311 1544 ἐκ

296 1554 391 1595 δυοῖν
410 1556 556 1604 ἔρρωγεν
573 1555 702 1602 (κακά)
720 1558 778 1590 OR
796 1554 898 1592 1280.
920 1567 1020 1599 quem
1038 1568 1173 1590 versum
1191 1559 1311 1590 merito

295 1607 374 1638 secl.
393 1606 497 1638 Dind.
537 1605 593 1638 Sic
611 1605 740 1638 dictum
767 1606 868 1638 etiam
885 1604 991 1640 ὁποῖα
1006 1599 1127 1652 χρῄζει
1155 1603 1310 1652 ῥηγνύτω

295 1654 354 1691 OR
372 1649 474 1685 1076.
506 1654 650 1685 relatum
679 1653 764 1685 illud
794 1654 835 1685 ad
863 1663 1059 1694 praegressa
1090 1653 1182 1685 chori
1211 1654 1310 1685 verba

295 1694 420 1746 δέδοιχ’
439 1698 532 1740 ὅπως
551 1699 600 1747 μὴ
619 1697 650 1733 ’κ
666 1703 728 1746 τῆς
741 1702 875 1746 σιωπῆς
890 1694 987 1746 τῆσδ’
1005 1697 1190 1746 ἀναρρήξει
1203 1698 1307 1734 κακά.

299 1746 488 1793 [Incertum
518 1757 583 1789 qua
611 1748 645 1779 vi
674 1749 857 1789 protulerit
883 1748 984 1789 Soph.
1018 1745 1147 1793 ῥ’ξασα
1170 1746 1311 1795 κίρκους

298 1801 385 1838 quae
403 1796 503 1827 verba
520 1796 588 1827 sola
606 1798 790 1837 supersunt
807 1795 848 1827 fr.
869 1796 936 1828 inc.
959 1759 1060 1841 786]

366 1849 511 1899 Ῥῆμα
535 1854 670 1888 dictum.
707 1851 816 1892 οὕτως
844 1851 991 1891 ἀναιδῶς
1021 1852 1218 1900 ἐξεκίνησας
1235 1839 1331 1888 τόδεΙ

299 1900 338 1935 τὸ
358 1899 471 1949 ῥῆμα,
501 1901 559 1934 OR
577 1898 657 1935 355.
686 1900 769 1948 πρὸς
789 1900 826 1935 δὲ
842 1901 923 1940 τοὺς
941 1899 1061 1948 φίλους
1080 1895 1127 1936 οἷ’
1149 1900 1311 1946 ἀνταμεί-

301 1947 353 1994 βει
376 1947 515 1996 ῥήματα
538 1949 592 1981 OC
619 1946 699 1982 814.
746 1947 856 2006 ἔργοις
886 1947 1070 1987 πεπονθὼς
1102 1947 1249 1995 ῥήμασίν
1285 1944 1312 1982 σ’

299 1994 474 2042 ἀμύνομαι
491 1992 571 2028 873.
599 1994 643 2029 τὰ
658 1995 772 2030 πολλα
788 1995 852 2044 γάρ
880 2008 933 2031 τοι
952 1991 1077 2043 ῥήματ’
1100 1996 1124 2043 ἢ
1142 1994 1314 2044 τέρψαντά
1329 2005 1332 2018 ·

297 2054 329 2077 τι
345 2040 368 2088 ἢ
388 2041 492 2090 δυσχε
515 2041 629 2077 άναντ’
653 2041 676 2088 ἢ
695 2043 956 2079 κατοικτίσαντά
973 2055 1047 2082 πως
1065 2043 1217 2091 παρέσχε
1236 2055 1312 2090 φω-

299 2089 363 2135 νὴν
388 2092 461 2128 τοῖς
486 2089 680 2170 2φωνήτοις
703 2090 778 2125 τινά
807 2089 909 2125 1281.
946 2090 1039 2126 κακὰ
1057 2090 1227 2132 δεννάζων
1248 2090 1313 2141 ῥή-

302 2148 393 2182 ματα
409 2138 465 2171 Ai.
534 2135 555 2170 3
572 2148 642 2179 an.,
678 2149 745 2171 non
763 2142 832 2171 tam
849 2142 1018 2180 convicia,
1053 2150 1153 2182 quam
1178 2142 1313 2173 insanas

301 2188 332 2217 et
355 2186 442 2217 male
466 2187 631 2218 ominatos
656 2188 883 2219 contumelias.
910 2185 953 2220 τὰ
973 2185 1064 2221 δεινοὶ
1090 2186 1227 2235 ῥήματα
1243 2200 1312 2235 χα-

300 2234 370 2265 νεῖν
390 2229 491 2265 1226.
532 2231 624 2266 δοκῶ
657 2232 718 2278 μὲν
745 2231 842 2267 οὐδὲν
871 2232 966 2280 ῥῆμα
990 2233 1049 2268 σὺν
1075 2234 1189 2281 κέρδει
1205 2234 1312 2269 κακόν

301 2280 356 2312 El.
382 2275 439 2312 61.
481 2277 520 2313 τί·
542 2281 651 2313 ταῦτα
682 2279 821 2315 πολλῶν
858 2280 1022 2330 ῥημάτων
1058 2277 1099 2316 ἔτ’
1136 2281 1206 2316 ἔστι
1239 2294 1309 2324 σοις

302 2327 419 2359 Alead.
440 2327 481 2359 fr.
506 2324 584 2368 103,
608 2325 638 2360 1.
1009 2327 1058 2374 [11
1076 2341 1109 2372 p.
1133 2327 1213 2372 639,
1238 2327 1314 2374 16.)

370 2381 523 2431 Ῥῆσις
563 2389 680 2419 oratio.
725 2384 824 2433 ῥῆσις
855 2386 1002 2436 βραχεῖα
1035 2391 1110 2427 τοῖς
1151 2391 1313 2436 φρονοῦσι

304 2433 464 2480 σώφρονα
481 2432 564 2480 πρὸς
580 2432 659 2472 τοὺς
675 2433 836 2472 τεκόντας
855 2433 976 2481 πρέπει
994 2436 1104 2469 Acris.
1126 2438 1167 2470 fr.
1190 2434 1252 2478 62,
1278 2434 1308 2470 1.

370 2487 524 2537 Ῥητός
547 2493 700 2533 effabilia.
728 2491 751 2537 ἦ
771 2492 788 2540 ῥ
816 2492 892 2535 τόν;
929 2492 953 2539 ἢ
972 2493 1011 2529 οὐ
1029 2492 1188 2541 θεμιστὸν
1206 2493 1312 2530 ἄλλον

304 2536 446 2579 εἰδέναι;
476 2539 534 2572 OR
550 2536 629 2572 993.
666 2539 779 2574 αὐδῶν
820 2535 901 2575 νόσι’
919 2540 999 2576 οὐδὲ
1017 2541 1105 2589 ῥητοί
1130 2554 1189 2588 μοι
1208 2540 1309 2576 1289.

218 2603 231 2614 ι
290 2584 407 2632 »ῥητὸν
425 2583 574 2632 ἄρρητόν
597 2584 624 2620 τ’
644 2586 724 2625 ἔπος
742 2588 796 2621 OG
824 2586 935 2631 1001,
968 2591 1050 2631 quid
1078 2592 1127 2622 fas
1158 2595 1193 2623 et
1217 2592 1312 2623 nefas

305 2633 373 2665 dici
389 2642 457 2665 non
475 2643 614 2667 curans:
644 2646 676 2666 v.
703 2637 829 2668 Iacobs.
858 2636 900 2668 ad
925 2637 1048 2669 Achill.
1071 2638 1143 2669 Tat.
1172 2648 1206 2679 p.
1227 2635 1308 2670 844.

303 2678 515 2761 Ξεένὸὲῧγὶάρ,
545 2679 624 2715 οὐδὲ
650 2679 750 2729 ῥητόν
768 2680 1000 2730 (τούπίσαγμα
1016 2686 1076 2729 τοῦ
1102 2684 1315 2730 νοσήματος)

371 2780 550 2834 Ῥήτωρ.
586 2788 682 2820 Phot.
709 2798 743 2829 p.
770 2786 936 2829 488,12.
975 2794 1010 2822 et
1041 2800 1085 2822 ex
1118 2800 1155 2822 eo
1191 2790 1308 2822 Suid.:

306 2830 472 2878 ῥήτωρε
510 2833 715 2881 συνήγορος,
754 2833 954 2883 δικολόγος,
989 2837 1048 2871 καὶ
1082 2836 1099 2872 ὁ
1132 2835 1195 2882 τὴν
1226 2835 1312 2871 ἰδίαν

303 2877 504 2971 ξτῧτῆραίνων
529 2881 669 2927 γνώμην
694 2881 813 2928 κριτὴς
836 2882 929 2930 παρὰ
955 2880 1131 2931 Σοφοκλεῖ
1154 2883 1238 2928 (inc.
1268 2887 1309 2917 fr.

370 2980 531 3032 Ῥῖγέω
556 2988 715 3019 cohorreo.
753 2987 789 3021 αἱ
814 2986 852 3022 δὲ
875 2986 1042 3036 παρθένοι
1068 2989 1229 3037 ῥίγησαν,
1265 2990 1312 3028 ὡς

304 3030 457 3078 ἤκουσαν
474 3034 529 3066 OC
548 3031 650 3067 1607.
678 3036 748 3067 Aut
765 3037 814 3068 sic
827 3038 1042 3069 scribendum
1054 3063 1062 3078 ,
1083 3042 1142 3070 aut
1159 3032 1311 3083 ’ρίγησαν

303 3077 350 3123 (ει.
370 3081 484 3121 potius
502 3078 670 3127 ’ῥίγησαν)
694 3092 771 3114 cum
788 3083 975 3125 Brunckio;
1003 3079 1196 3132 ’ρρίγησαν,
1224 3086 1311 3126 quod

304 3127 468 3159 Elmsleio
484 3129 630 3170 placuit,
652 3132 846 3170 portentum
865 3136 930 3163 est.

371 3180 415 3219 ‘P
427 3182 495 3225 ίζα
519 3187 627 3219 radix.
656 3188 793 3229 Proprie
810 3189 954 3222 dictum:
976 3188 1089 3224 κίσται
1107 3189 1208 3237 ῥιζῶν
1226 3187 1313 3235 κρύ-

306 3242 427 3268 πτουσι
441 3232 551 3278 τομάς
568 3234 700 3291 Βὶὲίῑοῢ.
723 3236 764 3267 fr.
784 3233 866 3292 479,
887 3233 920 3269 5.
948 3238 1083 3295 *Tralate
1102 3238 1144 3270 de
1161 3239 1261 3292 stirpe
1279 3241 1314 3270 et

306 3278 1314 3376 ἰ’»ἰῒιῗ..ιῇἷῖοΐὲιαγᾚῗέἓξάῖξὲἶτῗὲἒμῖὲὲἶνὲἰέἲᾶὲοᾟῗξ

291 3371 341 3408 ’ἐν
368 3371 512 3410 Οἰδίπου
532 3372 669 3419 δόμοις,
700 3375 774 3410 κατ’
803 3374 845 3410 αὖ
873 3388 923 3411 νιν
973 3382 1038 3412 εῶν
1061 3383 1130 3412 τῶν
1146 3379 1313 3426 νερτέρων

1122 86 1248 142 ‘Peto
1277 124 1338 130 —
1360 87 1369 104 ζ
1385 93 1566 143 Ριπτέω

2023 107 2074 154 [11
2089 120 2124 152 p.
2141 107 2288 144 ειη-οε.

1346 208 1418 256 ἀμᾷ
1435 209 1528 249 κόνις
1546 213 1628 244 Ant.
1650 210 1719 245 600
1738 215 1789 246 ch.
1821 212 1913 261 ῥίζας
1931 214 2019 260 φάος
2045 219 2097 248 est
2115 213 2191 260 ῥίζα
2214 227 2288 264 φωσ

1347 269 1404 303 ρος
1422 260 1445 289 i.
1469 269 1498 292 e.
1521 259 1708 306 σωτήριος;
1740 258 1831 308 ῥίζαν
1859 263 1966 303 ipsam
1983 261 2144 308 λείψανον
2160 266 2278 309 γενεᾶς

1345 306 1452 346 plicat
1477 307 1579 339 schol.
1608 309 1722 348 Longe
1748 310 1845 340 aliter
1870 310 1952 342 haec
1974 310 2116 342 Wexius
2134 312 2288 345 administ

1346 364 1376 383 v.
1397 350 1509 386 τείνω.
1533 372 1575 377 -
1605 355 1792 387 Accentum
1818 357 1913 388 docet
1938 357 2015 391 Arc.
2044 367 2079 399 p.
2101 354 2166 399 96,
2188 356 2208 391 9
2222 384 2230 398 ,
2251 361 2288 392 fir

1346 402 1534 432 accuratius
1552 402 1676 435 Herod.
1698 414 1735 436 π.
1758 415 1794 446 μ.
1816 400 1848 435 λ.
1869 414 1902 444 p.
1925 401 1982 445 31,
2007 401 2060 437 19.

1421 454 1480 500 [Ῥ
1493 457 1556 497 ιζο
1565 471 1584 492 τ
1595 458 1613 493 ό
1625 471 1649 505 μ
1659 472 1677 494 ο
1690 471 1700 493 ι
1730 462 1975 494 inscribebatur
1989 463 2090 504 Soph.
2112 466 2288 504 tragoedia.

1344 507 1385 537 fr.
1404 503 1471 538 479
1485 525 1525 530 -
1537 504 1647 540 481ι).
1671 506 1794 552 Dina]

1411 560 1570 603 Ῥίζόω
1595 565 1726 607 fundo,
1769 567 1875 608 firmo,
1911 568 2151 614 καταρράκτην
2175 568 2288 618 ὀδὸνχ

1345 614 1422 650 κοῖς
1442 609 1597 659 βάθροισι
1615 611 1722 660 γῆθεν
1743 611 1972 661 ἐρριζωμένον
1987 616 2042 649 OC
2062 614 2165 649 1591.
2186 628 2217 650 v,
2231 628 2288 651 mm

1348 657 1487 705 ράκτης.
1968 699 1972 704 ,
2139 662 2189 708 (11
2205 675 2240 707 p.
2261 663 2288 698 6*

1413 714 1588 756 Ῥικνός
1622 721 1699 759 yelu
1732 725 1935 763 contractus,
1966 723 2045 755 inde
2070 724 2191 756 tralate
2208 734 2288 764 ruyo

1346 765 1509 797 horridus.
1534 764 1666 812 ῥικνός“
1688 765 1705 800 ὁ
1724 779 1791 813 πεφ
1818 769 1899 806 ικὼς
1917 768 2010 816 παρὰ
2025 767 2111 816 Σοφ.
2132 769 2288 814 (Ichneut

1345 809 1448 856 297.)
1481 813 1577 846 Phot.
1614 825 1647 855 p.
1670 811 1757 856 488,
1810 813 1843 847 2.
1890 817 2002 849 Etiam
2036 818 2182 858 Hesych.
2220 819 2284 850 sim

1345 861 1499 900 quamvis
1524 862 1599 893 sine
1626 863 1761 894 nomine
1789 866 1926 905 poetae:
1965 862 2131 911 ῥιγνόνε
2170 862 2288 911 ῥιγεδα·

1347 905 1517 952 φρικῶδες
1543 912 1577 940 et
1614 907 1773 955 ῥικνὴν
1813 908 1927 956 ὄψιν;
1976 910 2134 959 φρικτήν.
2180 912 2246 945 Sed
2274 924 2288 945 r

1345 955 1502 986 scribitur
1520 953 1650 1001 ῥιγνός,
1672 957 1762 997 quod
1780 960 1848 989 tam
1865 968 1968 999 prope
1987 968 2054 991 non
2071 960 2167 992 abest
2181 961 2222 992 ab
2241 958 2288 1007 ῥιγ

1346 1003 1429 1042 quin
1446 1002 1599 1034 radicalis
1628 1004 1727 1035 litera
1744 1008 1906 1036 mutetur.
1947 1006 2047 1047 Soph.
2074 1010 2188 1039 autem
2213 1008 2249 1039 in
2268 1018 2288 1039 S}

1345 1050 1412 1080 rica
1430 1050 1543 1081 fabula
1562 1051 1742 1082 horrentem
1758 1062 1919 1092 ruyosum
1946 1054 2114 1094 appellare
2131 1055 2218 1086 bene
2236 1058 2288 1096 pot

1412 1113 1613 1153 Ῥικνόω.
1642 1121 1737 1153 Phot.
1759 1132 1792 1163 p.
1814 1119 1896 1163 489,
1920 1121 1950 1155 1.
1972 1127 2007 1155 et
2024 1124 2141 1158 Suid.:
2173 1123 2288 1171 ῥικνι

1347 1163 1468 1199 efflat:
1498 1165 1536 1200 τὸ
1563 1165 1759 1202 διέλκεσθαι
1784 1168 1842 1202 καὶ
1860 1169 2086 1209 παντοδαπῶς
2103 1170 2288 1219 διαστρέφει

1345 1208 1415 1246 κατ’
1438 1211 1548 1251 εἶδος·
1569 1212 1703 1261 λέγεται
1722 1215 1759 1249 δὲ
1772 1215 1830 1249 καὶ
1850 1215 2000 1263 ῥιγνοῦ
2013 1216 2114 1252 σθαι
2131 1217 2287 1266 (ῥικνοῦσ

1347 1259 1463 1304 Suid.)
1486 1259 1523 1294 τὸ
1541 1260 1725 1305 καμπύλον
1742 1261 1917 1310 γίγνεσθαι
1935 1264 2146 1312 ἀσχημόνως
2159 1294 2166 1308 ,
2194 1266 2254 1301 καὶ
2276 1279 2288 1300 7

1348 1306 1527 1356 συνουσίαν
1545 1308 1604 1342 καὶ
1622 1307 1777 1356 ὄρχησιν.
1800 1309 1838 1344 Σ.
1867 1309 2052 1358 Ἰχνευταῖς
2077 1311 2136 1358 (fr.
2156 1312 2259 1359 297.)

1347 1365 1434 1386 mam
1453 1357 1570 1388 horum
1590 1361 1720 1398 partem
1747 1360 1849 1391 etiam
1871 1359 2018 1400 Hesych.
2048 1372 2080 1394 v,
2111 1359 2288 1408 ῥικνοῦσθι

1350 1400 1551 1449 ῥιχνοῦσθαι
1568 1405 1679 1437 habet.
1701 1403 1815 1449 [Adde
1829 1407 1954 1440 Polluc.
1975 1405 2007 1449 4,
2023 1404 2080 1448 99,
2102 1407 2179 1455 ε’ίδη
2198 1407 2235 1442 δὲ
2254 1408 2288 1455 ὀρ

1349 1451 1466 1494 μάτων
1549 1449 1766 1498 ῥικνοῦσθαι,
1797 1452 1879 1500 ὅπερ
1904 1453 1948 1500 ἣν
1973 1454 2011 1489 ’τὸ
2036 1455 2100 1502 τὴν
2119 1455 2227 1503 ὀσφὺν
2245 1467 2288 1504 φο

1346 1504 1419 1535 κῶς
1436 1497 1639 1545 περιάγειν.]
1667 1500 1705 1533 V.
1726 1502 1843 1543 Intpp.
1864 1503 2020 1534 Moeridis
2038 1513 2072 1544 p.
2093 1500 2174 1537 335.

1415 1565 1458 1604 ‘P
1470 1580 1480 1601 ι
1494 1581 1519 1614 μ
1532 1580 1555 1615 φ
1567 1567 1617 1614 άρ
1629 1565 1767 1615 μᾶτος
1793 1574 1889 1604 celeri
1906 1583 2006 1605 curru
2025 1577 2131 1608 utens.
2163 1571 2288 1621 ῥιμφαρ

1348 1629 1419 1655 τοις
1454 1615 1635 1663 φεύγοντεε
1670 1616 1831 1662 ἁμίλλαις
1865 1620 1920 1653 OG
1953 1618 2042 1654 1062
2068 1622 2119 1654 ch.
2154 1633 2186 1654 v.
2215 1623 2288 1655 Boe

1350 1666 1439 1707 expl.
1462 1665 1502 1696 ad
1519 1665 1618 1696 Pind.
1649 1676 1683 1707 p.
1712 1663 1789 1699 140.

1418 1719 1613 1760 **Ῥῐνός
1635 1726 1734 1764 peltis
1759 1727 1916 1767 inprimis
1941 1728 2075 1760 bovina.
2105 1725 2288 1772 [ἐνδύνται

1347 1770 1413 1818 λῆς
1433 1769 1522 1818 ῥινὸν
1541 1768 1713 1816 ἀγραύλου
1731 1770 1811 1817 βοός
1829 1774 1870 1805 fr.
1888 1774 2062 1815 Amphiar.
2083 1772 2149 1808 122
2168 1774 2226 1820 (ut
2246 1787 2288 1811 eu

1348 1820 1439 1851 davit
1459 1817 1667 1852 SchneideW.
1690 1821 1775 1852 coni.
1797 1831 1842 1852 cr.
1863 1831 1897 1862 p.
1915 1817 1959 1853 99
1977 1822 2158 1863 depravata
2171 1825 2274 1857 verba

1348 1864 1486 1903 πέλλεις
1506 1863 1548 1910 οἷ’
1567 1864 1610 1910 ἄγ
1634 1865 1738 1905 αυλος
1757 1865 1884 1912 βότος).
1907 1868 2087 1907 Coaluerat
2100 1871 2180 1903 olim
2201 1871 2288 1913 parti

1349 1925 1426 1946 cum
1444 1914 1507 1946 alia
1525 1923 1568 1945 ex
1586 1877 1733 1959 siztue'ot
1752 1925 1805 1956 ap.
1827 1915 1979 1948 Erotian.
2000 1927 2034 1958 p.
2056 1914 2124 1950 306
2147 1917 2251 1958 κυνὸς
2277 1930 2288 1952 -ι

1348 1959 1413 2007 λης
1430 1972 1466 1994 τε
1485 1960 1642 2006 μηκάδος
1662 1960 1741 2006 βοὸς
1761 1961 1848 2009 ῥινόν
1863 1989 1871 2004 ,
1901 1965 1959 1995 ubi
1977 1964 2056 1996 libri
2074 1962 2155 2010 βοὸς
2174 1963 2288 2013 ῥινέων

1351 2006 1515 2056 ῥηνέων]
1542 2010 1633 2041 Illud
1650 2010 1798 2042 Brunck.
1819 2012 1985 2044 restituit.

1416 2063 1545 2114 ‘Ptm'q
1572 2070 1758 2110 coniectus,
1794 2071 1956 2110 impetus,
1992 2072 2088 2103 velut
2120 2069 2230 2117 βολή,
2257 2070 2288 2127 ὁρ

1350 2114 1441 2161 φορά
1458 2117 1550 2147 varie
1568 2117 1788 2148 transfertur:
1810 2117 1852 2148 ad
1869 2118 1989 2159 statum
2004 2120 2093 2150 venti
2113 2120 2212 2160 quasi
2229 2120 2288 2162 irrt

1351 2164 1412 2204 tis,
1440 2163 1529 2204 quod
1554 2164 1668 2203 ipsum
1695 2164 1850 2205 Sophocli
1874 2166 2020 2197 maxime
2043 2166 2172 2198 dictum
2197 2167 2239 2199 de
2255 2174 2288 2200 m

1350 2214 1385 2242 et
1410 2212 1514 2242 animi
1538 2211 1697 2242 motibus:
1736 2209 1917 2257 βακχεύων
1948 2210 2088 2246 ἐπέπνει
2119 2211 2232 2260 ῥιπαῖς
2263 2210 2288 2262 ἐ]

1351 2268 1437 2291 στων
1471 2255 1609 2302 ἀνέμων
1640 2259 1721 2290 Ant.
1757 2256 1823 2291 137
1849 2259 1900 2291 ch.
1938 2260 2032 2293 Erf.:
2073 2260 2141 2292 odii
2165 2261 2288 2293 acerbis

1350 2306 1447 2348 flatu.
1469 2305 1584 2336 Herm.
1605 2316 1671 2338 sec.
1701 2306 1803 2338 schol.
1827 2307 2026 2348 »flammam
2042 2310 2168 2353 coqitat
2185 2309 2288 2340 vehem

1349 2357 1521 2385 ventorum
1538 2354 1662 2393 impetu
1687 2354 1837 2393 illatam,
1869 2355 1925 2395 qui
1952 2351 2159 2401 ἔχθιστοι
2191 2355 2288 2388 dicun

1351 2400 1436 2441 quod
1464 2399 1538 2431 urbi
1575 2402 1744 2432 interitum
1780 2403 1964 2433 minantur.
1978 2414 1994 2430 «
2033 2403 2107 2434 Non
2145 2403 2288 2436 definio}

1351 2446 1492 2503 ἄνεμος.
1535 2443 1585 2480 ἔτι
1600 2452 1669 2481 τῶν
1700 2446 1812 2482 αὐτῶν
1843 2446 1980 2493 ἀνέμων
2004 2447 2104 2483 αὐταὶ
2127 2447 2242 2497 ψυχῆς
2267 2447 2288 2533 ἓ

1349 2493 1451 2539 τήνοε
1469 2492 1497 2541 γ’
1515 2491 1652 2541 ἔχουσιν
1669 2497 1752 2528 Ant.
1766 2493 1834 2528 929
1854 2506 1908 2528 an.
1922 2507 1953 2529 V.
1976 2494 2087 2534 αὐτός.
2108 2498 2225 2529 Herm.
2247 2508 2268 2531 α
2286 2506 2288 2509 “

1351 2543 1448 2584 quasi
1467 2540 1502 2575 αἱ
1519 2541 1630 2576 αὐταί.
1652 2542 1765 2584 [Dind.
1784 2545 1885 2575 verba
1903 2541 2002 2577 αὐταὶ
2020 2542 2137 2591 ψυχῆς
2154 2545 2288 2579 delevit»

1350 2591 1403 2622 De
1436 2593 1601 2622 astrorum
1632 2592 1829 2622 micantium
1861 2593 2107 2623 coruscatione:
2149 2602 2288 2640 παμφεγ

1350 2634 1484 2682 ἄστρων
1505 2634 1604 2682 ῥιπάς
1621 2638 1676 2668 El.
1700 2634 1765 2670 106
1775 2647 1820 2669 m.
1852 2637 1908 2670 Sic
1924 2639 2077 2679 plerique
2094 2640 2288 2681 interpretat

1351 2683 1386 2718 αἱ
1404 2683 1441 2718 δὲ
1457 2687 1578 2729 νυχιᾶν
1596 2683 1664 2717 ἀπὸ
1684 2683 1781 2730 ῥιπᾶν
1799 2685 1854 2717 OC
1876 2682 1966 2717 1248
1983 2686 2034 2718 ch.
2066 2683 2140 2730 [ubi
2159 2685 2194 2720 αἱ
2210 2680 2239 2719 δ’
2263 2685 2288 2721 ἐι

1349 2733 1429 2779 χιᾶν
1441 2732 1677 2763 Lachmannus
1690 2742 1733 2763 ex
1748 2733 1858 2764 verbis
1873 2733 2068 2766 scholiastae
2095 2732 2234 2781 ἐννύχια
2258 2730 2288 2782 ὅ.

1350 2780 1409 2811 sed
1433 2789 1511 2811 cum
1536 2780 1577 2811 de
1603 2779 1704 2811 variis
1730 2780 1811 2811 caeli
1837 2781 1945 2821 plagis
1970 2781 2120 2822 dicatur,
2148 2782 2263 2822 aptius
2279 2795 2288 2810 γι

1350 2827 1543 2859 Hermanno
1576 2827 1617 2858 de
1650 2831 1745 2858 vento
1778 2827 2007 2868 intelligetur,
2046 2828 2105 2860 sed
2136 2829 2176 2860 de
2210 2820 2288 2873 veni

1349 2877 1468 2914 septem
1492 2874 1651 2905 trionibus
1667 2874 1787 2915 flante,
1817 2884 1902 2915 non,
1926 2877 1965 2906 ut
1982 2875 2056 2916 ipse
2073 2876 2166 2915 vult,
2186 2879 2288 2915 noctae

1350 2921 1439 2962 quod
1463 2924 1563 2953 noctu
1598 2922 1744 2952 maxime
1777 2922 1915 2953 auribus
1947 2923 2163 2963 percipiatur.
2207 2919 2288 2967 [Alii

1349 2968 1507 3009 Rhipaeis
1524 2969 1694 3000 montibus
1707 2966 1942 3013 intellegunt]
2278 2968 2281 2969 ⁷

1419 3034 1521 3082 [**Ῥ
1533 3037 1620 3076 ιπίς
1632 3064 1640 3078 ,
1661 3037 1704 3083 ἡ;
1726 3039 1917 3080 flabellum,
1941 3040 2065 3072 deinde
2081 3042 2180 3072 vestis
2195 3044 2288 3083 stram

1348 3083 1490 3123 λεπταῖς
1511 3084 1565 3119 ἐπὶ
1582 3084 1706 3132 ῥιπῖσιν
1721 3083 1877 3130 ἐμπολὰς
1895 3085 2031 3132 μακρὰς
2044 3085 2096 3120 ἀεὶ
2109 3084 2288 3134 παραρρίππι

1347 3144 1402 3172 τες
1421 3134 1463 3166 fr.
1484 3133 1575 3172 Scyr.
1597 3130 1678 3174 499,
1700 3130 1732 3165 4.
1771 3134 1866 3164 Libri
1892 3133 1982 3166 Stob.
2005 3131 2068 3172 59,
2091 3131 2111 3166 3
2138 3131 2288 3181 ἑπιρροπ]

1349 3181 1404 3213 vel
1421 3178 1636 3226 ἐπιροπῄσιν.
1682 3181 1773 3214 Corr.
1806 3181 1955 3213 Meinek.
1978 3181 2029 3214 cf.
2067 3182 2248 3216 Herodian.
2279 3191 2288 3213 ἰ

1350 3225 1518 3274 διχρόνων
1535 3228 1568 3260 II
1586 3239 1619 3269 p.
1650 3224 1704 3268 18,
1725 3224 1782 3260 24.
1806 3225 1944 3272 Lentz.]
2167 3249 2169 3251 -

1419 3280 1620 3320 Ῥιπτέω.
1658 3287 1710 3318 De
1734 3287 1795 3318 hoc
1817 3288 1918 3319 verbo
1947 3287 2050 3329 [ultra
2066 3297 2226 3328 praesens
2243 3286 2288 3319 00.

1350 3334 1537 3374 perfectum
1556 3343 1621 3365 non
1640 3330 1805 3376 adhibito]
1831 3337 1867 3365 et
1885 3331 1993 3379 ῥίπτω
2011 3344 2096 3375 quae
2115 3337 2245 3366 veteres
2257 3335 2288 3366 et

1350 3381 1515 3412 centiores
1525 3390 1568 3412 ex
1579 3382 1695 3421 paucis
1708 3381 1873 3422 exemplis
1889 3382 1974 3414 forte
1982 3382 2101 3413 oblatis
2112 3382 2288 3413 disserunt*
