2288 3600
224 109 290 156 54
858 103 1162 178 Ἀναλγήτως
1193 141 1252 148 —-

291 219 578 272 Ἀναλγήτως.
607 225 839 284 ἀναισθήτως,
868 227 1015 267 ἀπόνως.
1050 230 1107 262 Gr.
1129 231 1259 262 Bekks

220 283 253 314 p.
275 269 356 314 391,
386 270 439 305 14.
476 272 534 307 τὸν
559 271 666 321 ἄνδρα
690 273 786 309 τόνοε
813 274 862 321 μὴ
888 274 972 322 τλῇς
999 275 1153 311 ἄθαπτον
1180 271 1239 311 ὧδ’

219 318 423 366 ἀναλγήτως
441 318 559 365 βαλεῖν
579 323 631 353 Ai.
655 319 757 355 1333.

290 409 537 449 Ἀναλίσκω
555 425 720 449 consumo.
740 415 829 455 τίνος
840 417 941 464 χάριν
954 413 1082 453 τοσόνδ’
1100 418 1239 453 ἀνάλω-

223 473 282 500 σας
309 460 374 507 [sic
391 472 434 494 ex
451 473 562 505 apogr.
580 464 683 496 Dind.
701 477 707 496 z
745 463 928 510 ἀνήλωσας
946 467 1017 509 LA]
1037 465 1158 513 λόγον;
1179 468 1234 499 Ai.

223 505 311 542 1049
328 513 378 542 tot
394 510 533 542 inutilia
549 513 649 543 verba
662 513 784 544 fecisti.
808 514 939 546 Tralate
957 515 1046 554 tollo,
1065 515 1233 556 interficio.

220 557 268 595 ὡς
292 554 507 602 ἀναλώσαιμί
531 569 580 591 νιν
607 559 665 592 OR
685 556 784 591 1174.
820 553 1031 595 Ἀναλῶσαιε
1062 560 1234 608 ἀφανίσαι.

223 605 369 644 Hesych.
397 615 440 636 ex
465 605 554 637 Past.
584 607 625 638 fr.
645 603 725 638 452.
763 605 889 645 παῖδας
922 607 1004 655 γάρ,
1049 607 1108 646 οὓς
1143 603 1238 655 &puts

221 650 400 689 ἀναλώσας
425 650 498 699 ἔγει
524 654 590 684 inc.
613 650 692 686 763.
730 655 767 685 In
794 665 834 686 ea
859 657 1041 688 formarum
1064 661 1238 689 auctarum

222 700 358 731 raritate
390 694 497 742 [apud
524 700 623 742 Soph.
652 703 775 742 semel,
806 703 1040 744 infrequenter
1063 705 1234 746 Euripidi,

223 756 265 779 ne
289 747 393 779 semel
417 747 554 788 quidem
578 748 742 788 Aeschylo
760 750 867 781 dictae
891 749 1169 793 sunt]lub1·icum
1188 757 1239 783 est

222 794 408 826 diiudicare
426 803 509 826 num
525 804 586 836 per
604 793 625 842 ᾖ
641 802 803 836 augeatur
820 807 861 828 an
880 791 901 830 ἆ
918 799 1074 830 retineat.
1105 800 1187 831 Nam
1206 804 1239 831 et
1256 807 1259 816 ’

222 842 306 873 ratio
331 845 365 873 et
388 842 681 882 grammaticorum
707 844 900 876 testimonia
925 850 958 876 et
975 847 1134 878 librorum
1155 847 1237 878 scri-

222 892 333 930 ptura,
363 889 392 920 si
409 892 500 921 recte
516 890 665 922 iudicare
683 892 786 932 velis,
813 893 993 933 spectanda
1010 899 1100 925 sunt.
1148 895 1237 926 Tho-

224 946 312 968 mas:
342 933 390 970 ἀν
401 934 544 970 ἀλωσα
561 935 619 970 καὶ
637 936 845 972 ἀνάλωκα
861 935 1020 981 Ἀττικοί,
1040 939 1079 974 τὸ
1098 939 1135 974 δὲ
1154 940 1240 985 μετὰ

222 981 397 1028 αὐξήσεως
424 986 531 1018 ταῦτα
553 982 683 1031 λέγειν,
714 983 787 1019 οἷον
820 985 1030 1031 ἀνήλωσα
1063 993 1096 1020 et
1129 986 1239 1033 ἀνή-

223 1029 365 1072 λωκα,
393 1029 518 1065 κοινόν.
564 1032 686 1064 Contra
712 1033 888 1066 Philemon
912 1045 946 1076 p.
971 1033 1048 1067 150.
1086 1034 1176 1082 πλὴν
1200 1035 1238 1070 τὸ

225 1077 288 1124 μὲν
321 1076 535 1123 ἀνήλωκα
571 1077 630 1112 καὶ
661 1078 830 1124 ήνάλωκα
861 1081 1025 1128 γράφεται
1057 1077 1236 1124 Ἀττικῶς,

225 1123 436 1160 ἀνάλωκα
453 1120 481 1158 δ’
498 1124 686 1172 ἀναόξητον
704 1132 840 1166 κοινῶς.
860 1131 984 1162 Moeris
1001 1141 1036 1172 p.
1049 1128 1112 1163 25:
1135 1130 1238 1176 ἀνη-

223 1172 283 1207 λω
296 1170 428 1217 μένον
453 1167 631 1215 Ἀττικῶς,
653 1173 761 1208 ἀναλ
773 1189 800 1209 ω
813 1175 945 1220 μένον
963 1183 1098 1215 κοινῶς.
1120 1179 1239 1212 Suidas

224 1232 255 1252 v.
277 1217 488 1254 ἀναλίσκεινε
518 1219 554 1255 ἐν
573 1219 610 1255 δὲ
626 1221 679 1268 τῷ
695 1221 950 1270 παρεληλυθότι
972 1224 1032 1258 καὶ
1051 1224 1104 1259 διὰ
1120 1229 1180 1259 τοῦ
1200 1225 1236 1274 ἢ,

225 1266 433 1314 ἀδιαφόρως.
477 1269 574 1301 Patet
598 1270 702 1310 igitur
728 1271 795 1303 iam
819 1276 950 1304 veteres
968 1274 1058 1305 varie
1082 1275 1119 1305 in
1144 1275 1240 1306 libris

225 1316 387 1356 scriptum
404 1316 613 1358 reperientes
630 1318 753 1350 frustra
770 1319 810 1350 de
829 1324 917 1352 certa
934 1322 1047 1360 regula
1064 1322 1236 1362 cogitasse.

225 1363 464 1395 Recentiorum
489 1373 567 1396 vero
593 1365 722 1406 primus
748 1367 910 1400 Valcken.
946 1368 986 1400 ad
1016 1369 1142 1401 Phoen.
1171 1366 1237 1401 591

225 1410 460 1453 pronuntiavit
476 1412 662 1444 secundum
682 1412 861 1455 Thomam,
890 1416 978 1457 quod
995 1417 1104 1458 prima
1121 1420 1241 1449 natura

225 1458 365 1500 produci
381 1458 479 1490 solita
495 1463 674 1499 augmento
689 1469 750 1492 nec
767 1462 918 1503 indigeat
934 1473 996 1495 nec
1012 1465 1161 1505 patiatur
1178 1475 1238 1496 au-

225 1506 308 1545 geri.
342 1504 434 1538 Huic
458 1507 643 1538 assentitur
666 1507 772 1540 Piers.
797 1510 838 1541 ad
861 1510 965 1542 Moer.
995 1512 1017 1543 l.
1039 1521 1067 1543 c.
1089 1512 1236 1544 Brunck.

233 1552 274 1584 ad
287 1553 347 1584 Ar.
369 1551 460 1585 Plut.
482 1549 562 1585 380.
591 1553 702 1586 Fisch.
731 1555 771 1587 ad
796 1557 894 1589 Well.
916 1555 947 1590 3.
975 1569 1009 1599 p.
1032 1555 1075 1591 32
1100 1559 1237 1599 iniuria,

226 1604 265 1632 ut
281 1599 484 1641 videbimus,
505 1601 633 1633 codices
650 1605 793 1635 testatus
808 1605 967 1646 optimos,
990 1606 1098 1646 Pors„
1120 1606 1241 1639 Coraes

227 1647 268 1680 ad
282 1648 383 1691 Isocr.
404 1643 437 1679 2.
465 1657 500 1689 p.
521 1644 542 1679 3
565 1651 599 1680 et
623 1649 662 1680 ad
686 1649 820 1683 Heliod.
842 1648 874 1683 2.
902 1662 936 1694 p.
970 1650 1047 1686 173.
1081 1654 1242 1686 Matthiae

226 1703 275 1735 gr.
297 1693 355 1727 Gr.
374 1703 408 1736 p.
430 1690 499 1727 303
515 1698 550 1727 et
567 1695 607 1727 ad
624 1695 679 1728 El.
701 1693 768 1729 676
784 1695 886 1743 (686)
903 1701 978 1739 alii,
1009 1711 1092 1742 quos
1110 1711 1240 1734 coacer-

227 1742 319 1774 vavit
331 1741 489 1774 Kuehlst.
506 1742 547 1774 de
560 1742 638 1776 dial.
651 1743 752 1786 Soph.
773 1755 807 1787 p.
822 1743 898 1779 124.
927 1748 971 1779 Et
986 1749 1129 1790 primam
1148 1750 1241 1782 verbi

228 1789 389 1829 syllabam
419 1793 538 1822 natura
566 1790 705 1832 produci
730 1794 979 1827 concedendum
1003 1797 1238 1838 Valckenario,

228 1846 261 1868 v.
280 1840 414 1878 praeter
430 1836 531 1878 Soph.
558 1838 646 1870 locos
669 1840 791 1872 Aesch.
813 1841 905 1883 Sept.
926 1839 1007 1875 813.
1037 1844 1120 1876 Eur.
1149 1845 1238 1877 Med.

229 1880 297 1916 325
307 1896 321 1925 ;¹
345 1884 404 1916 sed
428 1884 507 1916 hinc
539 1894 592 1917 res
625 1895 692 1918 non
717 1888 909 1921 conficitur:
948 1900 1014 1922 non
1044 1901 1106 1933 per
1130 1893 1243 1924 omnia

229 1931 320 1963 enim
346 1932 510 1964 sermonis
539 1934 746 1967 consuetudo
780 1938 910 1976 regulas
935 1939 1040 1971 iustas
1072 1941 1239 1981 sequitur.

230 1978 375 2011 Mediam
407 1980 503 2020 quasi
535 1981 739 2013 sententiam
772 1983 908 2016 Suidam
941 1990 1088 2018 sectatus
1115 1987 1263 2028 Goettl.‘;

230 2029 354 2058 tuetur·
378 2026 418 2058 ad
451 2026 577 2059 Theod.
613 2037 648 2069 p.
677 2025 763 2070 221,
805 2033 1015 2072 apertissime
1056 2035 1239 2076 ineptiens.

231 2073 357 2114 quippe
374 2073 433 2114 qui
450 2074 551 2106 etiam
568 2072 751 2110 ἀνάλισκον
776 2087 842 2110 non
860 2077 1044 2124 ἀνήλισκον
1063 2083 1171 2114 solum
1189 2093 1242 2114 re-

230 2120 334 2162 periri
348 2120 504 2162 affirmet,
525 2123 622 2155 cuius
636 2124 821 2165 scripturae
835 2128 893 2158 vix
908 2137 1048 2170 usquam
1061 2131 1242 2170 vestigium

231 2167 391 2200 cernitur.
411 2168 482 2201 Alii
499 2178 569 2201 rem
586 2170 622 2202 in
636 2171 746 2204 medio
762 2173 984 2216 reliquerunt,
1004 2177 1098 2208 velut
1115 2178 1240 2210 Iacobs.

231 2214 272 2246 ad
295 2214 380 2247 Ach.
410 2215 484 2248 Tat.
513 2225 546 2257 Ρ.
567 2213 636 2250 413
662 2222 695 2250 et
712 2219 840 2253 Buttm.
869 2222 927 2254 Gr.
956 2223 1036 2255 Mai.
1058 2221 1090 2255 2.
1118 2235 1152 2266 p.
1176 2222 1238 2257 76:

231 2262 358 2304 quippe
375 2262 463 2304 quod
486 2263 564 2296 libri
582 2265 687 2298 nimia
703 2267 913 2302 dissensione
930 2271 1168 2304 distineantur.
1199 2273 1245 2304 Et

231 2309 268 2340 in
287 2308 386 2350 Soph.
413 2311 550 2352 quidem
574 2312 643 2345 loco
661 2322 776 2347 omnes
794 2320 924 2349 auctam
942 2319 1093 2359 formam,
1122 2321 1155 2351 in
1174 2321 1244 2351 Eu-

231 2355 350 2397 ripidis
372 2360 486 2390 autem
510 2358 637 2392 Phoen.
665 2358 745 2395 608.
772 2363 878 2396 Andr.
905 2362 986 2398 456.
1018 2366 1072 2398 El.
1091 2363 1158 2400 686
1176 2377 1243 2400 non

232 2417 364 2441 aucxam
387 2410 652 2451 repraesentant.
694 2409 789 2442 Ultra
806 2412 834 2443 si
852 2414 985 2453 quaeris
997 2439 1005 2454 ,
1026 2418 1122 2446 aucta
1139 2416 1244 2447 forma

233 2456 332 2497 longe
355 2457 507 2489 testatior
530 2460 592 2488 est.
647 2458 749 2499 Apud
774 2459 1002 2499 Thucydidem
1019 2462 1184 2503 quidem,
1216 2464 1244 2494 si

232 2503 427 2546 Popponem
444 2504 552 2545 audis,
591 2502 614 2537 ἆ
639 2506 851 2547 frequentius
867 2512 990 2549 exstat,
1023 2511 1045 2557 ῆ
1077 2513 1190 2542 autem
1207 2511 1243 2541 in

233 2551 389 2583 omnibus
412 2552 508 2583 libris
532 2556 584 2584 est
598 2548 632 2592 2,
656 2549 709 2584 13.
738 2550 772 2594 3,
792 2551 849 2586 81.
870 2565 901 2586 v.
923 2555 1027 2598 Popp.
1052 2554 1083 2588 1.
1104 2567 1138 2598 p.
1159 2553 1240 2589 226.

232 2598 279 2629 At
294 2597 336 2630 de
352 2599 536 2631 oratoribus
560 2609 636 2631 cum
653 2601 741 2632 viam
765 2602 929 2642 praeisset
946 2604 1059 2635 Bremi
1084 2604 1125 2636 ad
1143 2605 1241 2636 Dem-

233 2644 288 2677 Or.
309 2645 351 2677 de
369 2645 485 2678 Chers.
512 2656 546 2688 p.
566 2642 647 2679 497.
668 2651 692 2679 t.
712 2648 758 2679 II.
780 2647 925 2689 Schaef.‚
955 2661 1047 2683 nunc
1071 2661 1141 2683 rem
1167 2661 1245 2684 con-

234 2692 315 2724 fecit
330 2692 503 2726 Benseler.
525 2694 565 2726 ad
581 2695 682 2726 Isocr.
703 2695 825 2737 Areop.
853 2706 887 2738 p.
911 2694 977 2730 133
994 2708 1065 2740 sqq.
1102 2700 1135 2730 Is
1153 2700 1245 2731 enim

233 2740 269 2770 in
293 2740 443 2772 omnibus
467 2740 577 2773 decem
608 2743 791 2774 oratoribus
818 2744 876 2775 vix
901 2745 1010 2778 ullum
1036 2755 1102 2778 non
1128 2750 1245 2778 auctae

233 2786 358 2820 formae
375 2793 503 2820 certum
521 2790 715 2830 exemplum
728 2792 868 2832 reperiri
886 2794 1064 2825 manifesto
1082 2793 1242 2834 ostendit,

233 2836 346 2866 contra
361 2834 532 2877 plerisque
548 2836 629 2868 locis
647 2837 699 2869 vel
717 2847 832 2870 omnes
850 2840 903 2871 vel
919 2841 1083 2882 plurimos
1101 2845 1135 2872 et
1157 2841 1246 2882 opti-

233 2889 303 2914 mos
318 2881 433 2923 libros,
461 2886 501 2914 ut
517 2882 714 2917 Urbinatem
730 2886 900 2928 Isocratis,
922 2888 1061 2920 alteram
1079 2897 1245 2920 consensu

234 2929 334 2959 tueri.
374 2929 590 2963 Valckenarii
606 2935 719 2965 autem
737 2938 973 2973 argumentum
991 2935 1148 2975 concidit,
1169 2945 1245 2967 cum

232 2971 298 3008 ἀίω
315 2972 422 3010 ἀίσσω
439 2972 556 3012 ἀθλὲω
574 2979 892 3013 consideraverimus
910 2987 1090 3022 augmento
1108 2991 1173 3014 non
1193 2991 1247 3013 ca-

232 3029 323 3064 rere,
352 3033 552 3066 tuamquam
578 3031 636 3058 aut
660 3036 793 3069 semper
810 3032 868 3060 aut
892 3030 1139 3071 antiquissimis
1158 3034 1246 3061 certe

233 3069 453 3113 scriptoribus
470 3072 695 3115 plurimisque
719 3075 799 3107 locis
826 3072 847 3110 ἆ
870 3077 1072 3118 producunt.
1103 3074 1120 3110 ἐ
1155 3074 1246 3109 ἰσαν

231 3114 420 3151 Herodotus
441 3115 493 3162 (9,
514 3116 577 3164 93)
602 3126 636 3152 et
661 3122 860 3164 Apollonius
885 3123 1034 3156 Rhodius
1057 3120 1108 3166 (1,
1122 3087 1248 3166 ffih23)

234 3171 396 3207 posuere;
426 3166 630 3208 reliquorum
649 3170 825 3202 verborum
851 3172 1008 3217 exempla
1033 3171 1188 3203 omnibus
1211 3171 1248 3201 in

229 3215 386 3254 promptu
405 3217 495 3245 sunt.
524 3214 683 3257 Denique
700 3216 821 3249 Elmsl.
851 3218 1107 3259 inscriptionem
1133 3227 1175 3249 ex
1193 3217 1244 3250 Ol.

230 3255 337 3299 XCII,
359 3255 380 3291 3
404 3261 546 3301 protulit
569 3258 834 3299 ΑΝΕΛΟΣΑΝ
866 3265 902 3296 id
920 3270 970 3296 est
986 3262 1170 3310 ἀνήλωσαν
1188 3271 1250 3296 ex-

228 3303 413 3338 hibentem.
443 3306 498 3340 Sic
513 3309 618 3350 igitur
630 3311 748 3344 Herm.
766 3320 900 3353 quoque
919 3313 1064 3354 scripsit,
1087 3308 1251 3345 ἀνάλωσα

229 3351 358 3392 vulgari
383 3355 528 3388 sermoni
552 3357 719 3390 tribuens.
766 3357 931 3390 Matthiae
959 3362 1073 3391 autem
1105 3358 1164 3390 illa
1196 3359 1250 3390 in-

226 3399 408 3441 scriptione
431 3402 516 3435 mire
541 3404 712 3447 abutitur,
751 3407 792 3443 ut
816 3410 947 3446 auctam
973 3406 1086 3451 potius
1111 3406 1250 3439 formam

1275 105 1286 122 ’
1296 112 1669 182 Αναμπλάκητος

1278 232 1386 272 plebis
1405 241 1467 263 usu
1488 233 1599 264 tritam
1617 234 1701 266 dicat
1717 259 1724 274 ,
1754 236 1840 276 quod
1866 237 2102 279 inscriptiones
2117 236 2240 282 imperi

1277 289 1351 310 rum
1386 280 1551 311 fabrorum
1589 290 1684 312 usum
1713 285 1745 313 et
1772 283 1894 316 menda
1926 285 2100 318 commissa
2128 284 2238 319 refers
2269 320 2279 327 ,,

1278 326 1374 357 Cadit
1391 327 1452 359 hoc
1467 327 1505 358 in
1522 328 1638 359 titulos
1656 330 1802 361 maxime
1818 331 1965 372 privatos
1990 334 2024 364 et
2040 332 2274 369 deflorescen

1277 373 1436 405 Graeciae
1461 375 1600 415 aetatis,
1631 377 1688 407 sed
1714 377 1749 408 in
1776 378 2055 420 inscriptionibus
2073 380 2210 423 publica
2225 380 2272 414 fi

1275 422 1395 462 positis
1405 422 1643 454 subtilissimas
1654 425 1815 456 sermonis
1833 426 1929 457 attici
1946 427 2037 467 leges
2053 428 2224 461 observari

1275 468 1391 508 ligiose
1409 469 1576 501 videmus.
1606 471 1674 502 Nec
1687 472 1762 512 quis
1779 473 1924 514 obiiciat,
1945 474 2123 520 γινώσκειν
2140 475 2243 509 etiam
2266 487 2277 511 εἰ

1274 513 1427 561 γίνεσθαι
1445 517 1480 547 in
1499 519 1726 550 monumentis
1744 520 1889 560 publicis
1907 522 2059 562 reperiri.
2097 522 2185 555 Sunt
2201 523 2279 559 enis

1275 564 1356 595 haec
1368 564 1610 603 pronuntiandi
1627 566 1719 606 vitia,
1742 576 1828 607 quae
1846 577 1888 599 ex
1902 569 2023 601 vitiosa
2039 570 2132 609 vulgi
2150 579 2279 610 consuj'

1274 611 1394 642 tudine
1420 611 1479 642 diu
1504 614 1582 643 ante
1604 622 1704 653 quam
1730 615 1820 655 apud
1844 616 2023 656 scriptores
2047 617 2274 651 invalescet

1275 659 1360 690 forte
1377 659 1497 690 inferri
1513 663 1670 700 potuere:
1700 661 1785 692 illud
1803 665 1916 694 autem
1933 663 1974 695 ad
1990 663 2224 704 formationem

1276 707 1400 746 fertur,
1431 715 1493 737 nec
1520 708 1623 747 inagis
1648 708 1845 749 ferendum,
1882 719 1983 751 quam
2006 711 2035 742 si
2058 713 2134 752 quis
2158 722 2241 755 prop
2263 722 2275 754 :j

1275 754 1453 784 titulorum
1472 754 1571 785 fidem
1589 751 1744 801 εὑροίμην
1763 760 1795 787 et
1813 754 1961 803 εἰλάμην
1975 759 2158 791 defendere
2174 760 2254 792 vell·
2272 776 2274 781 ,

1342 803 1555 851 ”Αναλκι,ς
1582 815 1733 853 iyncqu.
1764 813 1781 848 ὁ
1808 810 1905 849 πάντ’
1938 813 2080 854 ἄναλκις
2108 815 2208 857 οὗτος
2234 818 2263 851 Ε

1277 856 1355 890 301.
1395 860 1501 892 Schol.
1524 857 1684 906 ἀσθενής.
1723 862 1831 894 Affert
1850 863 1943 896 Suid.
1965 875 1996 896 v,
2017 862 2171 903 ἄναλκις.
2199 866 2239 898 In
2267 879 2270 884 ¹

1277 903 1419 939 ὑλακτεῖ
1444 907 1533 938 idem
1559 908 1688 940 duobus
1715 911 1867 942 versibus
1892 912 1927 942 in
1954 921 2062 943 unum
2080 913 2269 954 contractisj,

1277 952 1387 987 πάντα
1413 952 1546 992 κλεινὸς
1571 953 1682 995 οὗτος,
1710 954 1734 1000 ή
1761 960 1854 991 πᾶσα
1872 956 1997 1004 βλάβη.
2026 960 2068 991 V.
2090 959 2181 992 Pors.
2203 960 2282 1001 Ad.

1276 1011 1309 1042 p.
1332 998 1411 1034 208.
2263 1016 2271 1044 2

1346 1053 1413 1094 Ἀν
1425 1056 1505 1093 άλῦ
1517 1068 1581 1093 σις
1597 1064 1732 1103 requies.
1763 1062 1799 1096 ἐν
1818 1061 1871 1101 οἷς
1889 1062 2052 1103 ἀνάλυσίς
2078 1064 2168 1100 ἐστιν
2194 1061 2275 1101 οὐδ”τ

1278 1104 1340 1150 μία
1356 1112 1475 1141 κακῶν
1502 1108 1556 1140 El.
1583 1106 1648 1141 142
1665 1111 1715 1141 ch.
1755 1110 1856 1142 Tricl.
1886 1109 2094 1150 ἀναπόδοσις
2118 1111 2178 1147 καὶ
2203 1111 2239 1152 ἐς

1277 1153 1421 1201 ἀρχαῖον
1440 1153 1628 1194 ἐπάνοδος·
1657 1155 1829 1204 καλάγάρ
1846 1155 1890 1203 ἦν
1909 1157 1945 1199 ἐξ
1962 1158 2092 1207 ἀρχῆς,
2113 1158 2188 1194 εἶτα.
2203 1171 2238 1195 κ
2257 1169 2273 1211 ⁴2

1277 1201 1424 1248 γε’γονεν.
1471 1203 1608 1235 Rectius
1634 1202 1834 1239 ἀνάπαυλαν
1864 1216 1891 1237 s.
1920 1205 2020 1244 τέλος
2053 1209 2265 1251 interpretat¹

1277 1254 1376 1282 esset.
1408 1250 1459 1282 Cf.
1474 1251 1634 1283 Abresch.
1658 1253 1697 1284 ad
1715 1253 1837 1286 Aesch.
1855 1253 2003 1296 Choeph.
2025 1251 2101 1287 157.
2122 1255 2266 1290 Inutilis

1277 1301 1485 1330 correcturus
1512 1303 1582 1330 erat
1608 1299 1761 1341 Wakefi,
1790 1301 1877 1342 quod
1901 1303 1998 1334 affert
2023 1303 2125 1334 etiam
2143 1302 2257 1338 Suid.,

1278 1342 1444 1391 δύσφορα.
1596 1385 1600 1392 Ι
1993 1347 2026 1392 (Ι
2043 1359 2078 1391 Ρ.
2102 1346 2168 1382 136
2185 1346 2246 1383 ext
2255 1368 2267 1378 v»

1348 1397 1593 1450 Ἀνάμιγὸἅ
1608 1407 1718 1438 mixte.
1755 1404 1861 1446 τόξων
1892 1405 2044 1454 πάταγος
2076 1407 2242 1456 ταυρείων

1277 1449 1449 1498 ἀνάμιγὸα
1479 1449 1634 1498 κεράτων
1670 1454 1724 1485 Tr.
1747 1451 1827 1486 518.
1866 1456 1965 1488 Vocis
1982 1457 2170 1489 rarissimae
2188 1460 2272 1491 unz?

1278 1504 1410 1541 praeter
1451 1500 1511 1532 hoc
1544 1501 1740 1543 exemplum
1781 1503 1908 1543 reperit
1940 1503 2070 1536 Wakef.
2087 1529 2094 1545 ‚
2133 1505 2206 1537 Nic
2225 1519 2252 1534 ιο

1279 1547 1438 1588 Alexiph.
1460 1544 1539 1579 545.
1577 1548 1647 1580 Aut
1663 1549 1724 1581 hoc
1741 1553 1799 1581 aut
1816 1547 1952 1596 ἄμμιγα
1969 1552 2180 1584 obversatum
2206 1566 2212 1580 ι
2264 1545 2273 1555 ”

1279 1595 1385 1626 verim
1403 1595 1640 1635 Valckenario,
1679 1606 1754 1628 cum
1773 1598 1934 1630 scriberet
1951 1598 1991 1630 ad
2008 1598 2131 1631 Herod.
2153 1599 2229 1632 VII.

1278 1639 1401 1686 ἀναμίξ
1433 1643 1523 1684 apud
1549 1642 1746 1685 Sophoclem
1769 1648 1914 1677 exstare.
1951 1646 2003 1677 De
2028 1649 2106 1678 tono
2131 1641 2265 1690 praeci

1279 1690 1389 1731 Apoll.
1418 1690 1459 1721 de
1477 1690 1550 1722 adv.
1572 1699 1605 1731 p.
1628 1687 1708 1731 549,
1730 1687 1787 1723 29.
1817 1687 1899 1732 562,
1923 1689 1976 1725 10.

1349 1742 1415 1783 Ἀν
1426 1760 1447 1782 α
1459 1760 1483 1793 μ
1499 1746 1564 1795 ίγν
1575 1760 1593 1782 υ
1605 1760 1651 1794 μι
1676 1751 1804 1782 misceo.
1833 1751 2011 1783 Passivum
2035 1752 2144 1784 solum
2169 1761 2230 1784 exs

1279 1794 1567 1877 {Kozjzsficgwec
1586 1795 1859 1843 ἀναμεμιγμένοι
1876 1792 2046 1845 ’φείδοντο
2062 1796 2215 1846 κέντρων
2238 1816 2243 1829 ι
2260 1836 2265 1866 ἶ

1349 1897 1416 1937 Ἀν
1429 1914 1450 1936 α
1461 1913 1506 1957 μΊι
1516 1902 1599 1949 μνή
1613 1914 1699 1937 σκω
1726 1906 1761 1936 in
1778 1906 1969 1937 memoriam
1992 1915 2117 1937 revoco.
2147 1904 2217 1952 ἐγὼ

1262 1971 1263 1982 ι
1281 1955 1354 1997 φῶς
1373 1949 1485 1996 ἀγνῶτ
1512 1948 1700 1997 ἀναμνήσω
1718 1962 1767 1984 νιν
1786 1951 1844 1984 OR
1864 1949 1964 1984 1133.

1350 2004 1416 2044 'Av
1429 2021 1450 2043 α
1461 2022 1486 2054 μ
1496 2021 1519 2042 π
1529 2007 1549 2043 λ
1561 2003 1644 2056 ἄκη
1657 2021 1676 2042 τ
1686 2021 1703 2043 ο
1716 2021 1731 2048 ς
1765 2014 1800 2042 et
1833 2009 2078 2058 ἀναπλάκητος
2109 2021 2178 2044 non
2201 1999 2259 2049 αἱ

1280 2067 1368 2089 rans.
1406 2058 1495 2090 Haec
1520 2058 1623 2089 altera
1650 2059 1753 2090 forma
1772 2059 1874 2090 semel
1893 2063 2005 2091 exstat
2037 2056 2143 2094 δειναὶ
2176 2052 2206 2091 δ’
2240 2063 2263 2104 J

1281 2102 1420 2138 ἕπονται
1454 2101 1571 2151 Κῆρες
1604 2102 1844 2150 ἀναπλάκητοι
1877 2106 1934 2138 OR
1950 2102 2020 2138 472
2038 2106 2089 2139 ch.
2127 2105 2182 2141 Sic
2202 2106 2260 2144 ΙΝ

1280 2163 1328 2194 pr.
1352 2163 1396 2183 in.
1422 2149 1703 2198 [ἀναμπλάκητοι
1736 2150 1857 2210 corr.]:
1897 2153 2031 2185 firmant
2056 2155 2159 2188 etiam
2173 2153 2263 2201 Ζ9’

1280 2210 1312 2241 p.
1346 2196 1407 2231 181
1429 2203 1462 2231 et
1489 2199 1582 2232 Suid.
1612 2210 1643 2231 v.
1673 2197 1960 2246 ἀναμπλάκητοι,
1988 2201 2042 2233 hic
2067 2201 2182 2233 ordine
2207 2200 2259 2237 oe'

1282 2249 1464 2279 literarum.
1496 2247 1665 2287 Musgravi
1682 2247 1723 2279 de
1742 2249 1950 2289 corripienda
1966 2248 2114 2280 secunda
2130 2249 2166 2280 in
2184 2245 2265 2291 ἄνις,

1280 2292 1457 2340 πλάκητος
1475 2295 1645 2326 sententia
1662 2304 1771 2336 nuper
1787 2299 1966 2336 patronum
1982 2295 2072 2327 haud
2095 2295 2204 2328 indiae

1282 2347 1375 2373 nacta
1394 2347 1444 2373 est
1462 2341 1498 2373 C.
1516 2342 1736 2374 Matthiaeum
1754 2342 1818 2381 Qu.
1841 2342 1940 2384 Soph.
1961 2353 1995 2384 p.
2013 2339 2078 2375 165
2095 2342 2254 2390 ςῡοᾱἸοψ

1279 2390 1444 2421 incertius
1469 2390 1514 2421 sit
1531 2387 1699 2423 ἀπλακεῖν
1718 2387 1913 2436 ἀπλάκημα
1934 2398 2035 2431 quam
2052 2389 2258 2434 correptioq⁴¹

1280 2449 1372 2480 labae
1391 2451 1468 2479 ante
1488 2446 1571 2492 μπλ.
1601 2449 1672 2480 Hoc
1690 2449 1718 2480 si
1733 2451 1849 2481 verum
1863 2453 1924 2490 est,
1945 2449 2012 2480 iam
2026 2449 2135 2480 omnis
2148 2446 2238 2481 doc
2258 2447 2259 2450 ’

1280 2495 1451 2537 prosodiae
1470 2496 1646 2527 abiiciatur
1659 2500 1799 2537 oportet.
1821 2496 1968 2528 Brunck.
1987 2493 2183 2541 ἀπλάκητοι
2197 2492 2234 2544 p'
2253 2507 2257 2519 ·»

1281 2544 1372 2583 tulit,
1401 2543 1579 2575 Abreschii
1600 2553 1678 2574 ann.
1708 2543 1749 2574 ad
1774 2543 1918 2582 Hesych.
1949 2554 1981 2575 V.
2010 2540 2227 2589 o’utlldxnrot*
2256 2542 2261 2549 '

1281 2594 1411 2632 ceptus,
1433 2590 1519 2631 quod
1535 2591 1592 2622 ille
1610 2588 1851 2636 ἀναμάρτητον
1869 2591 1980 2622 valere
1995 2591 2059 2622 sibi
2071 2587 2255 2634 persuum]¹

1281 2639 1323 2669 V.
1345 2637 1460 2669 Herm.
1484 2637 1524 2669 de
1542 2647 1606 2669 em.
1630 2648 1655 2669 r.
1678 2647 1723 2677 gr.
1746 2647 1793 2678 gr.
1820 2648 1853 2679 p.
1878 2634 1932 2670 19.
1974 2638 2009 2670 Si
2033 2648 2052 2669 a
2076 2635 2147 2670 πλα
2203 2639 2205 2667 ἓ
2231 2639 2246 2683 *J

1282 2689 1380 2723 esset,
1396 2682 1593 2730 ἄπλαγκτος
1607 2685 1785 2725 diceretur,
1803 2685 2085 2726 quemadmodum
2097 2683 2166 2718 πολ
2188 2688 2214 2725 ft
2227 2693 2239 2709 ’
2275 2697 2279 2702 Α

1281 2742 1362 2769 κτος
1388 2733 1460 2773 ipse
1480 2733 1578 2774 Soph.
1600 2733 1726 2773 posuit.
1756 2732 1819 2764 Est
1836 2736 1949 2763 autem
1966 2733 2007 2764 ab
2032 2729 2255 2781 &parthau-5523]

1282 2791 1368 2832 quod
1386 2801 1461 2823 cum
1480 2788 1670 2830 πλάζεσθαι
1689 2791 1843 2823 cohaeret
1859 2791 2006 2832 quidem,
2028 2791 2087 2823 sed
2105 2803 2131 2835 μ
2147 2789 2251 2831 cor'rq'

1282 2839 1404 2870 randae
1423 2839 1521 2880 stirpi
1537 2840 1702 2870 insertum
1720 2838 1837 2878 habet,
1867 2836 2074 2884 ἁμαρτάνειν
2091 2837 2243 2878 signifi]

1282 2886 1373 2917 unde
1399 2883 1567 2919 ἀπλακεῖν
1593 2886 1807 2917 scribendum
1824 2887 1860 2916 in
1878 2886 1971 2917 brevi
1987 2886 2108 2926 prima,
2129 2888 2164 2917 et
2185 2881 2235 2917 ἀ·
2257 2919 2259 2923 ,

1282 2932 1389 2978 κητός
1407 2942 1473 2965 non
1491 2931 1704 2979 ἀπλάκητος.
1726 2926 2040 2978 Ἀναμπλακήτους
2057 2929 2180 2978 Κῆρας
2194 2932 2223 2967 i-
2238 2943 2241 2957 2

1283 2991 1359 3013 cum
1377 2981 1527 3021 explicet
1543 2981 1644 3012 schol.
1676 2980 1734 3011 ΟΒ
1752 2977 1820 3012 472
1853 2978 1888 3013 αἱ
1914 2977 2023 3024 μηδὲν
2041 2977 2219 3025 ἁμαρτάνο
2231 2979 2242 3009 ’,

1283 3026 1373 3061 ἀλλὰ
1392 3025 1530 3061 πάντων
1547 3029 1754 3073 κρατοῦσαι·
1774 3024 1796 3071 ἢ
1818 3024 1938 3067 οὕτως,
1959 3023 2119 3072 ἄφυκτοι,
2139 3022 2232 3063 dnm

1282 3086 1348 3114 τοι,
1369 3073 1666 3120 ἀπροσπέλαστοι,
1686 3073 1839 3120 ἀφανεῖς,
1862 3071 1902 3110 ἃς
1919 3071 1982 3107 οὐκ
2000 3071 2088 3107 ἔστιν
2108 3071 2256 3124 ἀποφιι

1283 3122 1392 3154 media
1408 3123 1467 3154 illa
1483 3123 1573 3154 inter
1590 3127 1658 3154 tres
1676 3122 1868 3162 explicandi
1885 3121 2031 3153 rationes
2047 3120 2217 3162 probanda
2228 3124 2248 3155 ,’

1286 3188 1327 3194 -
1347 3169 1483 3201 Plenior
1501 3171 1604 3201 forma
1627 3170 1666 3201 ab
1683 3169 1877 3200 Hermanno
1901 3169 1924 3199 l.
1946 3178 1973 3199 c.
1996 3169 2153 3211 restituta
2169 3169 2244 3200 estv

1287 3213 1350 3248 121
1378 3217 1428 3248 ch.
1467 3214 1557 3250 ἀλλά
1579 3227 1630 3253 τις
1663 3213 1753 3249 θεῶν
1786 3214 1858 3248 αἰὲν
1890 3212 2162 3260 ἀναμπλάκητον
2195 3205 2261 3262 ‘'*3
2283 3211 2286 3214 ’

1286 3273 1349 3310 σφε
1375 3261 1491 3308 δόμων
1517 3260 1643 3309 ἐρύκει.
1664 3263 1845 3294 Herculem
1862 3263 1944 3294 dicit
1962 3262 2019 3293 LA
2047 3258 2214 3307 ἀμπλάκη

1286 3311 1432 3343 Brunck.
1463 3311 1563 3342 etiam
1595 3310 1649 3341 hic
1674 3307 1887 3355 ἀπλάκητον.
1933 3310 2031 3341 Viam
2057 3307 2267 3350 emendatio,v

1287 3361 1451 3390 monstrat
1483 3357 1583 3389 schol.
1621 3358 1668 3389 sic
1693 3358 1860 3388 scribens:
1900 3354 1989 3390 θεῶν
2023 3353 2087 3401 γάρ
2118 3365 2169 3392 τις
2196 3348 2243 3388 αὖ.
2272 3355 2273 3359 ’

1286 3403 1527 3450 ἀναμάρτητον
1544 3401 1604 3438 καὶ
1621 3401 1752 3437 δίκαιον
1766 3400 1847 3436 ὄντα
1863 3401 1992 3436 κωλύει
2005 3401 2072 3435 ἀπὸ
2089 3403 2150 3435 τοῦ
2162 3394 2270 3453 Ἅι,
