<?xml version="1.0" encoding="UTF-8"?>
<!DOCTYPE html PUBLIC "-//W3C//DTD XHTML 1.0 Transitional//EN"
    "http://www.w3.org/TR/xhtml1/DTD/xhtml1-transitional.dtd">
<html xmlns="http://www.w3.org/1999/xhtml" xml:lang="en" lang="en">
 <head>
  <title>
</title>
<meta http-equiv="Content-Type" content="text/html;charset=utf-8" />
  <meta name='ocr-system' content='tesseract 3.04.00' />
  <meta name='ocr-capabilities' content='ocr_page ocr_carea ocr_par ocr_line ocrx_word'/>
</head>
<body>
  <div class='ocr_page' id='page_1' title='image "./lexiconsophocleu00elleuoft_0774.png"; bbox 0 0 2288 3600; ppageno 0'>
   <div class='ocr_carea' id='block_1_1' title="bbox 272 142 371 190">
    <p class='ocr_par' dir='ltr' id='par_1_1' title="bbox 272 142 371 190">
     <span class='ocr_line' id='line_1_1' title="bbox 272 142 371 190; baseline 0.01 -1"><span class='ocrx_word' id='word_1_1' title='bbox 272 142 371 190; x_wconf 88' lang='lat'><strong>368</strong></span> 
     </span>
    </p>
   </div>
   <div class='ocr_carea' id='block_1_2' title="bbox 269 254 1284 486">
    <p class='ocr_par' dir='ltr' id='par_1_2' title="bbox 269 254 1284 486">
     <span class='ocr_line' id='line_1_2' title="bbox 271 254 1284 303; baseline 0.001 -14"><span class='ocrx_word' id='word_1_2' title='bbox 271 258 325 289; x_wconf 86' lang='lat' dir='ltr'><strong>Tr.</strong></span> <span class='ocrx_word' id='word_1_3' title='bbox 347 254 415 288; x_wconf 89' lang='grc'><strong>642</strong></span> <span class='ocrx_word' id='word_1_4' title='bbox 433 257 484 290; x_wconf 89' lang='lat' dir='ltr'><strong>ch.</strong></span> <span class='ocrx_word' id='word_1_5' title='bbox 522 257 574 288; x_wconf 92' lang='lat' dir='ltr'><strong>De</strong></span> <span class='ocrx_word' id='word_1_6' title='bbox 591 258 713 290; x_wconf 84' lang='lat' dir='ltr'><strong>armis:</strong></span> <span class='ocrx_word' id='word_1_7' title='bbox 741 255 1049 301; x_wconf 75' lang='grc' dir='ltr'>προσνισσομένους</span> <span class='ocrx_word' id='word_1_8' title='bbox 1072 259 1201 303; x_wconf 81' lang='grc' dir='ltr'>χρυσοῦ</span> <span class='ocrx_word' id='word_1_9' title='bbox 1219 268 1284 290; x_wconf 85' lang='grc' dir='ltr'><strong>κα-</strong></span> 
     </span>
     <span class='ocr_line' id='line_1_3' title="bbox 269 297 1280 351; baseline -0.003 -13"><span class='ocrx_word' id='word_1_10' title='bbox 269 307 380 351; x_wconf 86' lang='grc' dir='ltr'>ναχῆς</span> <span class='ocrx_word' id='word_1_11' title='bbox 397 302 589 349; x_wconf 81' lang='grc' dir='ltr'>ὑπερόπτας</span> <span class='ocrx_word' id='word_1_12' title='bbox 606 306 688 336; x_wconf 82' lang='lat' dir='ltr'><strong>Ant.</strong></span> <span class='ocrx_word' id='word_1_13' title='bbox 707 301 774 336; x_wconf 85' lang='lat' dir='ltr'><strong>13O</strong></span> <span class='ocrx_word' id='word_1_14' title='bbox 787 314 840 335; x_wconf 89' lang='lat' dir='ltr'><strong>an.</strong></span> <span class='ocrx_word' id='word_1_15' title='bbox 870 301 1023 351; x_wconf 81' lang='grc' dir='ltr'>[καναχῇ</span> <span class='ocrx_word' id='word_1_16' title='bbox 1037 297 1070 337; x_wconf 75' lang='grc' dir='ltr'><strong>θ’</strong></span> <span class='ocrx_word' id='word_1_17' title='bbox 1086 305 1280 345; x_wconf 87' lang='lat' dir='ltr'><strong>Emperius,</strong></span> 
     </span>
     <span class='ocr_line' id='line_1_4' title="bbox 270 348 1284 394; baseline 0 -11"><span class='ocrx_word' id='word_1_18' title='bbox 270 352 358 392; x_wconf 89' lang='lat' dir='ltr'><strong>quod</strong></span> <span class='ocrx_word' id='word_1_19' title='bbox 372 353 498 392; x_wconf 87' lang='lat' dir='ltr'><strong>recepit</strong></span> <span class='ocrx_word' id='word_1_20' title='bbox 509 348 646 394; x_wconf 85' lang='lat' dir='ltr'><strong>Dind.].</strong></span> <span class='ocrx_word' id='word_1_21' title='bbox 667 352 718 383; x_wconf 90' lang='lat' dir='ltr'><strong>De</strong></span> <span class='ocrx_word' id='word_1_22' title='bbox 737 355 814 382; x_wconf 90' lang='lat' dir='ltr'><strong>tono</strong></span> <span class='ocrx_word' id='word_1_23' title='bbox 832 355 870 382; x_wconf 90' lang='lat' dir='ltr'><strong>ut</strong></span> <span class='ocrx_word' id='word_1_24' title='bbox 887 352 922 382; x_wconf 93' lang='lat' dir='ltr'><strong>in</strong></span> <span class='ocrx_word' id='word_1_25' title='bbox 939 352 1064 382; x_wconf 73' lang='lat' dir='ltr'><strong>verbali</strong></span> <span class='ocrx_word' id='word_1_26' title='bbox 1082 352 1284 391; x_wconf 84' lang='lat' dir='ltr'>ambiguitas</span> 
     </span>
     <span class='ocr_line' id='line_1_5' title="bbox 270 398 1284 440; baseline 0 -10"><span class='ocrx_word' id='word_1_27' title='bbox 270 408 344 430; x_wconf 89' lang='lat' dir='ltr'><strong>esse</strong></span> <span class='ocrx_word' id='word_1_28' title='bbox 363 408 427 430; x_wconf 90' lang='lat' dir='ltr'><strong>non</strong></span> <span class='ocrx_word' id='word_1_29' title='bbox 445 402 576 439; x_wconf 86' lang='lat' dir='ltr'><strong>potest,</strong></span> <span class='ocrx_word' id='word_1_30' title='bbox 605 399 671 430; x_wconf 87' lang='lat' dir='ltr'><strong>etsi</strong></span> <span class='ocrx_word' id='word_1_31' title='bbox 688 398 813 430; x_wconf 85' lang='lat' dir='ltr'>diserte</span> <span class='ocrx_word' id='word_1_32' title='bbox 830 399 870 430; x_wconf 92' lang='lat' dir='ltr'><strong>de</strong></span> <span class='ocrx_word' id='word_1_33' title='bbox 888 408 927 430; x_wconf 94' lang='lat' dir='ltr'><strong>eo</strong></span> <span class='ocrx_word' id='word_1_34' title='bbox 944 399 1092 440; x_wconf 85' lang='lat' dir='ltr'>praecipi</span> <span class='ocrx_word' id='word_1_35' title='bbox 1116 400 1156 430; x_wconf 86' lang='lat' dir='ltr'><strong>ab</strong></span> <span class='ocrx_word' id='word_1_36' title='bbox 1173 399 1284 440; x_wconf 89' lang='lat' dir='ltr'><strong>aliquo</strong></span> 
     </span>
     <span class='ocr_line' id='line_1_6' title="bbox 270 455 394 486; baseline 0 -9"><span class='ocrx_word' id='word_1_37' title='bbox 270 455 394 486; x_wconf 78' lang='lat' dir='ltr'><strong>lgnoro.</strong></span> 
     </span>
    </p>
   </div>
   <div class='ocr_carea' id='block_1_3' title="bbox 269 501 1284 739">
    <p class='ocr_par' dir='ltr' id='par_1_3' title="bbox 269 501 1284 739">
     <span class='ocr_line' id='line_1_7' title="bbox 340 501 1283 549; baseline -0.003 -10"><span class='ocrx_word' id='word_1_38' title='bbox 340 501 577 548; x_wconf 65' lang='grc' dir='ltr'>Κάνθαρος</span> <span class='ocrx_word' id='word_1_39' title='bbox 593 503 782 535; x_wconf 74' lang='lat' dir='ltr'><strong>cantharus.</strong></span> <span class='ocrx_word' id='word_1_40' title='bbox 820 502 929 535; x_wconf 86' lang='lat' dir='ltr'><strong>Schol.</strong></span> <span class='ocrx_word' id='word_1_41' title='bbox 951 505 1009 535; x_wconf 90' lang='lat' dir='ltr'><strong>Ar.</strong></span> <span class='ocrx_word' id='word_1_42' title='bbox 1030 505 1104 536; x_wconf 92' lang='lat' dir='ltr'><strong>Pac.</strong></span> <span class='ocrx_word' id='word_1_43' title='bbox 1127 501 1191 535; x_wconf 89' lang='lat'><strong>73:</strong></span> <span class='ocrx_word' id='word_1_44' title='bbox 1221 515 1283 549; x_wconf 89' lang='grc' dir='ltr'><strong>με-</strong></span> 
     </span>
     <span class='ocr_line' id='line_1_8' title="bbox 269 547 1284 598; baseline -0.001 -13"><span class='ocrx_word' id='word_1_45' title='bbox 269 550 368 598; x_wconf 81' lang='grc' dir='ltr'>γάλοι</span> <span class='ocrx_word' id='word_1_46' title='bbox 386 549 542 598; x_wconf 83' lang='grc' dir='ltr'>λέγονται</span> <span class='ocrx_word' id='word_1_47' title='bbox 558 549 648 584; x_wconf 81' lang='grc' dir='ltr'>κατὰ</span> <span class='ocrx_word' id='word_1_48' title='bbox 663 549 726 596; x_wconf 81' lang='grc' dir='ltr'><strong>τὴν</strong></span> <span class='ocrx_word' id='word_1_49' title='bbox 734 547 863 596; x_wconf 83' lang='grc' dir='ltr'>Α’ίτνην</span> <span class='ocrx_word' id='word_1_50' title='bbox 879 547 1058 597; x_wconf 81' lang='grc' dir='ltr'>κάνθαροι;</span> <span class='ocrx_word' id='word_1_51' title='bbox 1090 548 1175 597; x_wconf 87' lang='grc' dir='ltr'>Σοφ.</span> <span class='ocrx_word' id='word_1_52' title='bbox 1199 547 1284 584; x_wconf 91' lang='grc' dir='ltr'>Δαι-</span> 
     </span>
     <span class='ocr_line' id='line_1_9' title="bbox 271 592 1284 645; baseline 0.001 -14"><span class='ocrx_word' id='word_1_53' title='bbox 271 597 367 645; x_wconf 82' lang='grc' dir='ltr'>δάλῳ</span> <span class='ocrx_word' id='word_1_54' title='bbox 402 600 442 630; x_wconf 87' lang='lat' dir='ltr'><strong>fr.</strong></span> <span class='ocrx_word' id='word_1_55' title='bbox 467 595 562 642; x_wconf 87' lang='lat'><strong>173]·</strong></span> <span class='ocrx_word' id='word_1_56' title='bbox 591 592 681 631; x_wconf 77' lang='grc' dir='ltr'>ἀλλ’</span> <span class='ocrx_word' id='word_1_57' title='bbox 716 595 819 630; x_wconf 82' lang='grc' dir='ltr'>οὐδὲ</span> <span class='ocrx_word' id='word_1_58' title='bbox 856 596 933 642; x_wconf 88' lang='grc' dir='ltr'><strong>μὲν</strong></span> <span class='ocrx_word' id='word_1_59' title='bbox 972 596 1022 644; x_wconf 82' lang='grc' dir='ltr'><strong>δὴ</strong></span> <span class='ocrx_word' id='word_1_60' title='bbox 1060 596 1284 643; x_wconf 76' lang='grc' dir='ltr'>κάνθαρος</span> 
     </span>
     <span class='ocr_line' id='line_1_10' title="bbox 269 642 1283 692; baseline -0.002 -12"><span class='ocrx_word' id='word_1_61' title='bbox 269 651 354 680; x_wconf 81' lang='grc' dir='ltr'><strong>τῶν</strong></span> <span class='ocrx_word' id='word_1_62' title='bbox 421 644 601 679; x_wconf 86' lang='grc' dir='ltr'>ἰτναίων</span> <span class='ocrx_word' id='word_1_63' title='bbox 635 643 805 678; x_wconf 86' lang='grc' dir='ltr'>πάντων</span> <span class='ocrx_word' id='word_1_64' title='bbox 832 642 983 688; x_wconf 86' lang='grc' dir='ltr'>[πάντως</span> <span class='ocrx_word' id='word_1_65' title='bbox 1001 644 1101 690; x_wconf 87' lang='grc'>0011.].</span> <span class='ocrx_word' id='word_1_66' title='bbox 1130 644 1221 692; x_wconf 87' lang='grc' dir='ltr'>λέγει</span> <span class='ocrx_word' id='word_1_67' title='bbox 1247 644 1283 678; x_wconf 84' lang='grc' dir='ltr'><strong>δὲ</strong></span> 
     </span>
     <span class='ocr_line' id='line_1_11' title="bbox 271 690 1069 739; baseline -0.004 -11"><span class='ocrx_word' id='word_1_68' title='bbox 271 693 411 728; x_wconf 87' lang='grc' dir='ltr'>πάντα</span> <span class='ocrx_word' id='word_1_69' title='bbox 436 691 588 738; x_wconf 83' lang='grc' dir='ltr'>[πάντως</span> <span class='ocrx_word' id='word_1_70' title='bbox 607 690 697 736; x_wconf 86' lang='grc'>0011.]</span> <span class='ocrx_word' id='word_1_71' title='bbox 715 690 859 730; x_wconf 75' lang='grc' dir='ltr'>εἰκάζων</span> <span class='ocrx_word' id='word_1_72' title='bbox 885 690 932 729; x_wconf 79' lang='grc' dir='ltr'><strong>εἰς</strong></span> <span class='ocrx_word' id='word_1_73' title='bbox 952 691 1069 739; x_wconf 85' lang='grc' dir='ltr'>μέγαν.</span> 
     </span>
    </p>
   </div>
   <div class='ocr_carea' id='block_1_4' title="bbox 268 759 1284 1324">
    <p class='ocr_par' dir='ltr' id='par_1_4' title="bbox 268 759 1284 1324">
     <span class='ocr_line' id='line_1_12' title="bbox 341 759 1283 807; baseline -0.004 -9"><span class='ocrx_word' id='word_1_74' title='bbox 341 760 568 807; x_wconf 81' lang='grc' dir='ltr'>Κάννᾶβις</span> <span class='ocrx_word' id='word_1_75' title='bbox 587 760 696 807; x_wconf 83' lang='lat' dir='ltr'><strong>[Curt.</strong></span> <span class='ocrx_word' id='word_1_76' title='bbox 720 763 775 794; x_wconf 85' lang='lat' dir='ltr'><strong>Et.</strong></span> <span class='ocrx_word' id='word_1_77' title='bbox 797 772 831 794; x_wconf 88' lang='lat' dir='ltr'><strong>n.</strong></span> <span class='ocrx_word' id='word_1_78' title='bbox 854 759 914 806; x_wconf 85' lang='lat'><strong>33]</strong></span> <span class='ocrx_word' id='word_1_79' title='bbox 935 763 1092 794; x_wconf 78' lang='lat' dir='ltr'><em>cannabis</em></span> <span class='ocrx_word' id='word_1_80' title='bbox 1110 764 1162 794; x_wconf 87' lang='lat' dir='ltr'><strong>vel</strong></span> <span class='ocrx_word' id='word_1_81' title='bbox 1186 765 1283 795; x_wconf 80' lang='lat' dir='ltr'><strong>vestis</strong></span> 
     </span>
     <span class='ocr_line' id='line_1_13' title="bbox 270 810 1279 852; baseline -0.003 -8"><span class='ocrx_word' id='word_1_82' title='bbox 270 811 345 844; x_wconf 83' lang='lat' dir='ltr'><strong>inde</strong></span> <span class='ocrx_word' id='word_1_83' title='bbox 362 811 455 852; x_wconf 79' lang='lat' dir='ltr'><strong>facta</strong></span> <span class='ocrx_word' id='word_1_84' title='bbox 467 822 477 841; x_wconf 91' lang='lat'><em>:</em></span> <span class='ocrx_word' id='word_1_85' title='bbox 504 815 579 842; x_wconf 88' lang='lat' dir='ltr'><strong>utro</strong></span> <span class='ocrx_word' id='word_1_86' title='bbox 597 811 688 841; x_wconf 90' lang='lat' dir='ltr'><strong>enim</strong></span> <span class='ocrx_word' id='word_1_87' title='bbox 706 810 801 841; x_wconf 91' lang='lat' dir='ltr'><strong>modo</strong></span> <span class='ocrx_word' id='word_1_88' title='bbox 819 810 919 850; x_wconf 78' lang='lat' dir='ltr'><strong>soph.</strong></span> <span class='ocrx_word' id='word_1_89' title='bbox 937 811 1087 850; x_wconf 82' lang='lat' dir='ltr'><strong>posuerit</strong></span> <span class='ocrx_word' id='word_1_90' title='bbox 1100 812 1279 851; x_wconf 86' lang='lat' dir='ltr'><strong>incertum,</strong></span> 
     </span>
     <span class='ocr_line' id='line_1_14' title="bbox 271 858 1279 898; baseline -0.002 -7"><span class='ocrx_word' id='word_1_91' title='bbox 271 870 348 891; x_wconf 89' lang='lat' dir='ltr'><strong>cum</strong></span> <span class='ocrx_word' id='word_1_92' title='bbox 365 858 451 890; x_wconf 89' lang='lat' dir='ltr'><strong>nihil</strong></span> <span class='ocrx_word' id='word_1_93' title='bbox 468 859 535 889; x_wconf 89' lang='lat' dir='ltr'><strong>nisi</strong></span> <span class='ocrx_word' id='word_1_94' title='bbox 552 859 664 898; x_wconf 87' lang='lat' dir='ltr'><strong>ipsum</strong></span> <span class='ocrx_word' id='word_1_95' title='bbox 683 858 882 888; x_wconf 81' lang='lat' dir='ltr'><strong>vocabulum</strong></span> <span class='ocrx_word' id='word_1_96' title='bbox 899 858 1060 889; x_wconf 85' lang='lat' dir='ltr'><strong>afferatur</strong></span> <span class='ocrx_word' id='word_1_97' title='bbox 1078 859 1117 889; x_wconf 90' lang='lat' dir='ltr'><strong>ab</strong></span> <span class='ocrx_word' id='word_1_98' title='bbox 1134 858 1279 889; x_wconf 90' lang='lat' dir='ltr'><strong>Antiatt.</strong></span> 
     </span>
     <span class='ocr_line' id='line_1_15' title="bbox 269 901 1283 948; baseline -0.002 -10"><span class='ocrx_word' id='word_1_99' title='bbox 269 907 375 938; x_wconf 87' lang='lat' dir='ltr'><strong>Bekk.</strong></span> <span class='ocrx_word' id='word_1_100' title='bbox 402 915 436 946; x_wconf 88' lang='lat' dir='ltr'><strong>p.</strong></span> <span class='ocrx_word' id='word_1_101' title='bbox 460 902 538 945; x_wconf 97' lang='grc'>105,</span> <span class='ocrx_word' id='word_1_102' title='bbox 559 901 603 935; x_wconf 92' lang='grc'><strong>27</strong></span> <span class='ocrx_word' id='word_1_103' title='bbox 630 915 673 935; x_wconf 84' lang='lat' dir='ltr'><strong>ex</strong></span> <span class='ocrx_word' id='word_1_104' title='bbox 697 904 852 943; x_wconf 87' lang='lat' dir='ltr'><strong>Thamyr.</strong></span> <span class='ocrx_word' id='word_1_105' title='bbox 873 902 930 946; x_wconf 83' lang='lat' dir='ltr'><strong>[fr.</strong></span> <span class='ocrx_word' id='word_1_106' title='bbox 952 902 1037 948; x_wconf 84' lang='lat'><strong>231)</strong></span> <span class='ocrx_word' id='word_1_107' title='bbox 1062 909 1096 936; x_wconf 89' lang='lat' dir='ltr'><strong>et</strong></span> <span class='ocrx_word' id='word_1_108' title='bbox 1123 905 1283 936; x_wconf 85' lang='lat' dir='ltr'><strong>Herodoti</strong></span> 
     </span>
     <span class='ocr_line' id='line_1_16' title="bbox 269 950 1278 993; baseline -0.002 -8"><span class='ocrx_word' id='word_1_109' title='bbox 269 955 353 986; x_wconf 88' lang='lat' dir='ltr'><strong>libro</strong></span> <span class='ocrx_word' id='word_1_110' title='bbox 370 950 403 984; x_wconf 89' lang='lat'><strong>4.</strong></span> <span class='ocrx_word' id='word_1_111' title='bbox 442 953 494 984; x_wconf 87' lang='lat' dir='ltr'><strong>De</strong></span> <span class='ocrx_word' id='word_1_112' title='bbox 512 955 652 983; x_wconf 87' lang='lat' dir='ltr'><strong>accentu</strong></span> <span class='ocrx_word' id='word_1_113' title='bbox 678 953 799 982; x_wconf 89' lang='lat' dir='ltr'><strong>vitiose</strong></span> <span class='ocrx_word' id='word_1_114' title='bbox 826 952 956 983; x_wconf 87' lang='lat' dir='ltr'><strong>videtur</strong></span> <span class='ocrx_word' id='word_1_115' title='bbox 981 956 1130 983; x_wconf 86' lang='lat' dir='ltr'><strong>statuere</strong></span> <span class='ocrx_word' id='word_1_116' title='bbox 1147 953 1224 983; x_wconf 89' lang='lat' dir='ltr'><strong>Arc.</strong></span> <span class='ocrx_word' id='word_1_117' title='bbox 1245 963 1278 993; x_wconf 92' lang='lat' dir='ltr'><strong>p.</strong></span> 
     </span>
     <span class='ocr_line' id='line_1_17' title="bbox 268 996 1284 1045; baseline -0.001 -12"><span class='ocrx_word' id='word_1_118' title='bbox 268 998 326 1041; x_wconf 85' lang='lat'><strong>29,</strong></span> <span class='ocrx_word' id='word_1_119' title='bbox 349 998 404 1041; x_wconf 86' lang='lat'><strong>15,</strong></span> <span class='ocrx_word' id='word_1_120' title='bbox 434 1008 624 1041; x_wconf 80' lang='lat' dir='ltr'><strong>quanquam</strong></span> <span class='ocrx_word' id='word_1_121' title='bbox 644 999 731 1040; x_wconf 91' lang='lat' dir='ltr'><strong>quod</strong></span> <span class='ocrx_word' id='word_1_122' title='bbox 750 1000 866 1031; x_wconf 78' lang='lat' dir='ltr'><strong>scribit</strong></span> <span class='ocrx_word' id='word_1_123' title='bbox 889 997 931 1031; x_wconf 82' lang='grc' dir='ltr'><strong>τὰ</strong></span> <span class='ocrx_word' id='word_1_124' title='bbox 956 997 993 1032; x_wconf 86' lang='grc' dir='ltr'><strong>δὲ</strong></span> <span class='ocrx_word' id='word_1_125' title='bbox 1017 996 1118 1044; x_wconf 87' lang='grc' dir='ltr'>κύρια</span> <span class='ocrx_word' id='word_1_126' title='bbox 1138 996 1161 1043; x_wconf 85' lang='grc' dir='ltr'>ἢ</span> <span class='ocrx_word' id='word_1_127' title='bbox 1180 1009 1284 1045; x_wconf 90' lang='grc' dir='ltr'>προσ-</span> 
     </span>
     <span class='ocr_line' id='line_1_18' title="bbox 268 1044 1283 1094; baseline -0.003 -13"><span class='ocrx_word' id='word_1_128' title='bbox 268 1045 416 1094; x_wconf 86' lang='grc' dir='ltr'>ηγορικὰ</span> <span class='ocrx_word' id='word_1_129' title='bbox 434 1044 624 1092; x_wconf 77' lang='grc' dir='ltr'>βαρύνεται,</span> <span class='ocrx_word' id='word_1_130' title='bbox 647 1056 689 1077; x_wconf 85' lang='lat' dir='ltr'><strong>ex</strong></span> <span class='ocrx_word' id='word_1_131' title='bbox 707 1055 745 1077; x_wconf 91' lang='lat' dir='ltr'><strong>eo</strong></span> <span class='ocrx_word' id='word_1_132' title='bbox 762 1047 797 1077; x_wconf 92' lang='lat' dir='ltr'><strong>in</strong></span> <span class='ocrx_word' id='word_1_133' title='bbox 816 1050 908 1078; x_wconf 86' lang='lat' dir='ltr'><strong>tanta</strong></span> <span class='ocrx_word' id='word_1_134' title='bbox 925 1047 1145 1078; x_wconf 87' lang='lat' dir='ltr'><strong>mendositate</strong></span> <span class='ocrx_word' id='word_1_135' title='bbox 1163 1052 1196 1077; x_wconf 90' lang='lat' dir='ltr'><strong>et</strong></span> <span class='ocrx_word' id='word_1_136' title='bbox 1213 1057 1283 1078; x_wconf 87' lang='lat' dir='ltr'><strong>am-</strong></span> 
     </span>
     <span class='ocr_line' id='line_1_19' title="bbox 268 1094 1282 1136; baseline -0.002 -9"><span class='ocrx_word' id='word_1_137' title='bbox 268 1097 433 1136; x_wconf 87' lang='lat' dir='ltr'><strong>biguitate</strong></span> <span class='ocrx_word' id='word_1_138' title='bbox 459 1095 621 1135; x_wconf 88' lang='lat' dir='ltr'><strong>epi‘omes</strong></span> <span class='ocrx_word' id='word_1_139' title='bbox 648 1094 769 1125; x_wconf 89' lang='lat' dir='ltr'><strong>inscite</strong></span> <span class='ocrx_word' id='word_1_140' title='bbox 794 1094 899 1125; x_wconf 86' lang='lat' dir='ltr'><strong>sactae</strong></span> <span class='ocrx_word' id='word_1_141' title='bbox 933 1103 998 1125; x_wconf 91' lang='lat' dir='ltr'><strong>non</strong></span> <span class='ocrx_word' id='word_1_142' title='bbox 1025 1095 1171 1125; x_wconf 83' lang='lat' dir='ltr'><strong>efficitur</strong></span> <span class='ocrx_word' id='word_1_143' title='bbox 1202 1095 1282 1125; x_wconf 88' lang='lat' dir='ltr'><strong>inde</strong></span> 
     </span>
     <span class='ocr_line' id='line_1_20' title="bbox 269 1138 1284 1186; baseline -0.001 -11"><span class='ocrx_word' id='word_1_144' title='bbox 269 1143 433 1184; x_wconf 89' lang='lat' dir='ltr'><strong>penacui,</strong></span> <span class='ocrx_word' id='word_1_145' title='bbox 463 1143 526 1173; x_wconf 88' lang='lat' dir='ltr'><strong>etsi</strong></span> <span class='ocrx_word' id='word_1_146' title='bbox 552 1145 629 1172; x_wconf 91' lang='lat' dir='ltr'><strong>ante</strong></span> <span class='ocrx_word' id='word_1_147' title='bbox 648 1141 775 1172; x_wconf 88' lang='lat' dir='ltr'><strong>dictum</strong></span> <span class='ocrx_word' id='word_1_148' title='bbox 798 1138 840 1173; x_wconf 85' lang='grc' dir='ltr'><strong>τὰ</strong></span> <span class='ocrx_word' id='word_1_149' title='bbox 857 1139 904 1178; x_wconf 85' lang='grc' dir='ltr'><strong>εἰς</strong></span> <span class='ocrx_word' id='word_1_150' title='bbox 931 1139 983 1185; x_wconf 87' lang='grc' dir='ltr'><strong>βις</strong></span> <span class='ocrx_word' id='word_1_151' title='bbox 1009 1139 1284 1186; x_wconf 78' lang='grc' dir='ltr'>ὑπερδισύλλαβα</span> 
     </span>
     <span class='ocr_line' id='line_1_21' title="bbox 271 1185 1284 1233; baseline -0.004 -10"><span class='ocrx_word' id='word_1_152' title='bbox 271 1187 421 1228; x_wconf 75' lang='grc' dir='ltr'>ὀξύνεται</span> <span class='ocrx_word' id='word_1_153' title='bbox 445 1185 469 1233; x_wconf 87' lang='grc' dir='ltr'>ἢ</span> <span class='ocrx_word' id='word_1_154' title='bbox 497 1185 730 1233; x_wconf 78' lang='grc' dir='ltr'>παροξύνεται.</span> <span class='ocrx_word' id='word_1_155' title='bbox 767 1189 909 1219; x_wconf 88' lang='lat' dir='ltr'><strong>Photius</strong></span> <span class='ocrx_word' id='word_1_156' title='bbox 926 1190 1165 1229; x_wconf 83' lang='lat' dir='ltr'><strong>propenacuit3</strong></span> <span class='ocrx_word' id='word_1_157' title='bbox 1196 1189 1284 1229; x_wconf 88' lang='lat' dir='ltr'><strong>apud</strong></span> 
     </span>
     <span class='ocr_line' id='line_1_22' title="bbox 268 1231 1284 1279; baseline -0.004 -9"><span class='ocrx_word' id='word_1_158' title='bbox 268 1237 477 1276; x_wconf 86' lang='lat' dir='ltr'><strong>Hesychium</strong></span> <span class='ocrx_word' id='word_1_159' title='bbox 502 1236 620 1267; x_wconf 86' lang='lat' dir='ltr'><strong>vitiose</strong></span> <span class='ocrx_word' id='word_1_160' title='bbox 647 1236 810 1276; x_wconf 87' lang='lat' dir='ltr'><strong>scriptum</strong></span> <span class='ocrx_word' id='word_1_161' title='bbox 836 1231 1016 1279; x_wconf 85' lang='grc' dir='ltr'>Καναμίς,</span> <span class='ocrx_word' id='word_1_162' title='bbox 1046 1236 1133 1276; x_wconf 91' lang='lat' dir='ltr'><strong>quod</strong></span> <span class='ocrx_word' id='word_1_163' title='bbox 1158 1237 1222 1267; x_wconf 90' lang='lat' dir='ltr'><strong>iam</strong></span> <span class='ocrx_word' id='word_1_164' title='bbox 1241 1245 1284 1266; x_wconf 90' lang='lat' dir='ltr'><strong>ex</strong></span> 
     </span>
     <span class='ocr_line' id='line_1_23' title="bbox 268 1283 806 1324; baseline -0.006 -8"><span class='ocrx_word' id='word_1_165' title='bbox 268 1286 443 1316; x_wconf 86' lang='lat' dir='ltr'><strong>literarum</strong></span> <span class='ocrx_word' id='word_1_166' title='bbox 460 1283 576 1314; x_wconf 89' lang='lat' dir='ltr'><strong>ordine</strong></span> <span class='ocrx_word' id='word_1_167' title='bbox 593 1283 806 1324; x_wconf 85' lang='lat' dir='ltr'><strong>perspicitur.</strong></span> 
     </span>
    </p>
   </div>
   <div class='ocr_carea' id='block_1_5' title="bbox 267 1350 1284 2178">
    <p class='ocr_par' dir='ltr' id='par_1_5' title="bbox 267 1350 1284 1584">
     <span class='ocr_line' id='line_1_24' title="bbox 340 1350 1283 1398; baseline -0.003 -9"><span class='ocrx_word' id='word_1_168' title='bbox 340 1351 494 1389; x_wconf 88' lang='grc' dir='ltr'>Κανών</span> <span class='ocrx_word' id='word_1_169' title='bbox 527 1354 652 1393; x_wconf 72' lang='lat' dir='ltr'><strong>reyula.</strong></span> <span class='ocrx_word' id='word_1_170' title='bbox 694 1352 780 1385; x_wconf 82' lang='grc' dir='ltr'>ὥστε</span> <span class='ocrx_word' id='word_1_171' title='bbox 808 1351 966 1390; x_wconf 79' lang='grc' dir='ltr'>τέκτονος</span> <span class='ocrx_word' id='word_1_172' title='bbox 1000 1350 1093 1398; x_wconf 82' lang='grc' dir='ltr'>παρὰ</span> <span class='ocrx_word' id='word_1_173' title='bbox 1125 1350 1283 1398; x_wconf 76' lang='grc' dir='ltr'>στάθμην</span> 
     </span>
     <span class='ocr_line' id='line_1_25' title="bbox 271 1397 1284 1448; baseline -0.004 -13"><span class='ocrx_word' id='word_1_174' title='bbox 271 1399 380 1440; x_wconf 78' lang='grc' dir='ltr'>ἰόντος</span> <span class='ocrx_word' id='word_1_175' title='bbox 406 1399 568 1448; x_wconf 72' lang='grc' dir='ltr'>ὀρθοῦται</span> <span class='ocrx_word' id='word_1_176' title='bbox 593 1400 706 1433; x_wconf 84' lang='grc' dir='ltr'>κανών</span> <span class='ocrx_word' id='word_1_177' title='bbox 734 1400 871 1432; x_wconf 91' lang='lat' dir='ltr'><strong>Oenom.</strong></span> <span class='ocrx_word' id='word_1_178' title='bbox 892 1401 934 1432; x_wconf 80' lang='lat' dir='ltr'><strong>fr.</strong></span> <span class='ocrx_word' id='word_1_179' title='bbox 955 1397 1034 1441; x_wconf 87' lang='lat'><strong>421,</strong></span> <span class='ocrx_word' id='word_1_180' title='bbox 1057 1399 1090 1432; x_wconf 92' lang='lat'><strong>5.</strong></span> <span class='ocrx_word' id='word_1_181' title='bbox 1130 1402 1180 1432; x_wconf 93' lang='lat' dir='ltr'><strong>De</strong></span> <span class='ocrx_word' id='word_1_182' title='bbox 1206 1405 1284 1432; x_wconf 89' lang='lat' dir='ltr'><strong>tono</strong></span> 
     </span>
     <span class='ocr_line' id='line_1_26' title="bbox 269 1444 1284 1490; baseline -0.003 -8"><span class='ocrx_word' id='word_1_183' title='bbox 269 1450 403 1482; x_wconf 83' lang='lat' dir='ltr'><strong>videtur</strong></span> <span class='ocrx_word' id='word_1_184' title='bbox 415 1450 492 1481; x_wconf 89' lang='lat' dir='ltr'><strong>Arc.</strong></span> <span class='ocrx_word' id='word_1_185' title='bbox 513 1450 706 1490; x_wconf 84' lang='lat' dir='ltr'><strong>praecipere</strong></span> <span class='ocrx_word' id='word_1_186' title='bbox 723 1457 756 1489; x_wconf 91' lang='lat' dir='ltr'><strong>p.</strong></span> <span class='ocrx_word' id='word_1_187' title='bbox 777 1445 830 1487; x_wconf 91' lang='lat'><strong>14,</strong></span> <span class='ocrx_word' id='word_1_188' title='bbox 854 1444 915 1479; x_wconf 85' lang='lat'><strong>13:</strong></span> <span class='ocrx_word' id='word_1_189' title='bbox 938 1449 1056 1479; x_wconf 87' lang='lat' dir='ltr'><strong>vitiose</strong></span> <span class='ocrx_word' id='word_1_190' title='bbox 1075 1449 1166 1479; x_wconf 90' lang='lat' dir='ltr'><strong>enim</strong></span> <span class='ocrx_word' id='word_1_191' title='bbox 1186 1449 1284 1488; x_wconf 84' lang='lat' dir='ltr'><strong>vulgo</strong></span> 
     </span>
     <span class='ocr_line' id='line_1_27' title="bbox 267 1493 1278 1542; baseline -0.005 -11"><span class='ocrx_word' id='word_1_192' title='bbox 267 1497 410 1542; x_wconf 83' lang='grc' dir='ltr'>καμών,</span> <span class='ocrx_word' id='word_1_193' title='bbox 439 1506 515 1527; x_wconf 87' lang='grc'>0001</span> <span class='ocrx_word' id='word_1_194' title='bbox 540 1496 743 1527; x_wconf 75' lang='lat' dir='ltr'><strong>scammonia</strong></span> <span class='ocrx_word' id='word_1_195' title='bbox 767 1504 930 1526; x_wconf 86' lang='lat' dir='ltr'><strong>consensu</strong></span> <span class='ocrx_word' id='word_1_196' title='bbox 957 1493 1079 1540; x_wconf 87' lang='grc' dir='ltr'>κάμων</span> <span class='ocrx_word' id='word_1_197' title='bbox 1106 1496 1278 1527; x_wconf 77' lang='lat' dir='ltr'><strong>scribatur.</strong></span> 
     </span>
     <span class='ocr_line' id='line_1_28' title="bbox 268 1539 1279 1584; baseline -0.002 -8"><span class='ocrx_word' id='word_1_198' title='bbox 268 1546 354 1576; x_wconf 89' lang='lat' dir='ltr'><strong>Acui</strong></span> <span class='ocrx_word' id='word_1_199' title='bbox 368 1544 536 1584; x_wconf 84' lang='lat' dir='ltr'><strong>significat</strong></span> <span class='ocrx_word' id='word_1_200' title='bbox 549 1542 615 1574; x_wconf 90' lang='lat' dir='ltr'><strong>EM</strong></span> <span class='ocrx_word' id='word_1_201' title='bbox 627 1552 661 1583; x_wconf 87' lang='lat' dir='ltr'><strong>p.</strong></span> <span class='ocrx_word' id='word_1_202' title='bbox 675 1539 756 1582; x_wconf 87' lang='lat'><strong>489,</strong></span> <span class='ocrx_word' id='word_1_203' title='bbox 768 1539 824 1583; x_wconf 87' lang='lat'><strong>30,</strong></span> <span class='ocrx_word' id='word_1_204' title='bbox 841 1543 1030 1582; x_wconf 87' lang='lat' dir='ltr'><strong>periecticis</strong></span> <span class='ocrx_word' id='word_1_205' title='bbox 1043 1543 1279 1574; x_wconf 83' lang='lat' dir='ltr'><strong>adnumerans.</strong></span> 
     </span>
    </p>

    <p class='ocr_par' dir='ltr' id='par_1_6' title="bbox 340 1597 898 1642">
     <span class='ocr_line' id='line_1_29' title="bbox 340 1597 898 1642; baseline -0.009 -5"><span class='ocrx_word' id='word_1_206' title='bbox 340 1597 576 1639; x_wconf 75' lang='grc' dir='ltr'>Κᾶπᾶνεύς</span> <span class='ocrx_word' id='word_1_207' title='bbox 595 1611 628 1633; x_wconf 90' lang='lat' dir='ltr'><strong>n.</strong></span> <span class='ocrx_word' id='word_1_208' title='bbox 649 1610 700 1642; x_wconf 87' lang='lat' dir='ltr'><strong>pr.</strong></span> <span class='ocrx_word' id='word_1_209' title='bbox 722 1600 777 1633; x_wconf 82' lang='lat' dir='ltr'><strong>OG</strong></span> <span class='ocrx_word' id='word_1_210' title='bbox 798 1597 898 1632; x_wconf 86' lang='lat'><strong>1319.</strong></span> 
     </span>
    </p>

    <p class='ocr_par' dir='ltr' id='par_1_7' title="bbox 268 1654 1283 2178">
     <span class='ocr_line' id='line_1_30' title="bbox 340 1654 1278 1738; baseline -0.002 -43"><span class='ocrx_word' id='word_1_211' title='bbox 340 1654 548 1698; x_wconf 75' lang='grc' dir='ltr'>Κάπετος</span> <span class='ocrx_word' id='word_1_212' title='bbox 719 1671 763 1692; x_wconf 86' lang='lat' dir='ltr'><strong>m.</strong></span> <span class='ocrx_word' id='word_1_213' title='bbox 798 1657 938 1705; x_wconf 84' lang='grc' dir='ltr'>τάφρον,</span> <span class='ocrx_word' id='word_1_214' title='bbox 969 1657 1113 1706; x_wconf 78' lang='grc' dir='ltr'>ὄρυγμα,</span> <span class='ocrx_word' id='word_1_215' title='bbox 1142 1657 1278 1738; x_wconf 46' lang='grc' dir='ltr'>βόθὶρον,</span> 
     </span>
     <span class='ocr_line' id='line_1_31' title="bbox 268 1704 1279 1754; baseline -0.003 -13"><span class='ocrx_word' id='word_1_216' title='bbox 268 1706 405 1754; x_wconf 74' lang='grc' dir='ltr'>θήκην,</span> <span class='ocrx_word' id='word_1_217' title='bbox 435 1706 535 1754; x_wconf 88' lang='grc' dir='ltr'>σορόν</span> <span class='ocrx_word' id='word_1_218' title='bbox 562 1708 733 1748; x_wconf 84' lang='lat' dir='ltr'><strong>explicant</strong></span> <span class='ocrx_word' id='word_1_219' title='bbox 758 1707 902 1746; x_wconf 85' lang='lat' dir='ltr'><strong>Hesych.</strong></span> <span class='ocrx_word' id='word_1_220' title='bbox 933 1707 1025 1740; x_wconf 88' lang='lat' dir='ltr'><strong>Suid.</strong></span> <span class='ocrx_word' id='word_1_221' title='bbox 1055 1708 1120 1738; x_wconf 84' lang='grc' dir='ltr'><strong>ΕΜ</strong></span> <span class='ocrx_word' id='word_1_222' title='bbox 1145 1717 1177 1748; x_wconf 88' lang='lat' dir='ltr'><strong>p.</strong></span> <span class='ocrx_word' id='word_1_223' title='bbox 1223 1704 1279 1747; x_wconf 83' lang='lat'><strong>89,</strong></span> 
     </span>
     <span class='ocr_line' id='line_1_32' title="bbox 270 1751 1279 1797; baseline -0.003 -9"><span class='ocrx_word' id='word_1_224' title='bbox 270 1753 327 1797; x_wconf 87' lang='grc'>48,</span> <span class='ocrx_word' id='word_1_225' title='bbox 361 1756 510 1787; x_wconf 83' lang='grc' dir='ltr'>Ε101100.</span> <span class='ocrx_word' id='word_1_226' title='bbox 539 1765 573 1797; x_wconf 88' lang='lat' dir='ltr'><strong>p.</strong></span> <span class='ocrx_word' id='word_1_227' title='bbox 593 1751 674 1795; x_wconf 88' lang='lat'><strong>218,</strong></span> <span class='ocrx_word' id='word_1_228' title='bbox 712 1755 809 1786; x_wconf 81' lang='lat' dir='ltr'><strong>Eust.</strong></span> <span class='ocrx_word' id='word_1_229' title='bbox 830 1765 863 1796; x_wconf 95' lang='lat' dir='ltr'><strong>p.</strong></span> <span class='ocrx_word' id='word_1_230' title='bbox 889 1751 989 1795; x_wconf 86' lang='lat'><strong>1019,</strong></span> <span class='ocrx_word' id='word_1_231' title='bbox 1010 1751 1067 1785; x_wconf 91' lang='grc'><strong>62.</strong></span> <span class='ocrx_word' id='word_1_232' title='bbox 1102 1751 1201 1795; x_wconf 88' lang='grc'>1376,</span> <span class='ocrx_word' id='word_1_233' title='bbox 1222 1751 1279 1795; x_wconf 88' lang='grc'><strong>29,</strong></span> 
     </span>
     <span class='ocr_line' id='line_1_33' title="bbox 269 1802 1279 1843; baseline -0.003 -8"><span class='ocrx_word' id='word_1_234' title='bbox 269 1804 471 1843; x_wconf 80' lang='lat' dir='ltr'><strong>Argivorum</strong></span> <span class='ocrx_word' id='word_1_235' title='bbox 497 1803 641 1834; x_wconf 87' lang='lat' dir='ltr'><strong>sermoni</strong></span> <span class='ocrx_word' id='word_1_236' title='bbox 668 1802 831 1833; x_wconf 90' lang='lat' dir='ltr'><strong>usitatum</strong></span> <span class='ocrx_word' id='word_1_237' title='bbox 849 1802 955 1833; x_wconf 80' lang='lat' dir='ltr'><strong>fuisse</strong></span> <span class='ocrx_word' id='word_1_238' title='bbox 980 1803 1148 1842; x_wconf 78' lang='lat' dir='ltr'><strong>referens3</strong></span> <span class='ocrx_word' id='word_1_239' title='bbox 1178 1802 1279 1833; x_wconf 88' lang='lat' dir='ltr'><strong>schol.</strong></span> 
     </span>
     <span class='ocr_line' id='line_1_34' title="bbox 270 1846 1278 1896; baseline -0.002 -14"><span class='ocrx_word' id='word_1_240' title='bbox 270 1852 323 1882; x_wconf 89' lang='lat' dir='ltr'><strong>Ai.</strong></span> <span class='ocrx_word' id='word_1_241' title='bbox 339 1846 440 1882; x_wconf 89' lang='lat'><strong>1165.</strong></span> <span class='ocrx_word' id='word_1_242' title='bbox 454 1847 575 1896; x_wconf 83' lang='grc' dir='ltr'>τάφον,</span> <span class='ocrx_word' id='word_1_243' title='bbox 593 1849 681 1890; x_wconf 88' lang='lat' dir='ltr'><strong>quod</strong></span> <span class='ocrx_word' id='word_1_244' title='bbox 693 1849 895 1880; x_wconf 87' lang='lat' dir='ltr'><strong>servandum</strong></span> <span class='ocrx_word' id='word_1_245' title='bbox 905 1849 1038 1880; x_wconf 81' lang='lat' dir='ltr'><strong>videtur</strong></span> <span class='ocrx_word' id='word_1_246' title='bbox 1051 1859 1103 1889; x_wconf 91' lang='lat' dir='ltr'><strong>ap.</strong></span> <span class='ocrx_word' id='word_1_247' title='bbox 1117 1849 1278 1889; x_wconf 84' lang='lat' dir='ltr'><strong>Hesych.‚</strong></span> 
     </span>
     <span class='ocr_line' id='line_1_35' title="bbox 270 1894 1283 1942; baseline -0.002 -13"><span class='ocrx_word' id='word_1_248' title='bbox 270 1908 322 1939; x_wconf 90' lang='lat' dir='ltr'><strong>ap.</strong></span> <span class='ocrx_word' id='word_1_249' title='bbox 352 1907 452 1939; x_wconf 90' lang='lat' dir='ltr'><strong>quem</strong></span> <span class='ocrx_word' id='word_1_250' title='bbox 479 1898 655 1936; x_wconf 83' lang='lat' dir='ltr'><strong>corrigitur</strong></span> <span class='ocrx_word' id='word_1_251' title='bbox 678 1894 820 1942; x_wconf 86' lang='grc' dir='ltr'>τάφρον.</span> <span class='ocrx_word' id='word_1_252' title='bbox 856 1898 885 1927; x_wconf 91' lang='grc' dir='ltr'>Α</span> <span class='ocrx_word' id='word_1_253' title='bbox 912 1895 1054 1929; x_wconf 82' lang='grc' dir='ltr'>σκάπτω</span> <span class='ocrx_word' id='word_1_254' title='bbox 1072 1897 1169 1937; x_wconf 88' lang='lat' dir='ltr'><strong>duci,</strong></span> <span class='ocrx_word' id='word_1_255' title='bbox 1197 1896 1283 1937; x_wconf 93' lang='lat' dir='ltr'><strong>quod</strong></span> 
     </span>
     <span class='ocr_line' id='line_1_36' title="bbox 271 1940 1279 1986; baseline -0.002 -10"><span class='ocrx_word' id='word_1_256' title='bbox 271 1945 368 1978; x_wconf 88' lang='lat' dir='ltr'><strong>Suid.</strong></span> <span class='ocrx_word' id='word_1_257' title='bbox 388 1945 510 1985; x_wconf 86' lang='lat' dir='ltr'><strong>tradit,</strong></span> <span class='ocrx_word' id='word_1_258' title='bbox 545 1953 612 1976; x_wconf 90' lang='lat' dir='ltr'><strong>non</strong></span> <span class='ocrx_word' id='word_1_259' title='bbox 636 1947 689 1975; x_wconf 89' lang='lat' dir='ltr'><strong>est</strong></span> <span class='ocrx_word' id='word_1_260' title='bbox 705 1944 907 1983; x_wconf 86' lang='lat' dir='ltr'><strong>ambiguum.</strong></span> <span class='ocrx_word' id='word_1_261' title='bbox 938 1940 1048 1986; x_wconf 81' lang='lat' dir='ltr'><strong>[Gurt.</strong></span> <span class='ocrx_word' id='word_1_262' title='bbox 1070 1944 1124 1975; x_wconf 85' lang='lat' dir='ltr'><strong>Et.</strong></span> <span class='ocrx_word' id='word_1_263' title='bbox 1145 1953 1177 1974; x_wconf 90' lang='lat' dir='ltr'><strong>n.</strong></span> <span class='ocrx_word' id='word_1_264' title='bbox 1202 1940 1279 1975; x_wconf 88' lang='grc'>109.</span> 
     </span>
     <span class='ocr_line' id='line_1_37' title="bbox 273 1988 1282 2035; baseline -0.003 -11"><span class='ocrx_word' id='word_1_265' title='bbox 273 1993 353 2024; x_wconf 68' lang='grc'>1101).</span> <span class='ocrx_word' id='word_1_266' title='bbox 375 1992 471 2023; x_wconf 83' lang='grc' dir='ltr'>Ρο111.</span> <span class='ocrx_word' id='word_1_267' title='bbox 495 1988 526 2032; x_wconf 84' lang='grc'><strong>1,</strong></span> <span class='ocrx_word' id='word_1_268' title='bbox 549 1988 646 2035; x_wconf 90' lang='lat'><strong>125.]</strong></span> <span class='ocrx_word' id='word_1_269' title='bbox 679 1990 762 2022; x_wconf 92' lang='lat' dir='ltr'><strong>Inde</strong></span> <span class='ocrx_word' id='word_1_270' title='bbox 787 1994 822 2022; x_wconf 85' lang='lat' dir='ltr'><strong>et</strong></span> <span class='ocrx_word' id='word_1_271' title='bbox 839 1991 879 2021; x_wconf 89' lang='lat' dir='ltr'><strong>de</strong></span> <span class='ocrx_word' id='word_1_272' title='bbox 897 1994 1037 2022; x_wconf 85' lang='lat' dir='ltr'><strong>accentu</strong></span> <span class='ocrx_word' id='word_1_273' title='bbox 1054 1991 1201 2022; x_wconf 84' lang='lat' dir='ltr'><strong>dubitari</strong></span> <span class='ocrx_word' id='word_1_274' title='bbox 1217 2000 1282 2022; x_wconf 91' lang='lat' dir='ltr'><strong>non</strong></span> 
     </span>
     <span class='ocr_line' id='line_1_38' title="bbox 272 2035 1281 2080; baseline -0.001 -9"><span class='ocrx_word' id='word_1_275' title='bbox 272 2042 402 2080; x_wconf 86' lang='lat' dir='ltr'><strong>potest,</strong></span> <span class='ocrx_word' id='word_1_276' title='bbox 431 2039 472 2070; x_wconf 86' lang='lat' dir='ltr'><strong>de</strong></span> <span class='ocrx_word' id='word_1_277' title='bbox 497 2048 563 2080; x_wconf 86' lang='lat' dir='ltr'><strong>quo</strong></span> <span class='ocrx_word' id='word_1_278' title='bbox 588 2039 773 2078; x_wconf 86' lang='lat' dir='ltr'><strong>generatim</strong></span> <span class='ocrx_word' id='word_1_279' title='bbox 798 2038 934 2079; x_wconf 89' lang='lat' dir='ltr'><strong>quidem</strong></span> <span class='ocrx_word' id='word_1_280' title='bbox 954 2039 1031 2070; x_wconf 86' lang='lat' dir='ltr'><strong>Arc.</strong></span> <span class='ocrx_word' id='word_1_281' title='bbox 1051 2048 1085 2079; x_wconf 89' lang='lat' dir='ltr'><strong>p.</strong></span> <span class='ocrx_word' id='word_1_282' title='bbox 1106 2035 1164 2078; x_wconf 85' lang='lat'><strong>81,</strong></span> <span class='ocrx_word' id='word_1_283' title='bbox 1183 2035 1216 2070; x_wconf 91' lang='lat'><strong>8.</strong></span> <span class='ocrx_word' id='word_1_284' title='bbox 1240 2055 1281 2061; x_wconf 91' lang='lat'><strong>-</strong></span> 
     </span>
     <span class='ocr_line' id='line_1_39' title="bbox 271 2078 1279 2132; baseline -0.004 -13"><span class='ocrx_word' id='word_1_285' title='bbox 271 2088 415 2119; x_wconf 86' lang='grc' dir='ltr'>σπεῦσον</span> <span class='ocrx_word' id='word_1_286' title='bbox 432 2083 554 2132; x_wconf 90' lang='grc' dir='ltr'>κοίλην</span> <span class='ocrx_word' id='word_1_287' title='bbox 571 2083 720 2118; x_wconf 87' lang='grc' dir='ltr'>κάπετόν</span> <span class='ocrx_word' id='word_1_288' title='bbox 737 2078 798 2117; x_wconf 81' lang='grc' dir='ltr'>τιν’</span> <span class='ocrx_word' id='word_1_289' title='bbox 824 2083 907 2118; x_wconf 86' lang='grc' dir='ltr'>ἰδεῖν</span> <span class='ocrx_word' id='word_1_290' title='bbox 923 2083 1014 2129; x_wconf 86' lang='grc' dir='ltr'>τῷδε</span> <span class='ocrx_word' id='word_1_291' title='bbox 1040 2086 1095 2116; x_wconf 91' lang='lat' dir='ltr'><strong>Ai.</strong></span> <span class='ocrx_word' id='word_1_292' title='bbox 1118 2082 1207 2116; x_wconf 85' lang='lat'><strong>1165</strong></span> <span class='ocrx_word' id='word_1_293' title='bbox 1225 2094 1279 2116; x_wconf 90' lang='lat' dir='ltr'><strong>an.</strong></span> 
     </span>
     <span class='ocr_line' id='line_1_40' title="bbox 271 2130 1282 2178; baseline -0.004 -12"><span class='ocrx_word' id='word_1_294' title='bbox 271 2131 354 2167; x_wconf 89' lang='grc' dir='ltr'>ἰδεῖν</span> <span class='ocrx_word' id='word_1_295' title='bbox 380 2133 618 2174; x_wconf 87' lang='lat' dir='ltr'><strong>explicandum</strong></span> <span class='ocrx_word' id='word_1_296' title='bbox 643 2130 826 2178; x_wconf 80' lang='grc' dir='ltr'>εὑρίσκειν,</span> <span class='ocrx_word' id='word_1_297' title='bbox 857 2142 953 2164; x_wconf 87' lang='lat' dir='ltr'><strong>secus</strong></span> <span class='ocrx_word' id='word_1_298' title='bbox 972 2135 1073 2173; x_wconf 91' lang='lat' dir='ltr'><strong>atque</strong></span> <span class='ocrx_word' id='word_1_299' title='bbox 1090 2132 1282 2163; x_wconf 83' lang='lat' dir='ltr'><strong>Hermanno</strong></span> 
     </span>
    </p>
   </div>
   <div class='ocr_carea' id='block_1_6' title="bbox 271 2176 1282 2270">
    <p class='ocr_par' dir='ltr' id='par_1_8' title="bbox 271 2176 1282 2270">
     <span class='ocr_line' id='line_1_41' title="bbox 271 2176 1278 2226; baseline -0.002 -14"><span class='ocrx_word' id='word_1_300' title='bbox 271 2182 392 2213; x_wconf 86' lang='lat' dir='ltr'><strong>visum.</strong></span> <span class='ocrx_word' id='word_1_301' title='bbox 428 2177 549 2226; x_wconf 91' lang='grc' dir='ltr'>κοίλην</span> <span class='ocrx_word' id='word_1_302' title='bbox 573 2177 721 2213; x_wconf 81' lang='grc' dir='ltr'>κάπετον</span> <span class='ocrx_word' id='word_1_303' title='bbox 738 2178 835 2226; x_wconf 88' lang='grc' dir='ltr'>χερσὶ</span> <span class='ocrx_word' id='word_1_304' title='bbox 859 2176 1027 2226; x_wconf 90' lang='grc' dir='ltr'>ταχύνατε</span> <span class='ocrx_word' id='word_1_305' title='bbox 1048 2176 1137 2211; x_wconf 89' lang='grc'>1403</span> <span class='ocrx_word' id='word_1_306' title='bbox 1154 2180 1206 2211; x_wconf 92' lang='lat' dir='ltr'><strong>ch.</strong></span> <span class='ocrx_word' id='word_1_307' title='bbox 1236 2180 1278 2211; x_wconf 83' lang='lat' dir='ltr'><strong>cf.</strong></span> 
     </span>
     <span class='ocr_line' id='line_1_42' title="bbox 271 2222 1282 2270; baseline -0.002 -11"><span class='ocrx_word' id='word_1_308' title='bbox 271 2227 414 2260; x_wconf 85' lang='lat' dir='ltr'><strong>Boeckh.</strong></span> <span class='ocrx_word' id='word_1_309' title='bbox 436 2237 470 2259; x_wconf 92' lang='lat' dir='ltr'><strong>n.</strong></span> <span class='ocrx_word' id='word_1_310' title='bbox 491 2237 536 2259; x_wconf 90' lang='lat' dir='ltr'><strong>cr.</strong></span> <span class='ocrx_word' id='word_1_311' title='bbox 557 2228 597 2259; x_wconf 87' lang='lat' dir='ltr'><strong>ad</strong></span> <span class='ocrx_word' id='word_1_312' title='bbox 614 2227 711 2258; x_wconf 90' lang='lat' dir='ltr'><strong>Pind.</strong></span> <span class='ocrx_word' id='word_1_313' title='bbox 738 2237 771 2268; x_wconf 95' lang='lat' dir='ltr'><strong>p.</strong></span> <span class='ocrx_word' id='word_1_314' title='bbox 793 2222 872 2258; x_wconf 89' lang='grc'>394.</span> <span class='ocrx_word' id='word_1_315' title='bbox 1001 2224 1033 2270; x_wconf 84' lang='lat'><strong>(1</strong></span> <span class='ocrx_word' id='word_1_316' title='bbox 1050 2236 1084 2266; x_wconf 92' lang='lat' dir='ltr'><strong>p.</strong></span> <span class='ocrx_word' id='word_1_317' title='bbox 1105 2222 1185 2267; x_wconf 88' lang='grc'>919,</span> <span class='ocrx_word' id='word_1_318' title='bbox 1209 2223 1282 2269; x_wconf 92' lang='grc'>10.)</span> 
     </span>
    </p>
   </div>
   <div class='ocr_carea' id='block_1_7' title="bbox 267 2290 1283 2526">
    <p class='ocr_par' dir='ltr' id='par_1_9' title="bbox 267 2290 1283 2526">
     <span class='ocr_line' id='line_1_43' title="bbox 342 2290 1282 2376; baseline -0.003 -44"><span class='ocrx_word' id='word_1_319' title='bbox 342 2294 606 2343; x_wconf 73' lang='grc' dir='ltr'>Κάπηλεῖον</span> <span class='ocrx_word' id='word_1_320' title='bbox 625 2307 788 2337; x_wconf 81' lang='lat' dir='ltr'><strong>caupona.</strong></span> <span class='ocrx_word' id='word_1_321' title='bbox 815 2294 974 2376; x_wconf 50' lang='grc' dir='ltr'>βλέφαρα</span> <span class='ocrx_word' id='word_1_322' title='bbox 989 2294 1155 2342; x_wconf 73' lang='grc' dir='ltr'>κέκληται</span> <span class='ocrx_word' id='word_1_323' title='bbox 1171 2290 1214 2340; x_wconf 80' lang='grc' dir='ltr'>γ’,</span> <span class='ocrx_word' id='word_1_324' title='bbox 1234 2296 1282 2334; x_wconf 81' lang='grc' dir='ltr'><strong>ὡς</strong></span> 
     </span>
     <span class='ocr_line' id='line_1_44' title="bbox 267 2340 1283 2391; baseline -0.003 -13"><span class='ocrx_word' id='word_1_325' title='bbox 267 2342 460 2391; x_wconf 75' lang='grc' dir='ltr'>καπηλείου</span> <span class='ocrx_word' id='word_1_326' title='bbox 485 2341 586 2390; x_wconf 76' lang='grc' dir='ltr'>θύραι</span> <span class='ocrx_word' id='word_1_327' title='bbox 610 2345 709 2376; x_wconf 86' lang='grc' dir='ltr'>Ρ1110.</span> <span class='ocrx_word' id='word_1_328' title='bbox 731 2345 772 2377; x_wconf 90' lang='lat' dir='ltr'><strong>fr.</strong></span> <span class='ocrx_word' id='word_1_329' title='bbox 791 2340 812 2376; x_wconf 88' lang='grc'>6</span> <span class='ocrx_word' id='word_1_330' title='bbox 839 2343 860 2376; x_wconf 87' lang='grc'><strong>5</strong></span> <span class='ocrx_word' id='word_1_331' title='bbox 892 2354 945 2385; x_wconf 89' lang='lat' dir='ltr'><strong>ap.</strong></span> <span class='ocrx_word' id='word_1_332' title='bbox 967 2345 1047 2376; x_wconf 90' lang='lat' dir='ltr'><strong>Poll.</strong></span> <span class='ocrx_word' id='word_1_333' title='bbox 1071 2342 1101 2384; x_wconf 86' lang='lat'><strong>7,</strong></span> <span class='ocrx_word' id='word_1_334' title='bbox 1126 2340 1192 2376; x_wconf 82' lang='lat'><strong>193</strong></span> <span class='ocrx_word' id='word_1_335' title='bbox 1216 2355 1283 2376; x_wconf 79' lang='grc' dir='ltr'><strong>κα-</strong></span> 
     </span>
     <span class='ocr_line' id='line_1_45' title="bbox 268 2389 1278 2438; baseline -0.004 -12"><span class='ocrx_word' id='word_1_336' title='bbox 268 2389 391 2438; x_wconf 83' lang='grc' dir='ltr'>πήλων</span> <span class='ocrx_word' id='word_1_337' title='bbox 412 2390 634 2438; x_wconf 79' lang='grc' dir='ltr'>ἐργαστήριον</span> <span class='ocrx_word' id='word_1_338' title='bbox 664 2392 889 2433; x_wconf 83' lang='lat' dir='ltr'><strong>explicantem</strong></span> <span class='ocrx_word' id='word_1_339' title='bbox 912 2392 1098 2423; x_wconf 83' lang='lat' dir='ltr'><strong>secundum</strong></span> <span class='ocrx_word' id='word_1_340' title='bbox 1127 2392 1278 2431; x_wconf 82' lang='lat' dir='ltr'><strong>comicos,</strong></span> 
     </span>
     <span class='ocr_line' id='line_1_46' title="bbox 269 2438 1280 2481; baseline -0.002 -10"><span class='ocrx_word' id='word_1_341' title='bbox 269 2449 461 2481; x_wconf 86' lang='lat' dir='ltr'><strong>quanquam</strong></span> <span class='ocrx_word' id='word_1_342' title='bbox 479 2439 603 2471; x_wconf 89' lang='lat' dir='ltr'><strong>Atticis</strong></span> <span class='ocrx_word' id='word_1_343' title='bbox 629 2439 862 2480; x_wconf 82' lang='lat' dir='ltr'><strong>scriptoribus,</strong></span> <span class='ocrx_word' id='word_1_344' title='bbox 892 2439 958 2470; x_wconf 89' lang='lat' dir='ltr'><strong>imo</strong></span> <span class='ocrx_word' id='word_1_345' title='bbox 976 2438 1110 2470; x_wconf 87' lang='lat' dir='ltr'><strong>Graecis</strong></span> <span class='ocrx_word' id='word_1_346' title='bbox 1127 2439 1280 2470; x_wconf 86' lang='lat' dir='ltr'><strong>omnibus</strong></span> 
     </span>
     <span class='ocr_line' id='line_1_47' title="bbox 269 2486 1275 2526; baseline -0.002 -8"><span class='ocrx_word' id='word_1_347' title='bbox 269 2487 492 2518; x_wconf 86' lang='lat' dir='ltr'><strong>communiter</strong></span> <span class='ocrx_word' id='word_1_348' title='bbox 514 2487 562 2518; x_wconf 88' lang='lat' dir='ltr'><strong>ita</strong></span> <span class='ocrx_word' id='word_1_349' title='bbox 586 2487 721 2518; x_wconf 88' lang='lat' dir='ltr'><strong>dicitur.</strong></span> <span class='ocrx_word' id='word_1_350' title='bbox 756 2487 809 2517; x_wconf 89' lang='lat' dir='ltr'><strong>De</strong></span> <span class='ocrx_word' id='word_1_351' title='bbox 833 2490 911 2518; x_wconf 90' lang='lat' dir='ltr'><strong>tono</strong></span> <span class='ocrx_word' id='word_1_352' title='bbox 934 2487 1119 2526; x_wconf 85' lang='lat' dir='ltr'><strong>generatim</strong></span> <span class='ocrx_word' id='word_1_353' title='bbox 1145 2496 1177 2518; x_wconf 80' lang='lat' dir='ltr'><strong>v,</strong></span> <span class='ocrx_word' id='word_1_354' title='bbox 1199 2486 1275 2516; x_wconf 91' lang='lat' dir='ltr'><strong>Arc.</strong></span> 
     </span>
    </p>
   </div>
   <div class='ocr_carea' id='block_1_8' title="bbox 269 2530 475 2575">
    <p class='ocr_par' dir='ltr' id='par_1_10' title="bbox 269 2530 475 2575">
     <span class='ocr_line' id='line_1_48' title="bbox 269 2530 475 2575; baseline -0.005 -9"><span class='ocrx_word' id='word_1_355' title='bbox 269 2530 475 2575; x_wconf 85' lang='lat' dir='ltr'><strong>p.121,11.</strong></span> 
     </span>
    </p>
   </div>
   <div class='ocr_carea' id='block_1_9' title="bbox 267 2587 1281 2779">
    <p class='ocr_par' dir='ltr' id='par_1_11' title="bbox 267 2587 1281 2779">
     <span class='ocr_line' id='line_1_49' title="bbox 339 2587 1277 2637; baseline -0.004 -11"><span class='ocrx_word' id='word_1_356' title='bbox 339 2588 372 2626; x_wconf 92' lang='lat' dir='ltr'>K</span> <span class='ocrx_word' id='word_1_357' title='bbox 384 2590 471 2637; x_wconf 85' lang='grc' dir='ltr'><strong>άπη</strong></span> <span class='ocrx_word' id='word_1_358' title='bbox 480 2589 527 2625; x_wconf 92' lang='grc' dir='ltr'><strong>λο</strong></span> <span class='ocrx_word' id='word_1_359' title='bbox 539 2603 555 2629; x_wconf 92' lang='grc' dir='ltr'><strong>ς</strong></span> <span class='ocrx_word' id='word_1_360' title='bbox 573 2601 691 2632; x_wconf 81' lang='lat' dir='ltr'><strong>caupo.</strong></span> <span class='ocrx_word' id='word_1_361' title='bbox 714 2588 879 2628; x_wconf 85' lang='grc' dir='ltr'>Σιδώνιος</span> <span class='ocrx_word' id='word_1_362' title='bbox 890 2588 1050 2636; x_wconf 86' lang='grc' dir='ltr'>κάπηλος</span> <span class='ocrx_word' id='word_1_363' title='bbox 1064 2593 1104 2623; x_wconf 86' lang='lat' dir='ltr'><strong>fr.</strong></span> <span class='ocrx_word' id='word_1_364' title='bbox 1119 2593 1184 2623; x_wconf 86' lang='lat' dir='ltr'><strong>inc.</strong></span> <span class='ocrx_word' id='word_1_365' title='bbox 1196 2587 1277 2631; x_wconf 84' lang='grc'>756,</span> 
     </span>
     <span class='ocr_line' id='line_1_50' title="bbox 268 2635 1281 2671; baseline 0 -1"><span class='ocrx_word' id='word_1_366' title='bbox 268 2635 302 2671; x_wconf 93' lang='grc'><strong>2.</strong></span> <span class='ocrx_word' id='word_1_367' title='bbox 331 2640 373 2670; x_wconf 81' lang='lat' dir='ltr'><strong>cf.</strong></span> <span class='ocrx_word' id='word_1_368' title='bbox 397 2640 588 2671; x_wconf 75' lang='lat' dir='ltr'><strong>llemsterh.</strong></span> <span class='ocrx_word' id='word_1_369' title='bbox 610 2640 652 2670; x_wconf 84' lang='lat' dir='ltr'><strong>ad</strong></span> <span class='ocrx_word' id='word_1_370' title='bbox 669 2639 771 2671; x_wconf 90' lang='lat' dir='ltr'><strong>schol.</strong></span> <span class='ocrx_word' id='word_1_371' title='bbox 790 2640 850 2670; x_wconf 89' lang='lat' dir='ltr'><strong>Ar.</strong></span> <span class='ocrx_word' id='word_1_372' title='bbox 872 2639 961 2670; x_wconf 90' lang='lat' dir='ltr'><strong>Plut.</strong></span> <span class='ocrx_word' id='word_1_373' title='bbox 984 2635 1085 2670; x_wconf 87' lang='lat'><strong>1156.</strong></span> <span class='ocrx_word' id='word_1_374' title='bbox 1127 2640 1179 2670; x_wconf 91' lang='lat' dir='ltr'><strong>De</strong></span> <span class='ocrx_word' id='word_1_375' title='bbox 1203 2642 1281 2670; x_wconf 88' lang='lat' dir='ltr'><strong>tono</strong></span> 
     </span>
     <span class='ocr_line' id='line_1_51' title="bbox 268 2682 1280 2728; baseline 0 -10"><span class='ocrx_word' id='word_1_376' title='bbox 268 2687 322 2718; x_wconf 88' lang='lat' dir='ltr'><strong>vel</strong></span> <span class='ocrx_word' id='word_1_377' title='bbox 347 2687 543 2718; x_wconf 89' lang='lat' dir='ltr'><strong>nominatim</strong></span> <span class='ocrx_word' id='word_1_378' title='bbox 567 2687 774 2727; x_wconf 88' lang='lat' dir='ltr'><strong>praecipitur</strong></span> <span class='ocrx_word' id='word_1_379' title='bbox 803 2687 842 2718; x_wconf 87' lang='lat' dir='ltr'><strong>ab</strong></span> <span class='ocrx_word' id='word_1_380' title='bbox 865 2686 943 2717; x_wconf 86' lang='lat' dir='ltr'><strong>Arc.</strong></span> <span class='ocrx_word' id='word_1_381' title='bbox 971 2695 1006 2726; x_wconf 91' lang='lat' dir='ltr'><strong>p.</strong></span> <span class='ocrx_word' id='word_1_382' title='bbox 1027 2683 1085 2728; x_wconf 89' lang='lat'><strong>55,</strong></span> <span class='ocrx_word' id='word_1_383' title='bbox 1108 2682 1168 2717; x_wconf 90' lang='lat'><strong>12:</strong></span> <span class='ocrx_word' id='word_1_384' title='bbox 1197 2683 1280 2718; x_wconf 88' lang='grc' dir='ltr'><strong>κά-</strong></span> 
     </span>
     <span class='ocr_line' id='line_1_52' title="bbox 267 2731 833 2779; baseline -0.004 -13"><span class='ocrx_word' id='word_1_385' title='bbox 267 2731 401 2779; x_wconf 86' lang='grc' dir='ltr'>τηλος</span> <span class='ocrx_word' id='word_1_386' title='bbox 418 2734 511 2765; x_wconf 88' lang='grc'>0111111</span> <span class='ocrx_word' id='word_1_387' title='bbox 527 2734 647 2765; x_wconf 86' lang='lat' dir='ltr'><strong>vitiose</strong></span> <span class='ocrx_word' id='word_1_388' title='bbox 665 2734 833 2765; x_wconf 89' lang='lat' dir='ltr'><strong>scribitur.</strong></span> 
     </span>
    </p>
   </div>
   <div class='ocr_carea' id='block_1_10' title="bbox 268 2785 1280 2931">
    <p class='ocr_par' dir='ltr' id='par_1_12' title="bbox 268 2785 1280 2931">
     <span class='ocr_line' id='line_1_53' title="bbox 339 2785 1279 2836; baseline -0.003 -10"><span class='ocrx_word' id='word_1_389' title='bbox 339 2788 516 2829; x_wconf 85' lang='grc' dir='ltr'>Καπνός</span> <span class='ocrx_word' id='word_1_390' title='bbox 533 2791 660 2831; x_wconf 78' lang='lat' dir='ltr'><strong>fumus.</strong></span> <span class='ocrx_word' id='word_1_391' title='bbox 688 2788 776 2824; x_wconf 82' lang='grc' dir='ltr'><strong>κούκ</strong></span> <span class='ocrx_word' id='word_1_392' title='bbox 793 2785 858 2824; x_wconf 76' lang='grc' dir='ltr'>οἷδ’</span> <span class='ocrx_word' id='word_1_393' title='bbox 876 2788 1017 2836; x_wconf 81' lang='grc' dir='ltr'>ἐναίρων</span> <span class='ocrx_word' id='word_1_394' title='bbox 1034 2789 1154 2836; x_wconf 84' lang='grc' dir='ltr'>νεκρὸν</span> <span class='ocrx_word' id='word_1_395' title='bbox 1170 2787 1194 2834; x_wconf 84' lang='grc' dir='ltr'>ἢ</span> <span class='ocrx_word' id='word_1_396' title='bbox 1212 2801 1279 2823; x_wconf 89' lang='grc' dir='ltr'><strong>κα-</strong></span> 
     </span>
     <span class='ocr_line' id='line_1_54' title="bbox 270 2831 1279 2884; baseline -0.002 -12"><span class='ocrx_word' id='word_1_397' title='bbox 270 2840 355 2872; x_wconf 84' lang='grc' dir='ltr'>πνοῦ</span> <span class='ocrx_word' id='word_1_398' title='bbox 374 2837 470 2872; x_wconf 89' lang='grc' dir='ltr'>σκιάν</span> <span class='ocrx_word' id='word_1_399' title='bbox 488 2839 550 2871; x_wconf 84' lang='grc' dir='ltr'>Ρ11.</span> <span class='ocrx_word' id='word_1_400' title='bbox 571 2835 651 2870; x_wconf 86' lang='grc'>946.</span> <span class='ocrx_word' id='word_1_401' title='bbox 678 2831 775 2871; x_wconf 78' lang='grc' dir='ltr'>τᾶλλ’</span> <span class='ocrx_word' id='word_1_402' title='bbox 793 2836 862 2884; x_wconf 85' lang='grc' dir='ltr'><strong>ἐγὼ</strong></span> <span class='ocrx_word' id='word_1_403' title='bbox 879 2839 1010 2871; x_wconf 86' lang='grc' dir='ltr'>καπνοῦ</span> <span class='ocrx_word' id='word_1_404' title='bbox 1035 2840 1132 2875; x_wconf 84' lang='grc' dir='ltr'>σκιᾶς</span> <span class='ocrx_word' id='word_1_405' title='bbox 1150 2835 1214 2871; x_wconf 85' lang='grc' dir='ltr'><strong>οὐκ</strong></span> <span class='ocrx_word' id='word_1_406' title='bbox 1238 2834 1279 2870; x_wconf 82' lang='grc' dir='ltr'><strong>ἂν</strong></span> 
     </span>
     <span class='ocr_line' id='line_1_55' title="bbox 268 2883 1280 2931; baseline -0.002 -13"><span class='ocrx_word' id='word_1_407' title='bbox 268 2883 436 2931; x_wconf 84' lang='grc' dir='ltr'>πριαίμην</span> <span class='ocrx_word' id='word_1_408' title='bbox 453 2887 535 2917; x_wconf 90' lang='lat' dir='ltr'><strong>Ant.</strong></span> <span class='ocrx_word' id='word_1_409' title='bbox 558 2883 659 2917; x_wconf 84' lang='lat'><strong>1170.</strong></span> <span class='ocrx_word' id='word_1_410' title='bbox 697 2886 873 2919; x_wconf 80' lang='lat' dir='ltr'><strong>Sententia</strong></span> <span class='ocrx_word' id='word_1_411' title='bbox 895 2885 1131 2926; x_wconf 82' lang='lat' dir='ltr'><strong>perfamiliaris</strong></span> <span class='ocrx_word' id='word_1_412' title='bbox 1156 2886 1280 2917; x_wconf 88' lang='lat' dir='ltr'><strong>veteri-</strong></span> 
     </span>
    </p>
   </div>
   <div class='ocr_carea' id='block_1_11' title="bbox 202 2929 1274 2973">
    <p class='ocr_par' dir='ltr' id='par_1_13' title="bbox 202 2929 1274 2973">
     <span class='ocr_line' id='line_1_56' title="bbox 202 2929 1274 2973; baseline -0.002 -8"><span class='ocrx_word' id='word_1_413' title='bbox 202 2970 205 2973; x_wconf 34' lang='grc'>,</span> <span class='ocrx_word' id='word_1_414' title='bbox 267 2934 342 2965; x_wconf 88' lang='lat' dir='ltr'><strong>bus.</strong></span> <span class='ocrx_word' id='word_1_415' title='bbox 387 2933 523 2964; x_wconf 87' lang='lat' dir='ltr'><strong>Pindari</strong></span> <span class='ocrx_word' id='word_1_416' title='bbox 546 2933 657 2964; x_wconf 89' lang='lat' dir='ltr'><strong>verbis</strong></span> <span class='ocrx_word' id='word_1_417' title='bbox 682 2935 848 2973; x_wconf 85' lang='lat' dir='ltr'><strong>comparat</strong></span> <span class='ocrx_word' id='word_1_418' title='bbox 875 2932 971 2964; x_wconf 82' lang='lat' dir='ltr'><strong>Eust.</strong></span> <span class='ocrx_word' id='word_1_419' title='bbox 998 2942 1031 2972; x_wconf 93' lang='lat' dir='ltr'><strong>p.</strong></span> <span class='ocrx_word' id='word_1_420' title='bbox 1052 2929 1140 2972; x_wconf 87' lang='lat'><strong>757,</strong></span> <span class='ocrx_word' id='word_1_421' title='bbox 1169 2929 1210 2963; x_wconf 90' lang='grc'><strong>31</strong></span> <span class='ocrx_word' id='word_1_422' title='bbox 1242 2943 1274 2963; x_wconf 87' lang='lat' dir='ltr'><strong>v.</strong></span> 
     </span>
    </p>
   </div>
   <div class='ocr_carea' id='block_1_12' title="bbox 267 2975 1280 3115">
    <p class='ocr_par' dir='ltr' id='par_1_14' title="bbox 267 2975 1280 3115">
     <span class='ocr_line' id='line_1_57' title="bbox 268 2975 1280 3021; baseline -0.002 -9"><span class='ocrx_word' id='word_1_423' title='bbox 268 2981 383 3021; x_wconf 86' lang='lat' dir='ltr'><strong>Intpp.</strong></span> <span class='ocrx_word' id='word_1_424' title='bbox 413 2984 447 3011; x_wconf 89' lang='lat' dir='ltr'><strong>et</strong></span> <span class='ocrx_word' id='word_1_425' title='bbox 470 2979 584 3011; x_wconf 88' lang='lat' dir='ltr'><strong>Monk.</strong></span> <span class='ocrx_word' id='word_1_426' title='bbox 605 2981 646 3012; x_wconf 89' lang='lat' dir='ltr'><strong>ad</strong></span> <span class='ocrx_word' id='word_1_427' title='bbox 671 2980 751 3011; x_wconf 85' lang='lat' dir='ltr'><strong>Eur.</strong></span> <span class='ocrx_word' id='word_1_428' title='bbox 772 2980 876 3020; x_wconf 87' lang='lat' dir='ltr'><strong>Hipp.</strong></span> <span class='ocrx_word' id='word_1_429' title='bbox 897 2975 977 3011; x_wconf 90' lang='lat'><strong>958.</strong></span> <span class='ocrx_word' id='word_1_430' title='bbox 1000 2996 1041 3002; x_wconf 94' lang='lat'><strong>—</strong></span> <span class='ocrx_word' id='word_1_431' title='bbox 1059 2978 1160 3020; x_wconf 91' lang='lat' dir='ltr'><strong>Apud</strong></span> <span class='ocrx_word' id='word_1_432' title='bbox 1177 2980 1280 3018; x_wconf 85' lang='lat' dir='ltr'><strong>tragi-</strong></span> 
     </span>
     <span class='ocr_line' id='line_1_58' title="bbox 268 3026 1278 3068; baseline 0.001 -10"><span class='ocrx_word' id='word_1_433' title='bbox 268 3037 322 3058; x_wconf 86' lang='lat' dir='ltr'><strong>cos</strong></span> <span class='ocrx_word' id='word_1_434' title='bbox 345 3028 490 3068; x_wconf 87' lang='lat' dir='ltr'><strong>priorem</strong></span> <span class='ocrx_word' id='word_1_435' title='bbox 514 3027 670 3066; x_wconf 84' lang='lat' dir='ltr'><strong>syllabam</strong></span> <span class='ocrx_word' id='word_1_436' title='bbox 694 3027 731 3057; x_wconf 90' lang='lat' dir='ltr'><strong>in</strong></span> <span class='ocrx_word' id='word_1_437' title='bbox 765 3027 831 3057; x_wconf 91' lang='lat' dir='ltr'><strong>arsi</strong></span> <span class='ocrx_word' id='word_1_438' title='bbox 856 3026 993 3067; x_wconf 86' lang='lat' dir='ltr'><strong>produci</strong></span> <span class='ocrx_word' id='word_1_439' title='bbox 1017 3027 1186 3058; x_wconf 88' lang='lat' dir='ltr'><strong>convenit.</strong></span> <span class='ocrx_word' id='word_1_440' title='bbox 1227 3027 1278 3059; x_wconf 85' lang='lat' dir='ltr'><strong>De</strong></span> 
     </span>
     <span class='ocr_line' id='line_1_59' title="bbox 267 3070 763 3115; baseline 0.002 -10"><span class='ocrx_word' id='word_1_441' title='bbox 267 3077 406 3106; x_wconf 84' lang='lat' dir='ltr'><strong>accentu</strong></span> <span class='ocrx_word' id='word_1_442' title='bbox 424 3084 455 3106; x_wconf 89' lang='lat' dir='ltr'><strong>v.</strong></span> <span class='ocrx_word' id='word_1_443' title='bbox 476 3074 554 3106; x_wconf 89' lang='lat' dir='ltr'><strong>Arc.</strong></span> <span class='ocrx_word' id='word_1_444' title='bbox 574 3084 608 3115; x_wconf 93' lang='lat' dir='ltr'><strong>p.</strong></span> <span class='ocrx_word' id='word_1_445' title='bbox 629 3070 686 3114; x_wconf 90' lang='grc'><strong>62,</strong></span> <span class='ocrx_word' id='word_1_446' title='bbox 710 3070 763 3106; x_wconf 86' lang='grc'><strong>13.</strong></span> 
     </span>
    </p>
   </div>
   <div class='ocr_carea' id='block_1_13' title="bbox 266 3125 1279 3407">
    <p class='ocr_par' dir='ltr' id='par_1_15' title="bbox 266 3125 1279 3407">
     <span class='ocr_line' id='line_1_60' title="bbox 338 3125 1279 3178; baseline -0.004 -12"><span class='ocrx_word' id='word_1_447' title='bbox 338 3125 463 3178; x_wconf 73' lang='grc' dir='ltr'><strong>Κᾶρα</strong></span> <span class='ocrx_word' id='word_1_448' title='bbox 489 3130 601 3176; x_wconf 84' lang='lat' dir='ltr'><strong>[Ourt.</strong></span> <span class='ocrx_word' id='word_1_449' title='bbox 630 3131 687 3163; x_wconf 89' lang='lat' dir='ltr'><strong>Et.</strong></span> <span class='ocrx_word' id='word_1_450' title='bbox 717 3141 751 3163; x_wconf 90' lang='lat' dir='ltr'><strong>n.</strong></span> <span class='ocrx_word' id='word_1_451' title='bbox 772 3128 833 3176; x_wconf 85' lang='lat'><strong>38]</strong></span> <span class='ocrx_word' id='word_1_452' title='bbox 857 3134 966 3171; x_wconf 78' lang='lat' dir='ltr'><strong>caput.</strong></span> <span class='ocrx_word' id='word_1_453' title='bbox 1003 3127 1203 3176; x_wconf 84' lang='grc' dir='ltr'>Τρίπτωτον</span> <span class='ocrx_word' id='word_1_454' title='bbox 1227 3134 1279 3162; x_wconf 87' lang='lat' dir='ltr'><strong>est</strong></span> 
     </span>
     <span class='ocr_line' id='line_1_61' title="bbox 268 3175 1279 3222; baseline -0.002 -11"><span class='ocrx_word' id='word_1_455' title='bbox 268 3176 365 3222; x_wconf 88' lang='lat' dir='ltr'><strong>[Lob.</strong></span> <span class='ocrx_word' id='word_1_456' title='bbox 387 3179 482 3211; x_wconf 88' lang='lat' dir='ltr'><strong>Path.</strong></span> <span class='ocrx_word' id='word_1_457' title='bbox 503 3175 535 3220; x_wconf 91' lang='grc'><strong>2,</strong></span> <span class='ocrx_word' id='word_1_458' title='bbox 557 3175 642 3222; x_wconf 89' lang='grc'>299]</span> <span class='ocrx_word' id='word_1_459' title='bbox 670 3179 806 3219; x_wconf 85' lang='lat' dir='ltr'><strong>ultima,</strong></span> <span class='ocrx_word' id='word_1_460' title='bbox 833 3182 872 3210; x_wconf 90' lang='lat' dir='ltr'><strong>ut</strong></span> <span class='ocrx_word' id='word_1_461' title='bbox 889 3179 1036 3219; x_wconf 88' lang='lat' dir='ltr'><strong>oportuit</strong></span> <span class='ocrx_word' id='word_1_462' title='bbox 1058 3183 1194 3219; x_wconf 87' lang='lat' dir='ltr'><strong>propter</strong></span> <span class='ocrx_word' id='word_1_463' title='bbox 1209 3177 1279 3209; x_wconf 91' lang='lat' dir='ltr'><strong>Ho-</strong></span> 
     </span>
     <span class='ocr_line' id='line_1_62' title="bbox 268 3222 1279 3272; baseline 0 -16"><span class='ocrx_word' id='word_1_464' title='bbox 268 3227 430 3258; x_wconf 88' lang='lat' dir='ltr'><strong>mericum</strong></span> <span class='ocrx_word' id='word_1_465' title='bbox 455 3224 564 3272; x_wconf 89' lang='grc' dir='ltr'>κάρη,</span> <span class='ocrx_word' id='word_1_466' title='bbox 599 3229 760 3266; x_wconf 89' lang='lat' dir='ltr'><strong>perpetuo</strong></span> <span class='ocrx_word' id='word_1_467' title='bbox 788 3225 967 3266; x_wconf 84' lang='lat' dir='ltr'><strong>producta:</strong></span> <span class='ocrx_word' id='word_1_468' title='bbox 996 3225 1084 3265; x_wconf 90' lang='lat' dir='ltr'><strong>quod</strong></span> <span class='ocrx_word' id='word_1_469' title='bbox 1115 3222 1158 3257; x_wconf 79' lang='grc' dir='ltr'><strong>τὰ</strong></span> <span class='ocrx_word' id='word_1_470' title='bbox 1187 3222 1279 3270; x_wconf 86' lang='grc' dir='ltr'>κάρα</span> 
     </span>
     <span class='ocr_line' id='line_1_63' title="bbox 268 3267 1279 3314; baseline -0.002 -10"><span class='ocrx_word' id='word_1_471' title='bbox 268 3278 419 3314; x_wconf 87' lang='lat' dir='ltr'><strong>correpta</strong></span> <span class='ocrx_word' id='word_1_472' title='bbox 443 3274 562 3305; x_wconf 87' lang='lat' dir='ltr'><strong>ultima</strong></span> <span class='ocrx_word' id='word_1_473' title='bbox 587 3274 701 3314; x_wconf 86' lang='lat' dir='ltr'><strong>posuit</strong></span> <span class='ocrx_word' id='word_1_474' title='bbox 727 3274 865 3313; x_wconf 81' lang='lat' dir='ltr'><strong>scriptor</strong></span> <span class='ocrx_word' id='word_1_475' title='bbox 890 3272 1007 3311; x_wconf 86' lang='lat' dir='ltr'><strong>hymni</strong></span> <span class='ocrx_word' id='word_1_476' title='bbox 1038 3273 1073 3303; x_wconf 88' lang='lat' dir='ltr'><strong>in</strong></span> <span class='ocrx_word' id='word_1_477' title='bbox 1100 3271 1211 3303; x_wconf 85' lang='lat' dir='ltr'><strong>Gerer.</strong></span> <span class='ocrx_word' id='word_1_478' title='bbox 1235 3267 1279 3302; x_wconf 89' lang='grc'><strong>12</strong></span> 
     </span>
     <span class='ocr_line' id='line_1_64' title="bbox 266 3316 1277 3363; baseline -0.001 -13"><span class='ocrx_word' id='word_1_479' title='bbox 266 3317 326 3363; x_wconf 86' lang='lat' dir='ltr'><strong>(cf.</strong></span> <span class='ocrx_word' id='word_1_480' title='bbox 348 3321 374 3352; x_wconf 92' lang='lat' dir='ltr'><strong>l.</strong></span> <span class='ocrx_word' id='word_1_481' title='bbox 395 3320 438 3352; x_wconf 88' lang='lat' dir='ltr'><strong>II.</strong></span> <span class='ocrx_word' id='word_1_482' title='bbox 459 3321 558 3352; x_wconf 87' lang='lat' dir='ltr'><strong>Voss.</strong></span> <span class='ocrx_word' id='word_1_483' title='bbox 579 3330 613 3361; x_wconf 90' lang='lat' dir='ltr'><strong>p.</strong></span> <span class='ocrx_word' id='word_1_484' title='bbox 637 3316 708 3363; x_wconf 87' lang='grc'>10),</span> <span class='ocrx_word' id='word_1_485' title='bbox 736 3322 770 3350; x_wconf 88' lang='lat' dir='ltr'><strong>et</strong></span> <span class='ocrx_word' id='word_1_486' title='bbox 786 3329 846 3360; x_wconf 91' lang='lat' dir='ltr'><strong>per</strong></span> <span class='ocrx_word' id='word_1_487' title='bbox 863 3329 898 3350; x_wconf 89' lang='lat' dir='ltr'><strong>se</strong></span> <span class='ocrx_word' id='word_1_488' title='bbox 915 3329 1033 3360; x_wconf 85' lang='lat' dir='ltr'><strong>pamm</strong></span> <span class='ocrx_word' id='word_1_489' title='bbox 1059 3319 1140 3350; x_wconf 87' lang='lat' dir='ltr'><strong>scite</strong></span> <span class='ocrx_word' id='word_1_490' title='bbox 1159 3318 1277 3350; x_wconf 88' lang='lat' dir='ltr'><strong>defen-</strong></span> 
     </span>
     <span class='ocr_line' id='line_1_65' title="bbox 269 3365 1276 3407; baseline -0.002 -9"><span class='ocrx_word' id='word_1_491' title='bbox 269 3376 344 3398; x_wconf 85' lang='lat' dir='ltr'><strong>sum</strong></span> <span class='ocrx_word' id='word_1_492' title='bbox 361 3377 379 3398; x_wconf 87' lang='lat' dir='ltr'><strong>a</strong></span> <span class='ocrx_word' id='word_1_493' title='bbox 396 3367 532 3398; x_wconf 88' lang='lat' dir='ltr'><strong>Ruhnk.</strong></span> <span class='ocrx_word' id='word_1_494' title='bbox 553 3371 606 3398; x_wconf 89' lang='lat' dir='ltr'><strong>est</strong></span> <span class='ocrx_word' id='word_1_495' title='bbox 631 3370 665 3398; x_wconf 87' lang='lat' dir='ltr'><strong>et</strong></span> <span class='ocrx_word' id='word_1_496' title='bbox 680 3366 780 3407; x_wconf 87' lang='lat' dir='ltr'><strong>plane</strong></span> <span class='ocrx_word' id='word_1_497' title='bbox 797 3366 987 3398; x_wconf 88' lang='lat' dir='ltr'><strong>inauditum</strong></span> <span class='ocrx_word' id='word_1_498' title='bbox 1012 3366 1052 3397; x_wconf 89' lang='lat' dir='ltr'><strong>de</strong></span> <span class='ocrx_word' id='word_1_499' title='bbox 1070 3366 1189 3397; x_wconf 87' lang='lat' dir='ltr'><strong>florum</strong></span> <span class='ocrx_word' id='word_1_500' title='bbox 1205 3365 1276 3405; x_wconf 83' lang='lat' dir='ltr'><strong>glo-</strong></span> 
     </span>
    </p>
   </div>
   <div class='ocr_carea' id='block_1_14' title="bbox 269 3410 1295 3461">
    <p class='ocr_par' dir='ltr' id='par_1_16' title="bbox 269 3410 1295 3461">
     <span class='ocr_line' id='line_1_66' title="bbox 269 3410 1295 3461; baseline -0.001 -17"><span class='ocrx_word' id='word_1_501' title='bbox 269 3414 427 3446; x_wconf 75' lang='lat' dir='ltr'><strong>mer-ibus.</strong></span> <span class='ocrx_word' id='word_1_502' title='bbox 464 3414 584 3453; x_wconf 88' lang='lat' dir='ltr'><strong>Inepte</strong></span> <span class='ocrx_word' id='word_1_503' title='bbox 603 3414 703 3444; x_wconf 89' lang='lat' dir='ltr'><strong>etiam</strong></span> <span class='ocrx_word' id='word_1_504' title='bbox 730 3413 818 3444; x_wconf 86' lang='lat' dir='ltr'><strong>inter</strong></span> <span class='ocrx_word' id='word_1_505' title='bbox 833 3410 924 3458; x_wconf 87' lang='grc' dir='ltr'>κάρη</span> <span class='ocrx_word' id='word_1_506' title='bbox 941 3416 976 3444; x_wconf 86' lang='lat' dir='ltr'><strong>et</strong></span> <span class='ocrx_word' id='word_1_507' title='bbox 991 3410 1082 3457; x_wconf 86' lang='grc' dir='ltr'>κάρα</span> <span class='ocrx_word' id='word_1_508' title='bbox 1098 3412 1278 3452; x_wconf 85' lang='lat' dir='ltr'><strong>distinguit</strong></span> <span class='ocrx_word' id='word_1_509' title='bbox 1294 3458 1295 3461; x_wconf 13' lang='grc' dir='ltr'><strong>Ἰ</strong></span> 
     </span>
    </p>
   </div>
   <div class='ocr_carea' id='block_1_15' title="bbox 1037 138 1549 207">
    <p class='ocr_par' dir='ltr' id='par_1_17' title="bbox 1037 138 1549 207">
     <span class='ocr_line' id='line_1_67' title="bbox 1037 138 1549 207; baseline 0.002 -19"><span class='ocrx_word' id='word_1_510' title='bbox 1037 138 1290 207; x_wconf 83' lang='grc' dir='ltr'>Κάνθαρος</span> <span class='ocrx_word' id='word_1_511' title='bbox 1316 169 1377 176; x_wconf 91' lang='grc'><strong>--</strong></span> <span class='ocrx_word' id='word_1_512' title='bbox 1405 139 1549 207; x_wconf 88' lang='grc' dir='ltr'>Κάρα</span> 
     </span>
    </p>
   </div>
   <div class='ocr_carea' id='block_1_16' title="bbox 1299 1956 1303 2491">
    <p class='ocr_par' dir='ltr' id='par_1_18' title="bbox 1299 1956 1303 2491">
     <span class='ocr_line' id='line_1_68' title="bbox 1299 1956 1303 2491; baseline 0 0"><span class='ocrx_word' id='word_1_513' title='bbox 1299 1956 1303 2491; x_wconf 95' lang='lat' dir='ltr'><strong> </strong></span> 
     </span>
    </p>
   </div>
   <div class='ocr_carea' id='block_1_17' title="bbox 2022 149 2183 198">
    <p class='ocr_par' dir='ltr' id='par_1_19' title="bbox 2022 119 2231 198">
     <span class='ocr_line' id='line_1_69' title="bbox 2022 149 2183 198; baseline -0.005 -14"><span class='ocrx_word' id='word_1_514' title='bbox 2022 150 2055 198; x_wconf 91' lang='lat'><strong>[1</strong></span> <span class='ocrx_word' id='word_1_515' title='bbox 2066 162 2102 195; x_wconf 88' lang='lat' dir='ltr'><strong>p.</strong></span> <span class='ocrx_word' id='word_1_516' title='bbox 2121 119 2231 186; x_wconf 89' lang='grc'><strong>91·</strong></span> 
     </span>
    </p>
   </div>
   <div class='ocr_carea' id='block_1_18' title="bbox 1314 253 2287 3454">
    <p class='ocr_par' dir='ltr' id='par_1_20' title="bbox 1317 253 2254 2426">
     <span class='ocr_line' id='line_1_70' title="bbox 1320 253 2234 304; baseline 0.004 -16"><span class='ocrx_word' id='word_1_517' title='bbox 1320 257 1384 288; x_wconf 87' lang='grc' dir='ltr'><strong>ΕΜ</strong></span> <span class='ocrx_word' id='word_1_518' title='bbox 1411 267 1445 299; x_wconf 89' lang='lat' dir='ltr'><strong>p.</strong></span> <span class='ocrx_word' id='word_1_519' title='bbox 1465 253 1547 298; x_wconf 90' lang='grc'>490,</span> <span class='ocrx_word' id='word_1_520' title='bbox 1567 253 1613 288; x_wconf 93' lang='grc'><strong>24</strong></span> <span class='ocrx_word' id='word_1_521' title='bbox 1635 257 1725 289; x_wconf 87' lang='lat' dir='ltr'><strong>idem</strong></span> <span class='ocrx_word' id='word_1_522' title='bbox 1750 253 1835 297; x_wconf 83' lang='lat'><strong>491,</strong></span> <span class='ocrx_word' id='word_1_523' title='bbox 1865 254 1882 288; x_wconf 91' lang='lat'><strong>1</strong></span> <span class='ocrx_word' id='word_1_524' title='bbox 1909 257 1995 289; x_wconf 88' lang='lat' dir='ltr'><strong>illud</strong></span> <span class='ocrx_word' id='word_1_525' title='bbox 2017 260 2082 304; x_wconf 83' lang='grc' dir='ltr'><strong>τῆς</strong></span> <span class='ocrx_word' id='word_1_526' title='bbox 2104 255 2234 304; x_wconf 65' lang='grc' dir='ltr'>κάρας.’</span> 
     </span>
     <span class='ocr_line' id='line_1_71' title="bbox 1320 301 2237 345; baseline 0.003 -10"><span class='ocrx_word' id='word_1_527' title='bbox 1320 305 1510 345; x_wconf 83' lang='lat' dir='ltr'><strong>affirmans,</strong></span> <span class='ocrx_word' id='word_1_528' title='bbox 1539 313 1626 345; x_wconf 90' lang='lat' dir='ltr'><strong>quae</strong></span> <span class='ocrx_word' id='word_1_529' title='bbox 1644 305 1813 344; x_wconf 86' lang='lat' dir='ltr'><strong>analogiae</strong></span> <span class='ocrx_word' id='word_1_530' title='bbox 1830 306 1960 345; x_wconf 83' lang='lat' dir='ltr'><strong>species</strong></span> <span class='ocrx_word' id='word_1_531' title='bbox 1977 301 2240 343; x_wconf 61' lang='lat' dir='ltr'><strong>recentissimos&gt;⁴</strong></span> 
     </span>
     <span class='ocr_line' id='line_1_72' title="bbox 1322 348 2229 394; baseline -0.002 -11"><span class='ocrx_word' id='word_1_532' title='bbox 1322 352 1465 392; x_wconf 84' lang='lat' dir='ltr'><strong>fefellit,</strong></span> <span class='ocrx_word' id='word_1_533' title='bbox 1494 363 1526 383; x_wconf 78' lang='lat' dir='ltr'><strong>v,</strong></span> <span class='ocrx_word' id='word_1_534' title='bbox 1557 351 1743 383; x_wconf 90' lang='lat' dir='ltr'><strong>Mehlhorn.</strong></span> <span class='ocrx_word' id='word_1_535' title='bbox 1773 352 1814 383; x_wconf 82' lang='lat' dir='ltr'><strong>ad</strong></span> <span class='ocrx_word' id='word_1_536' title='bbox 1839 352 1960 383; x_wconf 89' lang='lat' dir='ltr'><strong>Anacr.</strong></span> <span class='ocrx_word' id='word_1_537' title='bbox 1991 362 2024 394; x_wconf 90' lang='lat' dir='ltr'><strong>p.</strong></span> <span class='ocrx_word' id='word_1_538' title='bbox 2055 348 2133 384; x_wconf 89' lang='lat'><strong>176.</strong></span> <span class='ocrx_word' id='word_1_539' title='bbox 2178 356 2192 381; x_wconf 70' lang='lat' dir='ltr'>t</span> <span class='ocrx_word' id='word_1_540' title='bbox 2225 367 2229 380; x_wconf 71' lang='grc' dir='ltr'><em>ι</em></span> 
     </span>
     <span class='ocr_line' id='line_1_73' title="bbox 1321 396 2217 443; baseline 0.002 -14"><span class='ocrx_word' id='word_1_541' title='bbox 1321 399 1458 439; x_wconf 91' lang='lat' dir='ltr'><strong>quidem</strong></span> <span class='ocrx_word' id='word_1_542' title='bbox 1475 396 1518 431; x_wconf 88' lang='grc' dir='ltr'><strong>τὰ</strong></span> <span class='ocrx_word' id='word_1_543' title='bbox 1535 397 1625 443; x_wconf 87' lang='grc' dir='ltr'>κάρα</span> <span class='ocrx_word' id='word_1_544' title='bbox 1641 399 1809 439; x_wconf 84' lang='lat' dir='ltr'><strong>plurative</strong></span> <span class='ocrx_word' id='word_1_545' title='bbox 1826 398 1954 430; x_wconf 77' lang='lat' dir='ltr'><strong>dixisse</strong></span> <span class='ocrx_word' id='word_1_546' title='bbox 1972 399 2105 431; x_wconf 87' lang='lat' dir='ltr'><strong>videtur</strong></span> <span class='ocrx_word' id='word_1_547' title='bbox 2129 409 2183 440; x_wconf 88' lang='lat' dir='ltr'><strong>ap.</strong></span> <span class='ocrx_word' id='word_1_548' title='bbox 2215 415 2217 419; x_wconf 94' lang='lat'>·</span> 
     </span>
     <span class='ocr_line' id='line_1_74' title="bbox 1321 443 2246 487; baseline 0.003 -11"><span class='ocrx_word' id='word_1_549' title='bbox 1321 443 1354 476; x_wconf 95' lang='grc'><strong>7.</strong></span> <span class='ocrx_word' id='word_1_550' title='bbox 1374 455 1407 487; x_wconf 91' lang='lat' dir='ltr'><strong>p.</strong></span> <span class='ocrx_word' id='word_1_551' title='bbox 1429 443 1499 478; x_wconf 83' lang='lat'><strong>286</strong></span> <span class='ocrx_word' id='word_1_552' title='bbox 1513 455 1529 477; x_wconf 88' lang='lat' dir='ltr'><strong>c</strong></span> <span class='ocrx_word' id='word_1_553' title='bbox 1555 446 1613 477; x_wconf 89' lang='lat' dir='ltr'><strong>sed</strong></span> <span class='ocrx_word' id='word_1_554' title='bbox 1629 446 1790 486; x_wconf 84' lang='lat' dir='ltr'><strong>producta</strong></span> <span class='ocrx_word' id='word_1_555' title='bbox 1807 446 1938 478; x_wconf 85' lang='lat' dir='ltr'><strong>ult-ima.</strong></span> <span class='ocrx_word' id='word_1_556' title='bbox 1974 446 2089 478; x_wconf 88' lang='lat' dir='ltr'><strong>Solum</strong></span> <span class='ocrx_word' id='word_1_557' title='bbox 2106 446 2166 478; x_wconf 86' lang='grc'>1100</span> <span class='ocrx_word' id='word_1_558' title='bbox 2190 455 2246 482; x_wconf 81' lang='lat' dir='ltr'><strong>ex</strong></span> 
     </span>
     <span class='ocr_line' id='line_1_75' title="bbox 1321 493 2230 533; baseline 0.003 -10"><span class='ocrx_word' id='word_1_559' title='bbox 1321 493 1382 524; x_wconf 90' lang='lat' dir='ltr'><strong>tris</strong></span> <span class='ocrx_word' id='word_1_560' title='bbox 1398 493 1434 524; x_wconf 92' lang='lat' dir='ltr'><strong>in</strong></span> <span class='ocrx_word' id='word_1_561' title='bbox 1460 504 1482 525; x_wconf 91' lang='grc' dir='ltr'><strong>α</strong></span> <span class='ocrx_word' id='word_1_562' title='bbox 1505 493 1686 533; x_wconf 88' lang='lat' dir='ltr'><strong>producere</strong></span> <span class='ocrx_word' id='word_1_563' title='bbox 1710 494 1863 524; x_wconf 89' lang='lat' dir='ltr'><strong>ultimam</strong></span> <span class='ocrx_word' id='word_1_564' title='bbox 1881 494 2034 524; x_wconf 88' lang='lat' dir='ltr'><strong>observat</strong></span> <span class='ocrx_word' id='word_1_565' title='bbox 2050 493 2230 527; x_wconf 79' lang='lat' dir='ltr'><strong>Herodian</strong></span> 
     </span>
     <span class='ocr_line' id='line_1_76' title="bbox 1321 536 2238 584; baseline 0 -14"><span class='ocrx_word' id='word_1_566' title='bbox 1321 540 1423 571; x_wconf 84' lang='lat' dir='ltr'><strong>schol.</strong></span> <span class='ocrx_word' id='word_1_567' title='bbox 1452 540 1492 571; x_wconf 90' lang='lat' dir='ltr'><strong>Il.</strong></span> <span class='ocrx_word' id='word_1_568' title='bbox 1514 537 1633 584; x_wconf 69' lang='lat'><strong>[3443.</strong></span> <span class='ocrx_word' id='word_1_569' title='bbox 1664 540 1737 570; x_wconf 89' lang='grc'>0011.</span> <span class='ocrx_word' id='word_1_570' title='bbox 1769 540 1864 572; x_wconf 81' lang='lat' dir='ltr'><strong>Eust.</strong></span> <span class='ocrx_word' id='word_1_571' title='bbox 1892 549 1926 580; x_wconf 86' lang='lat' dir='ltr'><strong>p.</strong></span> <span class='ocrx_word' id='word_1_572' title='bbox 1949 536 2059 580; x_wconf 89' lang='grc'>1193,</span> <span class='ocrx_word' id='word_1_573' title='bbox 2083 537 2137 572; x_wconf 93' lang='grc'><strong>11.</strong></span> <span class='ocrx_word' id='word_1_574' title='bbox 2191 543 2201 570; x_wconf 82' lang='lat'>=</span> <span class='ocrx_word' id='word_1_575' title='bbox 2227 555 2238 581; x_wconf 31' lang='grc'><strong>,1</strong></span> 
     </span>
     <span class='ocr_line' id='line_1_77' title="bbox 1319 587 2250 628; baseline 0.001 -10"><span class='ocrx_word' id='word_1_576' title='bbox 1319 591 1397 618; x_wconf 92' lang='lat' dir='ltr'><strong>tono</strong></span> <span class='ocrx_word' id='word_1_577' title='bbox 1421 587 1566 618; x_wconf 86' lang='lat' dir='ltr'><strong>dubitari</strong></span> <span class='ocrx_word' id='word_1_578' title='bbox 1600 597 1666 619; x_wconf 88' lang='lat' dir='ltr'><strong>nen</strong></span> <span class='ocrx_word' id='word_1_579' title='bbox 1692 590 1816 628; x_wconf 88' lang='lat' dir='ltr'><strong>potest.</strong></span> <span class='ocrx_word' id='word_1_580' title='bbox 1874 587 1925 618; x_wconf 95' lang='lat' dir='ltr'><strong>De</strong></span> <span class='ocrx_word' id='word_1_581' title='bbox 1959 588 2172 619; x_wconf 77' lang='lat' dir='ltr'><strong>collocatione</strong></span> <span class='ocrx_word' id='word_1_582' title='bbox 2209 587 2250 616; x_wconf 73' lang='lat'><strong>:·.&#39;</strong></span> 
     </span>
     <span class='ocr_line' id='line_1_78' title="bbox 1319 630 2249 676; baseline 0.002 -11"><span class='ocrx_word' id='word_1_583' title='bbox 1319 634 1381 665; x_wconf 90' lang='lat' dir='ltr'><strong>dus</strong></span> <span class='ocrx_word' id='word_1_584' title='bbox 1407 635 1433 665; x_wconf 92' lang='lat' dir='ltr'><strong>I.</strong></span> <span class='ocrx_word' id='word_1_585' title='bbox 1456 634 1612 674; x_wconf 90' lang='lat' dir='ltr'><strong>Rumpel.</strong></span> <span class='ocrx_word' id='word_1_586' title='bbox 1640 635 1676 665; x_wconf 90' lang='lat' dir='ltr'><strong>in</strong></span> <span class='ocrx_word' id='word_1_587' title='bbox 1702 634 1821 665; x_wconf 86' lang='lat' dir='ltr'><strong>Philol.</strong></span> <span class='ocrx_word' id='word_1_588' title='bbox 1877 631 1915 674; x_wconf 89' lang='lat'><strong>1,</strong></span> <span class='ocrx_word' id='word_1_589' title='bbox 1945 630 2011 666; x_wconf 82' lang='lat'><strong>146</strong></span> <span class='ocrx_word' id='word_1_590' title='bbox 2028 644 2077 676; x_wconf 88' lang='lat' dir='ltr'><strong>sq.</strong></span> <span class='ocrx_word' id='word_1_591' title='bbox 2106 635 2166 675; x_wconf 91' lang='lat' dir='ltr'><strong>qui</strong></span> <span class='ocrx_word' id='word_1_592' title='bbox 2182 635 2249 668; x_wconf 74' lang='grc'><strong>00</strong></span> 
     </span>
     <span class='ocr_line' id='line_1_79' title="bbox 1319 679 2241 727; baseline 0.002 -15"><span class='ocrx_word' id='word_1_593' title='bbox 1319 682 1422 713; x_wconf 88' lang='lat' dir='ltr'><strong>vertit</strong></span> <span class='ocrx_word' id='word_1_594' title='bbox 1447 679 1537 727; x_wconf 88' lang='grc' dir='ltr'>κάρα</span> <span class='ocrx_word' id='word_1_595' title='bbox 1560 682 1661 712; x_wconf 88' lang='lat' dir='ltr'><strong>tertia</strong></span> <span class='ocrx_word' id='word_1_596' title='bbox 1691 681 1835 712; x_wconf 90' lang='lat' dir='ltr'><strong>trimetri</strong></span> <span class='ocrx_word' id='word_1_597' title='bbox 1861 682 1939 713; x_wconf 88' lang='lat' dir='ltr'><strong>sede</strong></span> <span class='ocrx_word' id='word_1_598' title='bbox 1966 685 2000 712; x_wconf 90' lang='lat' dir='ltr'><strong>et</strong></span> <span class='ocrx_word' id='word_1_599' title='bbox 2025 685 2142 722; x_wconf 87' lang='lat' dir='ltr'><strong>quarta</strong></span> <span class='ocrx_word' id='word_1_600' title='bbox 2167 691 2241 714; x_wconf 87' lang='grc'><strong>011</strong></span> 
     </span>
     <span class='ocr_line' id='line_1_80' title="bbox 1320 726 2245 772; baseline 0 -13"><span class='ocrx_word' id='word_1_601' title='bbox 1320 739 1338 759; x_wconf 89' lang='lat' dir='ltr'><strong>a</strong></span> <span class='ocrx_word' id='word_1_602' title='bbox 1362 733 1464 768; x_wconf 86' lang='lat' dir='ltr'><strong>tragg.</strong></span> <span class='ocrx_word' id='word_1_603' title='bbox 1494 729 1592 769; x_wconf 91' lang='lat' dir='ltr'><strong>poni,</strong></span> <span class='ocrx_word' id='word_1_604' title='bbox 1628 737 1698 760; x_wconf 87' lang='lat' dir='ltr'><strong>raro</strong></span> <span class='ocrx_word' id='word_1_605' title='bbox 1724 730 1862 769; x_wconf 82' lang='lat' dir='ltr'><strong>quinta,</strong></span> <span class='ocrx_word' id='word_1_606' title='bbox 1899 729 2094 769; x_wconf 87' lang='lat' dir='ltr'><strong>saepissime</strong></span> <span class='ocrx_word' id='word_1_607' title='bbox 2126 726 2183 772; x_wconf 83' lang='lat' dir='ltr'><strong>(ab</strong></span> <span class='ocrx_word' id='word_1_608' title='bbox 2214 745 2245 764; x_wconf 57' lang='grc'><strong>.,</strong></span> 
     </span>
     <span class='ocr_line' id='line_1_81' title="bbox 1319 772 2245 820; baseline 0.002 -14"><span class='ocrx_word' id='word_1_609' title='bbox 1319 773 1463 819; x_wconf 80' lang='lat' dir='ltr'><strong>ubique)</strong></span> <span class='ocrx_word' id='word_1_610' title='bbox 1480 772 1607 819; x_wconf 68' lang='lat' dir='ltr'><strong>sexta]</strong></span> <span class='ocrx_word' id='word_1_611' title='bbox 1626 793 1730 806; x_wconf 92' lang='lat'><strong>—.—</strong></span> <span class='ocrx_word' id='word_1_612' title='bbox 1757 775 1770 817; x_wconf 84' lang='grc' dir='ltr'><strong>ΙΙ</strong></span> <span class='ocrx_word' id='word_1_613' title='bbox 1804 778 1904 815; x_wconf 78' lang='lat' dir='ltr'><strong>caput</strong></span> <span class='ocrx_word' id='word_1_614' title='bbox 1928 775 2110 807; x_wconf 79' lang='lat' dir='ltr'><strong>humanum</strong></span> <span class='ocrx_word' id='word_1_615' title='bbox 2132 785 2214 818; x_wconf 82' lang='lat' dir='ltr'><strong>prop</strong></span> <span class='ocrx_word' id='word_1_616' title='bbox 2240 787 2245 820; x_wconf 60' lang='grc' dir='ltr'>ι</span> 
     </span>
     <span class='ocr_line' id='line_1_82' title="bbox 1319 819 2243 868; baseline 0.002 -14"><span class='ocrx_word' id='word_1_617' title='bbox 1319 824 1466 862; x_wconf 85' lang='lat' dir='ltr'><strong>gnificat.</strong></span> <span class='ocrx_word' id='word_1_618' title='bbox 1501 821 1590 867; x_wconf 82' lang='grc' dir='ltr'>κάρα</span> <span class='ocrx_word' id='word_1_619' title='bbox 1618 821 1751 867; x_wconf 86' lang='grc' dir='ltr'>τέμνειν</span> <span class='ocrx_word' id='word_1_620' title='bbox 1781 820 1897 867; x_wconf 84' lang='grc' dir='ltr'>ἐφεῖτο</span> <span class='ocrx_word' id='word_1_621' title='bbox 1925 821 1976 868; x_wconf 87' lang='grc' dir='ltr'><strong>τῷ</strong></span> <span class='ocrx_word' id='word_1_622' title='bbox 2003 819 2139 856; x_wconf 77' lang='grc' dir='ltr'>θέλοντι</span> <span class='ocrx_word' id='word_1_623' title='bbox 2166 823 2243 856; x_wconf 83' lang='grc' dir='ltr'>Ρ11.</span> 
     </span>
     <span class='ocr_line' id='line_1_83' title="bbox 1318 866 2247 916; baseline 0.001 -14"><span class='ocrx_word' id='word_1_624' title='bbox 1318 868 1410 915; x_wconf 86' lang='grc' dir='ltr'>κάρα</span> <span class='ocrx_word' id='word_1_625' title='bbox 1425 867 1488 915; x_wconf 86' lang='grc' dir='ltr'>γὰρ</span> <span class='ocrx_word' id='word_1_626' title='bbox 1512 867 1707 908; x_wconf 71' lang='grc' dir='ltr'>ὑπτιάζεται</span> <span class='ocrx_word' id='word_1_627' title='bbox 1723 867 1800 902; x_wconf 76' lang='grc' dir='ltr'>τόδε</span> <span class='ocrx_word' id='word_1_628' title='bbox 1822 866 1902 901; x_wconf 88' lang='grc'>822.</span> <span class='ocrx_word' id='word_1_629' title='bbox 1938 871 2026 903; x_wconf 85' lang='grc' dir='ltr'>κινεῖ</span> <span class='ocrx_word' id='word_1_630' title='bbox 2049 867 2114 916; x_wconf 85' lang='grc' dir='ltr'>γὰρ</span> <span class='ocrx_word' id='word_1_631' title='bbox 2131 867 2247 915; x_wconf 57' lang='grc' dir='ltr'>ὄμμα,</span> 
     </span>
     <span class='ocr_line' id='line_1_84' title="bbox 1318 910 2220 962; baseline 0.001 -12"><span class='ocrx_word' id='word_1_632' title='bbox 1318 916 1390 962; x_wconf 79' lang='grc' dir='ltr'>άγει</span> <span class='ocrx_word' id='word_1_633' title='bbox 1407 915 1498 962; x_wconf 88' lang='grc' dir='ltr'>κάρα</span> <span class='ocrx_word' id='word_1_634' title='bbox 1511 914 1592 949; x_wconf 89' lang='grc'>866.</span> <span class='ocrx_word' id='word_1_635' title='bbox 1614 915 1653 950; x_wconf 89' lang='grc' dir='ltr'><strong>ού</strong></span> <span class='ocrx_word' id='word_1_636' title='bbox 1679 915 1743 962; x_wconf 80' lang='grc' dir='ltr'>γὰρ</span> <span class='ocrx_word' id='word_1_637' title='bbox 1764 914 1803 949; x_wconf 85' lang='grc' dir='ltr'><strong>ἂν</strong></span> <span class='ocrx_word' id='word_1_638' title='bbox 1824 915 1915 961; x_wconf 89' lang='grc' dir='ltr'>κάρα</span> <span class='ocrx_word' id='word_1_639' title='bbox 1931 914 2149 962; x_wconf 82' lang='grc' dir='ltr'>πολυστεφὴς</span> <span class='ocrx_word' id='word_1_640' title='bbox 2162 910 2220 951; x_wconf 80' lang='grc' dir='ltr'><strong>ὧδ’</strong></span> 
     </span>
     <span class='ocr_line' id='line_1_85' title="bbox 1320 961 2244 1009; baseline 0.003 -14"><span class='ocrx_word' id='word_1_641' title='bbox 1320 964 1377 996; x_wconf 89' lang='lat' dir='ltr'><strong>OR</strong></span> <span class='ocrx_word' id='word_1_642' title='bbox 1394 961 1450 995; x_wconf 90' lang='lat'><strong>82.</strong></span> <span class='ocrx_word' id='word_1_643' title='bbox 1480 961 1668 997; x_wconf 69' lang='grc' dir='ltr'>λευκανθὲς</span> <span class='ocrx_word' id='word_1_644' title='bbox 1692 963 1783 1009; x_wconf 89' lang='grc' dir='ltr'>κάρα</span> <span class='ocrx_word' id='word_1_645' title='bbox 1814 961 1883 996; x_wconf 88' lang='grc'><strong>742</strong></span> <span class='ocrx_word' id='word_1_646' title='bbox 1907 975 1938 995; x_wconf 73' lang='lat' dir='ltr'><strong>V.</strong></span> <span class='ocrx_word' id='word_1_647' title='bbox 1968 964 2094 1004; x_wconf 89' lang='lat' dir='ltr'><strong>Musgr.</strong></span> <span class='ocrx_word' id='word_1_648' title='bbox 2123 963 2244 1009; x_wconf 71' lang='grc' dir='ltr'>μέσον·-</span> 
     </span>
     <span class='ocr_line' id='line_1_86' title="bbox 1320 1007 2209 1057; baseline 0.001 -14"><span class='ocrx_word' id='word_1_649' title='bbox 1320 1008 1454 1048; x_wconf 80' lang='grc' dir='ltr'>ὃιπλοῖς</span> <span class='ocrx_word' id='word_1_650' title='bbox 1471 1009 1639 1057; x_wconf 83' lang='grc' dir='ltr'>κέντροισί</span> <span class='ocrx_word' id='word_1_651' title='bbox 1658 1022 1724 1056; x_wconf 86' lang='grc' dir='ltr'><strong>μου</strong></span> <span class='ocrx_word' id='word_1_652' title='bbox 1743 1008 1905 1044; x_wconf 78' lang='grc' dir='ltr'>καθίκετο</span> <span class='ocrx_word' id='word_1_653' title='bbox 1919 1007 1998 1042; x_wconf 88' lang='grc'>809.</span> <span class='ocrx_word' id='word_1_654' title='bbox 2027 1010 2157 1048; x_wconf 79' lang='grc' dir='ltr'>πάντας</span> <span class='ocrx_word' id='word_1_655' title='bbox 2173 1009 2209 1048; x_wconf 84' lang='grc' dir='ltr'>ἐς</span> 
     </span>
     <span class='ocr_line' id='line_1_87' title="bbox 1318 1055 2225 1107; baseline 0.001 -16"><span class='ocrx_word' id='word_1_656' title='bbox 1318 1057 1407 1104; x_wconf 84' lang='grc' dir='ltr'>κάρα</span> <span class='ocrx_word' id='word_1_657' title='bbox 1423 1060 1537 1091; x_wconf 86' lang='grc' dir='ltr'>νεῦσαι</span> <span class='ocrx_word' id='word_1_658' title='bbox 1556 1056 1651 1104; x_wconf 81' lang='grc' dir='ltr'>φόβῳ</span> <span class='ocrx_word' id='word_1_659' title='bbox 1670 1057 1879 1103; x_wconf 75' lang='grc' dir='ltr'>προύτρεψεν</span> <span class='ocrx_word' id='word_1_660' title='bbox 1898 1059 1978 1090; x_wconf 81' lang='lat' dir='ltr'><strong>Ant.</strong></span> <span class='ocrx_word' id='word_1_661' title='bbox 2000 1055 2080 1091; x_wconf 89' lang='lat'><strong>269.</strong></span> <span class='ocrx_word' id='word_1_662' title='bbox 2108 1069 2174 1104; x_wconf 88' lang='grc' dir='ltr'><strong>κρυ</strong></span> <span class='ocrx_word' id='word_1_663' title='bbox 2201 1056 2225 1107; x_wconf 70' lang='grc' dir='ltr'><em>ᾗ</em></span> 
     </span>
     <span class='ocr_line' id='line_1_88' title="bbox 1320 1103 2234 1152; baseline 0.001 -14"><span class='ocrx_word' id='word_1_664' title='bbox 1320 1104 1464 1142; x_wconf 80' lang='grc' dir='ltr'>σείοντες</span> <span class='ocrx_word' id='word_1_665' title='bbox 1489 1103 1568 1137; x_wconf 78' lang='grc'>291.</span> <span class='ocrx_word' id='word_1_666' title='bbox 1600 1104 1636 1138; x_wconf 86' lang='grc' dir='ltr'>σὲ</span> <span class='ocrx_word' id='word_1_667' title='bbox 1661 1105 1723 1151; x_wconf 74' lang='grc' dir='ltr'><strong>τὴν</strong></span> <span class='ocrx_word' id='word_1_668' title='bbox 1749 1103 1912 1138; x_wconf 86' lang='grc' dir='ltr'>νεύουσαν</span> <span class='ocrx_word' id='word_1_669' title='bbox 1939 1104 1987 1142; x_wconf 85' lang='grc' dir='ltr'><strong>εἰς</strong></span> <span class='ocrx_word' id='word_1_670' title='bbox 2013 1103 2116 1139; x_wconf 82' lang='grc' dir='ltr'>πέδον</span> <span class='ocrx_word' id='word_1_671' title='bbox 2140 1115 2234 1152; x_wconf 78' lang='grc' dir='ltr'>κοιρα-</span> 
     </span>
     <span class='ocr_line' id='line_1_89' title="bbox 1320 1149 2240 1199; baseline 0.001 -14"><span class='ocrx_word' id='word_1_672' title='bbox 1320 1151 1410 1198; x_wconf 83' lang='grc' dir='ltr'>κάρα</span> <span class='ocrx_word' id='word_1_673' title='bbox 1437 1151 1567 1191; x_wconf 75' lang='grc' dir='ltr'>στάζων</span> <span class='ocrx_word' id='word_1_674' title='bbox 1595 1151 1711 1198; x_wconf 82' lang='grc' dir='ltr'>ἱδρῶτι</span> <span class='ocrx_word' id='word_1_675' title='bbox 1735 1152 1794 1185; x_wconf 83' lang='grc' dir='ltr'><strong>καὶ</strong></span> <span class='ocrx_word' id='word_1_676' title='bbox 1817 1150 1924 1198; x_wconf 82' lang='grc' dir='ltr'>χέρας</span> <span class='ocrx_word' id='word_1_677' title='bbox 1950 1154 2005 1184; x_wconf 90' lang='lat' dir='ltr'><strong>Ai.</strong></span> <span class='ocrx_word' id='word_1_678' title='bbox 2027 1149 2059 1185; x_wconf 89' lang='lat'><strong>9.</strong></span> <span class='ocrx_word' id='word_1_679' title='bbox 2087 1151 2178 1199; x_wconf 86' lang='grc' dir='ltr'>κάρα</span> <span class='ocrx_word' id='word_1_680' title='bbox 2209 1159 2211 1162; x_wconf 64' lang='lat'><em>⁴</em></span> <span class='ocrx_word' id='word_1_681' title='bbox 2233 1161 2240 1178; x_wconf 79' lang='lat'><strong>-&#39;</strong></span> 
     </span>
     <span class='ocr_line' id='line_1_90' title="bbox 1322 1197 2235 1246; baseline 0 -14"><span class='ocrx_word' id='word_1_682' title='bbox 1322 1210 1404 1244; x_wconf 88' lang='grc' dir='ltr'>μασι</span> <span class='ocrx_word' id='word_1_683' title='bbox 1419 1198 1638 1246; x_wconf 79' lang='grc' dir='ltr'>κρυψάμενον</span> <span class='ocrx_word' id='word_1_684' title='bbox 1656 1197 1724 1231; x_wconf 80' lang='grc'><strong>245</strong></span> <span class='ocrx_word' id='word_1_685' title='bbox 1743 1200 1795 1231; x_wconf 87' lang='grc'>011.</span> <span class='ocrx_word' id='word_1_686' title='bbox 1816 1201 1863 1231; x_wconf 89' lang='lat' dir='ltr'><strong>sic</strong></span> <span class='ocrx_word' id='word_1_687' title='bbox 1880 1199 1981 1231; x_wconf 81' lang='lat' dir='ltr'><strong>Tricl.</strong></span> <span class='ocrx_word' id='word_1_688' title='bbox 2018 1200 2175 1242; x_wconf 88' lang='lat' dir='ltr'><strong>Plerique</strong></span> <span class='ocrx_word' id='word_1_689' title='bbox 2198 1200 2235 1232; x_wconf 86' lang='lat' dir='ltr'><strong>li</strong></span> 
     </span>
     <span class='ocr_line' id='line_1_91' title="bbox 1322 1247 2234 1293; baseline 0.001 -15"><span class='ocrx_word' id='word_1_690' title='bbox 1322 1248 1379 1279; x_wconf 86' lang='lat' dir='ltr'><strong>LA</strong></span> <span class='ocrx_word' id='word_1_691' title='bbox 1397 1249 1505 1293; x_wconf 85' lang='grc' dir='ltr'>κρᾶτα</span> <span class='ocrx_word' id='word_1_692' title='bbox 1523 1248 1658 1287; x_wconf 86' lang='lat' dir='ltr'><strong>habent,</strong></span> <span class='ocrx_word' id='word_1_693' title='bbox 1681 1247 1771 1288; x_wconf 78' lang='lat' dir='ltr'><strong>quod</strong></span> <span class='ocrx_word' id='word_1_694' title='bbox 1788 1250 1916 1278; x_wconf 85' lang='lat' dir='ltr'><strong>mutato</strong></span> <span class='ocrx_word' id='word_1_695' title='bbox 1934 1249 2110 1278; x_wconf 88' lang='lat' dir='ltr'><strong>verborum</strong></span> <span class='ocrx_word' id='word_1_696' title='bbox 2129 1247 2213 1279; x_wconf 84' lang='lat' dir='ltr'><strong>ordi</strong></span> <span class='ocrx_word' id='word_1_697' title='bbox 2231 1261 2234 1273; x_wconf 75' lang='lat'>2</span> 
     </span>
     <span class='ocr_line' id='line_1_92' title="bbox 1321 1289 2237 1336; baseline 0.001 -11"><span class='ocrx_word' id='word_1_698' title='bbox 1321 1295 1388 1326; x_wconf 84' lang='lat' dir='ltr'><strong>vari</strong></span> <span class='ocrx_word' id='word_1_699' title='bbox 1406 1295 1518 1336; x_wconf 88' lang='lat' dir='ltr'><strong>potuit</strong></span> <span class='ocrx_word' id='word_1_700' title='bbox 1534 1296 1574 1325; x_wconf 93' lang='lat' dir='ltr'><strong>ab</strong></span> <span class='ocrx_word' id='word_1_701' title='bbox 1592 1295 1788 1326; x_wconf 89' lang='lat' dir='ltr'><strong>editoribus.</strong></span> <span class='ocrx_word' id='word_1_702' title='bbox 1826 1294 1988 1326; x_wconf 87' lang='lat' dir='ltr'><strong>Similiter</strong></span> <span class='ocrx_word' id='word_1_703' title='bbox 2004 1295 2038 1325; x_wconf 91' lang='lat' dir='ltr'><strong>in</strong></span> <span class='ocrx_word' id='word_1_704' title='bbox 2058 1295 2114 1326; x_wconf 85' lang='lat' dir='ltr'><strong>Tr.</strong></span> <span class='ocrx_word' id='word_1_705' title='bbox 2138 1289 2237 1330; x_wconf 55' lang='lat'><strong>101&amp;</strong></span> 
     </span>
     <span class='ocr_line' id='line_1_93' title="bbox 1321 1340 2241 1387; baseline 0.003 -15"><span class='ocrx_word' id='word_1_706' title='bbox 1321 1342 1406 1373; x_wconf 91' lang='lat' dir='ltr'><strong>nulli</strong></span> <span class='ocrx_word' id='word_1_707' title='bbox 1424 1340 1514 1387; x_wconf 92' lang='grc' dir='ltr'>κάρα</span> <span class='ocrx_word' id='word_1_708' title='bbox 1530 1351 1588 1382; x_wconf 91' lang='lat' dir='ltr'><strong>pro</strong></span> <span class='ocrx_word' id='word_1_709' title='bbox 1601 1342 1711 1386; x_wconf 87' lang='grc' dir='ltr'>κρᾶτα</span> <span class='ocrx_word' id='word_1_710' title='bbox 1728 1341 1901 1372; x_wconf 80' lang='lat' dir='ltr'><strong>exhibent.</strong></span> <span class='ocrx_word' id='word_1_711' title='bbox 1937 1341 2003 1374; x_wconf 88' lang='lat' dir='ltr'><strong>Sed</strong></span> <span class='ocrx_word' id='word_1_712' title='bbox 2018 1342 2054 1372; x_wconf 90' lang='lat' dir='ltr'><strong>in</strong></span> <span class='ocrx_word' id='word_1_713' title='bbox 2071 1342 2127 1373; x_wconf 91' lang='lat' dir='ltr'><strong>Ai.</strong></span> <span class='ocrx_word' id='word_1_714' title='bbox 2147 1342 2171 1374; x_wconf 94' lang='lat' dir='ltr'><strong>l.</strong></span> <span class='ocrx_word' id='word_1_715' title='bbox 2192 1350 2219 1375; x_wconf 81' lang='grc'><strong>0.</strong></span> <span class='ocrx_word' id='word_1_716' title='bbox 2239 1346 2241 1348; x_wconf 86' lang='grc'><strong>’</strong></span> 
     </span>
     <span class='ocr_line' id='line_1_94' title="bbox 1321 1381 2232 1433; baseline 0.002 -13"><span class='ocrx_word' id='word_1_717' title='bbox 1321 1392 1411 1420; x_wconf 86' lang='grc'>00110</span> <span class='ocrx_word' id='word_1_718' title='bbox 1431 1393 1482 1421; x_wconf 87' lang='lat' dir='ltr'><strong>est</strong></span> <span class='ocrx_word' id='word_1_719' title='bbox 1500 1391 1534 1419; x_wconf 90' lang='lat' dir='ltr'><strong>in</strong></span> <span class='ocrx_word' id='word_1_720' title='bbox 1561 1389 1647 1421; x_wconf 86' lang='lat' dir='ltr'><strong>Flor.</strong></span> <span class='ocrx_word' id='word_1_721' title='bbox 1669 1385 1708 1422; x_wconf 94' lang='grc' dir='ltr'><strong>Δ.</strong></span> <span class='ocrx_word' id='word_1_722' title='bbox 1738 1386 1861 1425; x_wconf 84' lang='grc' dir='ltr'>παίσας</span> <span class='ocrx_word' id='word_1_723' title='bbox 1884 1386 1975 1433; x_wconf 82' lang='grc' dir='ltr'>κάρα</span> <span class='ocrx_word' id='word_1_724' title='bbox 2006 1381 2146 1426; x_wconf 77' lang='grc' dir='ltr'>’θώυξεν</span> <span class='ocrx_word' id='word_1_725' title='bbox 2170 1389 2232 1422; x_wconf 80' lang='lat' dir='ltr'><strong>Ai..</strong></span> 
     </span>
     <span class='ocr_line' id='line_1_95' title="bbox 1321 1432 2219 1482; baseline -0.002 -13"><span class='ocrx_word' id='word_1_726' title='bbox 1321 1434 1474 1482; x_wconf 81' lang='grc' dir='ltr'>σχίζουσι</span> <span class='ocrx_word' id='word_1_727' title='bbox 1506 1434 1596 1480; x_wconf 89' lang='grc' dir='ltr'>κάρα</span> <span class='ocrx_word' id='word_1_728' title='bbox 1629 1434 1737 1482; x_wconf 86' lang='grc' dir='ltr'>φονίῳ</span> <span class='ocrx_word' id='word_1_729' title='bbox 1770 1433 1908 1468; x_wconf 84' lang='grc' dir='ltr'>πελέκει</span> <span class='ocrx_word' id='word_1_730' title='bbox 1941 1435 1993 1467; x_wconf 89' lang='lat' dir='ltr'><strong>El.</strong></span> <span class='ocrx_word' id='word_1_731' title='bbox 2023 1432 2068 1468; x_wconf 90' lang='lat'><strong>99</strong></span> <span class='ocrx_word' id='word_1_732' title='bbox 2093 1445 2147 1467; x_wconf 87' lang='lat' dir='ltr'><strong>an.</strong></span> <span class='ocrx_word' id='word_1_733' title='bbox 2178 1451 2219 1459; x_wconf 83' lang='lat'><em>-</em></span> 
     </span>
     <span class='ocr_line' id='line_1_96' title="bbox 1320 1479 2234 1528; baseline -0.002 -12"><span class='ocrx_word' id='word_1_734' title='bbox 1320 1481 1511 1528; x_wconf 90' lang='grc' dir='ltr'>λουτροῖσιν</span> <span class='ocrx_word' id='word_1_735' title='bbox 1535 1482 1627 1528; x_wconf 80' lang='grc' dir='ltr'>κάρᾳ</span> <span class='ocrx_word' id='word_1_736' title='bbox 1650 1480 1798 1528; x_wconf 80' lang='grc' dir='ltr'>κηλῖδας</span> <span class='ocrx_word' id='word_1_737' title='bbox 1824 1479 1981 1527; x_wconf 78' lang='grc' dir='ltr'>ἐξέμαξεν</span> <span class='ocrx_word' id='word_1_738' title='bbox 2010 1483 2063 1514; x_wconf 90' lang='lat' dir='ltr'><strong>El.</strong></span> <span class='ocrx_word' id='word_1_739' title='bbox 2085 1480 2154 1515; x_wconf 86' lang='lat'><strong>445</strong></span> <span class='ocrx_word' id='word_1_740' title='bbox 2169 1479 2234 1524; x_wconf 84' lang='lat' dir='ltr'><strong>qu&#39;</strong></span> 
     </span>
     <span class='ocr_line' id='line_1_97' title="bbox 1320 1528 2230 1571; baseline 0 -9"><span class='ocrx_word' id='word_1_741' title='bbox 1320 1531 1454 1562; x_wconf 90' lang='lat' dir='ltr'><strong>modum</strong></span> <span class='ocrx_word' id='word_1_742' title='bbox 1480 1541 1522 1562; x_wconf 85' lang='lat' dir='ltr'><strong>ex</strong></span> <span class='ocrx_word' id='word_1_743' title='bbox 1540 1531 1641 1562; x_wconf 87' lang='lat' dir='ltr'><strong>schol.</strong></span> <span class='ocrx_word' id='word_1_744' title='bbox 1668 1531 1743 1561; x_wconf 90' lang='lat' dir='ltr'><strong>iure</strong></span> <span class='ocrx_word' id='word_1_745' title='bbox 1767 1539 1857 1562; x_wconf 88' lang='lat' dir='ltr'><strong>nunc</strong></span> <span class='ocrx_word' id='word_1_746' title='bbox 1882 1530 2009 1571; x_wconf 70' lang='lat' dir='ltr'><strong>editur,</strong></span> <span class='ocrx_word' id='word_1_747' title='bbox 2038 1532 2154 1571; x_wconf 82' lang='lat' dir='ltr'><strong>inepta</strong></span> <span class='ocrx_word' id='word_1_748' title='bbox 2170 1528 2230 1562; x_wconf 74' lang='lat' dir='ltr'><strong>e&#39;</strong></span> 
     </span>
     <span class='ocr_line' id='line_1_98' title="bbox 1320 1575 2241 1622; baseline 0 -13"><span class='ocrx_word' id='word_1_749' title='bbox 1320 1579 1453 1610; x_wconf 89' lang='lat' dir='ltr'><strong>brorum</strong></span> <span class='ocrx_word' id='word_1_750' title='bbox 1479 1579 1644 1619; x_wconf 84' lang='lat' dir='ltr'><strong>scriptura</strong></span> <span class='ocrx_word' id='word_1_751' title='bbox 1668 1575 1778 1622; x_wconf 89' lang='grc' dir='ltr'>κάρα,</span> <span class='ocrx_word' id='word_1_752' title='bbox 1807 1577 1968 1618; x_wconf 86' lang='lat' dir='ltr'><strong>quidquid</strong></span> <span class='ocrx_word' id='word_1_753' title='bbox 2000 1577 2090 1609; x_wconf 85' lang='lat' dir='ltr'><strong>dicat</strong></span> <span class='ocrx_word' id='word_1_754' title='bbox 2107 1577 2220 1612; x_wconf 80' lang='lat' dir='ltr'><strong>Monk.</strong></span> <span class='ocrx_word' id='word_1_755' title='bbox 2235 1583 2241 1611; x_wconf 64' lang='grc' dir='ltr'><strong>ἢ</strong></span> 
     </span>
     <span class='ocr_line' id='line_1_99' title="bbox 1319 1625 2237 1665; baseline 0 -8"><span class='ocrx_word' id='word_1_756' title='bbox 1319 1626 1360 1657; x_wconf 90' lang='lat' dir='ltr'><strong>de</strong></span> <span class='ocrx_word' id='word_1_757' title='bbox 1379 1625 1663 1664; x_wconf 87' lang='lat' dir='ltr'><strong>Clytaemnestrae</strong></span> <span class='ocrx_word' id='word_1_758' title='bbox 1688 1626 1795 1665; x_wconf 88' lang='lat' dir='ltr'><strong>capite</strong></span> <span class='ocrx_word' id='word_1_759' title='bbox 1819 1633 1880 1665; x_wconf 92' lang='lat' dir='ltr'><strong>per</strong></span> <span class='ocrx_word' id='word_1_760' title='bbox 1901 1625 2029 1656; x_wconf 88' lang='lat' dir='ltr'><strong>somnia</strong></span> <span class='ocrx_word' id='word_1_761' title='bbox 2053 1625 2213 1664; x_wconf 78' lang='lat' dir='ltr'><strong>cogitasse</strong></span> <span class='ocrx_word' id='word_1_762' title='bbox 2228 1636 2237 1652; x_wconf 63' lang='grc' dir='ltr'><em>ι</em></span> 
     </span>
     <span class='ocr_line' id='line_1_100' title="bbox 1319 1668 2240 1712; baseline 0.001 -9"><span class='ocrx_word' id='word_1_763' title='bbox 1319 1677 1386 1704; x_wconf 91' lang='lat' dir='ltr'><strong>tur.</strong></span> <span class='ocrx_word' id='word_1_764' title='bbox 1424 1673 1567 1704; x_wconf 90' lang='lat' dir='ltr'><strong>Dativus</strong></span> <span class='ocrx_word' id='word_1_765' title='bbox 1596 1675 1768 1712; x_wconf 85' lang='lat' dir='ltr'><strong>praeterea</strong></span> <span class='ocrx_word' id='word_1_766' title='bbox 1792 1672 1916 1711; x_wconf 88' lang='lat' dir='ltr'><strong>legitur</strong></span> <span class='ocrx_word' id='word_1_767' title='bbox 1947 1670 2002 1703; x_wconf 88' lang='lat' dir='ltr'><strong>OC</strong></span> <span class='ocrx_word' id='word_1_768' title='bbox 2021 1668 2101 1704; x_wconf 86' lang='lat'><strong>564.</strong></span> <span class='ocrx_word' id='word_1_769' title='bbox 2137 1672 2240 1704; x_wconf 60' lang='lat' dir='ltr'><strong>Ant:</strong></span> 
     </span>
     <span class='ocr_line' id='line_1_101' title="bbox 1319 1717 2232 1760; baseline 0 -10"><span class='ocrx_word' id='word_1_770' title='bbox 1319 1729 1520 1760; x_wconf 88' lang='lat' dir='ltr'><strong>quamquam</strong></span> <span class='ocrx_word' id='word_1_771' title='bbox 1537 1720 1598 1751; x_wconf 83' lang='lat' dir='ltr'><strong>alia</strong></span> <span class='ocrx_word' id='word_1_772' title='bbox 1618 1720 1663 1759; x_wconf 91' lang='lat' dir='ltr'><strong>vi,</strong></span> <span class='ocrx_word' id='word_1_773' title='bbox 1684 1720 1724 1751; x_wconf 91' lang='lat' dir='ltr'><strong>de</strong></span> <span class='ocrx_word' id='word_1_774' title='bbox 1743 1729 1808 1759; x_wconf 87' lang='lat' dir='ltr'><strong>qua</strong></span> <span class='ocrx_word' id='word_1_775' title='bbox 1824 1720 1924 1758; x_wconf 85' lang='lat' dir='ltr'><strong>infra,</strong></span> <span class='ocrx_word' id='word_1_776' title='bbox 1944 1723 1979 1750; x_wconf 86' lang='lat' dir='ltr'><strong>et</strong></span> <span class='ocrx_word' id='word_1_777' title='bbox 1996 1717 2099 1758; x_wconf 88' lang='lat' dir='ltr'><strong>Synd.</strong></span> <span class='ocrx_word' id='word_1_778' title='bbox 2120 1719 2136 1750; x_wconf 84' lang='lat' dir='ltr'><strong>f</strong></span> <span class='ocrx_word' id='word_1_779' title='bbox 2230 1723 2232 1727; x_wconf 87' lang='lat'>&#39;</span> 
     </span>
     <span class='ocr_line' id='line_1_102' title="bbox 1319 1761 2216 1812; baseline -0.001 -13"><span class='ocrx_word' id='word_1_780' title='bbox 1319 1765 1396 1812; x_wconf 90' lang='grc' dir='ltr'>περὶ</span> <span class='ocrx_word' id='word_1_781' title='bbox 1414 1761 1442 1798; x_wconf 85' lang='grc' dir='ltr'><strong>δ’</strong></span> <span class='ocrx_word' id='word_1_782' title='bbox 1460 1765 1534 1812; x_wconf 81' lang='grc' dir='ltr'>ἐμῷ</span> <span class='ocrx_word' id='word_1_783' title='bbox 1549 1765 1640 1811; x_wconf 90' lang='grc' dir='ltr'>κάρα</span> <span class='ocrx_word' id='word_1_784' title='bbox 1657 1764 1863 1811; x_wconf 81' lang='grc' dir='ltr'>κατάγνυται</span> <span class='ocrx_word' id='word_1_785' title='bbox 1887 1764 1926 1799; x_wconf 87' lang='grc' dir='ltr'><strong>τὸ</strong></span> <span class='ocrx_word' id='word_1_786' title='bbox 1942 1767 2077 1812; x_wconf 87' lang='grc' dir='ltr'>τεῦχος.</span> <span class='ocrx_word' id='word_1_787' title='bbox 2100 1783 2142 1790; x_wconf 90' lang='lat'><strong>—-</strong></span> <span class='ocrx_word' id='word_1_788' title='bbox 2161 1761 2216 1798; x_wconf 74' lang='grc' dir='ltr'><strong>διὰ</strong></span> 
     </span>
     <span class='ocr_line' id='line_1_103' title="bbox 1318 1810 2214 1860; baseline 0 -14"><span class='ocrx_word' id='word_1_789' title='bbox 1318 1813 1430 1859; x_wconf 86' lang='grc' dir='ltr'>τεμών</span> <span class='ocrx_word' id='word_1_790' title='bbox 1449 1815 1490 1846; x_wconf 79' lang='lat' dir='ltr'><strong>fr.</strong></span> <span class='ocrx_word' id='word_1_791' title='bbox 1503 1812 1551 1851; x_wconf 55' lang='grc' dir='ltr'><strong>Δ]</strong></span> <span class='ocrx_word' id='word_1_792' title='bbox 1684 1814 1736 1844; x_wconf 92' lang='lat' dir='ltr'><strong>De</strong></span> <span class='ocrx_word' id='word_1_793' title='bbox 1753 1812 1864 1854; x_wconf 75' lang='lat' dir='ltr'><strong>effiyie</strong></span> <span class='ocrx_word' id='word_1_794' title='bbox 1882 1813 2027 1844; x_wconf 79' lang='lat' dir='ltr'><strong>hamana</strong></span> <span class='ocrx_word' id='word_1_795' title='bbox 2050 1810 2214 1860; x_wconf 69' lang='grc' dir='ltr'>χάλκειον</span> 
     </span>
     <span class='ocr_line' id='line_1_104' title="bbox 1320 1858 2151 1903; baseline -0.002 -10"><span class='ocrx_word' id='word_1_796' title='bbox 1320 1858 1572 1903; x_wconf 50' lang='grc'>801111..482,&gt;·3.</span> <span class='ocrx_word' id='word_1_797' title='bbox 1596 1880 1637 1885; x_wconf 90' lang='grc'>-</span> <span class='ocrx_word' id='word_1_798' title='bbox 1662 1861 1750 1892; x_wconf 89' lang='lat' dir='ltr'><strong>Hinc</strong></span> <span class='ocrx_word' id='word_1_799' title='bbox 1771 1864 1805 1891; x_wconf 91' lang='lat' dir='ltr'><strong>et</strong></span> <span class='ocrx_word' id='word_1_800' title='bbox 1830 1860 1871 1891; x_wconf 91' lang='lat' dir='ltr'><strong>ad</strong></span> <span class='ocrx_word' id='word_1_801' title='bbox 1895 1860 2092 1892; x_wconf 81' lang='lat' dir='ltr'><strong>animalium</strong></span> <span class='ocrx_word' id='word_1_802' title='bbox 2117 1864 2151 1891; x_wconf 92' lang='lat' dir='ltr'><strong>et</strong></span> 
     </span>
     <span class='ocr_line' id='line_1_105' title="bbox 1319 1904 2236 1952; baseline 0.002 -14"><span class='ocrx_word' id='word_1_803' title='bbox 1319 1910 1429 1948; x_wconf 82' lang='lat' dir='ltr'><strong>capita</strong></span> <span class='ocrx_word' id='word_1_804' title='bbox 1443 1909 1654 1940; x_wconf 83' lang='lat' dir='ltr'><strong>transfertur.</strong></span> <span class='ocrx_word' id='word_1_805' title='bbox 1682 1906 1772 1952; x_wconf 87' lang='grc' dir='ltr'>κάρα</span> <span class='ocrx_word' id='word_1_806' title='bbox 1789 1904 1994 1952; x_wconf 83' lang='grc' dir='ltr'>προβάλλων</span> <span class='ocrx_word' id='word_1_807' title='bbox 2020 1905 2167 1940; x_wconf 77' lang='grc' dir='ltr'>ἱππικῶν</span> <span class='ocrx_word' id='word_1_808' title='bbox 2199 1923 2204 1934; x_wconf 70' lang='grc' dir='ltr'>ι</span> <span class='ocrx_word' id='word_1_809' title='bbox 2228 1928 2236 1945; x_wconf 48' lang='grc' dir='ltr'><strong>ι,</strong></span> 
     </span>
     <span class='ocr_line' id='line_1_106' title="bbox 1317 1952 2237 1996; baseline -0.002 -9"><span class='ocrx_word' id='word_1_810' title='bbox 1317 1966 1386 1988; x_wconf 90' lang='grc' dir='ltr'><strong>των</strong></span> <span class='ocrx_word' id='word_1_811' title='bbox 1404 1956 1456 1987; x_wconf 83' lang='lat' dir='ltr'><strong>El.</strong></span> <span class='ocrx_word' id='word_1_812' title='bbox 1478 1952 1565 1995; x_wconf 72' lang='lat'><strong>7403</strong></span> <span class='ocrx_word' id='word_1_813' title='bbox 1594 1955 1853 1994; x_wconf 88' lang='lat' dir='ltr'><strong>intelligendum</strong></span> <span class='ocrx_word' id='word_1_814' title='bbox 1870 1955 1961 1985; x_wconf 89' lang='lat' dir='ltr'><strong>enim</strong></span> <span class='ocrx_word' id='word_1_815' title='bbox 1987 1954 2027 1985; x_wconf 93' lang='lat' dir='ltr'><strong>de</strong></span> <span class='ocrx_word' id='word_1_816' title='bbox 2045 1955 2142 1995; x_wconf 87' lang='lat' dir='ltr'><strong>equis</strong></span> <span class='ocrx_word' id='word_1_817' title='bbox 2158 1963 2203 1985; x_wconf 88' lang='grc'><strong>111</strong></span> <span class='ocrx_word' id='word_1_818' title='bbox 2219 1953 2237 1996; x_wconf 58' lang='lat' dir='ltr'><strong>*J</strong></span> 
     </span>
     <span class='ocr_line' id='line_1_107' title="bbox 1321 2002 2219 2043; baseline 0.001 -10"><span class='ocrx_word' id='word_1_819' title='bbox 1321 2003 1415 2033; x_wconf 89' lang='lat' dir='ltr'><strong>modo</strong></span> <span class='ocrx_word' id='word_1_820' title='bbox 1432 2003 1500 2034; x_wconf 90' lang='lat' dir='ltr'><strong>illis</strong></span> <span class='ocrx_word' id='word_1_821' title='bbox 1519 2007 1644 2033; x_wconf 90' lang='lat' dir='ltr'><strong>ceteros</strong></span> <span class='ocrx_word' id='word_1_822' title='bbox 1662 2003 1801 2043; x_wconf 87' lang='lat' dir='ltr'><strong>paulum</strong></span> <span class='ocrx_word' id='word_1_823' title='bbox 1818 2002 2126 2041; x_wconf 87' lang='lat' dir='ltr'><strong>praecurrentibus.</strong></span> <span class='ocrx_word' id='word_1_824' title='bbox 2154 2011 2219 2034; x_wconf 88' lang='grc' dir='ltr'><strong>το</strong></span> 
     </span>
     <span class='ocr_line' id='line_1_108' title="bbox 1319 2040 2230 2095; baseline -0.001 -14"><span class='ocrx_word' id='word_1_825' title='bbox 1319 2047 1503 2095; x_wconf 85' lang='grc' dir='ltr'>(αἰγείρου)</span> <span class='ocrx_word' id='word_1_826' title='bbox 1519 2047 1610 2094; x_wconf 85' lang='grc' dir='ltr'>κάρα</span> <span class='ocrx_word' id='word_1_827' title='bbox 1627 2051 1710 2089; x_wconf 82' lang='lat' dir='ltr'><strong>Aeg.</strong></span> <span class='ocrx_word' id='word_1_828' title='bbox 1733 2050 1773 2079; x_wconf 71' lang='grc'><strong>11.</strong></span> <span class='ocrx_word' id='word_1_829' title='bbox 1795 2045 1852 2080; x_wconf 88' lang='grc'><strong>24.</strong></span> <span class='ocrx_word' id='word_1_830' title='bbox 1875 2066 1915 2071; x_wconf 97' lang='grc'>-</span> <span class='ocrx_word' id='word_1_831' title='bbox 1935 2047 1949 2090; x_wconf 83' lang='grc' dir='ltr'><strong>ΙΙ</strong></span> <span class='ocrx_word' id='word_1_832' title='bbox 1965 2049 2019 2080; x_wconf 87' lang='lat' dir='ltr'><strong>Ad</strong></span> <span class='ocrx_word' id='word_1_833' title='bbox 2035 2050 2178 2088; x_wconf 71' lang='lat' dir='ltr'><strong>emporis</strong></span> <span class='ocrx_word' id='word_1_834' title='bbox 2197 2072 2200 2075; x_wconf 59' lang='grc'><em>»</em></span> <span class='ocrx_word' id='word_1_835' title='bbox 2218 2040 2230 2083; x_wconf 62' lang='lat' dir='ltr'>J</span> 
     </span>
     <span class='ocr_line' id='line_1_109' title="bbox 1320 2095 2229 2138; baseline 0.001 -11"><span class='ocrx_word' id='word_1_836' title='bbox 1320 2098 1477 2128; x_wconf 88' lang='lat' dir='ltr'><strong>universe</strong></span> <span class='ocrx_word' id='word_1_837' title='bbox 1496 2107 1514 2127; x_wconf 86' lang='lat' dir='ltr'><strong>a</strong></span> <span class='ocrx_word' id='word_1_838' title='bbox 1532 2097 1629 2129; x_wconf 86' lang='lat' dir='ltr'><strong>vultu</strong></span> <span class='ocrx_word' id='word_1_839' title='bbox 1656 2097 1814 2127; x_wconf 90' lang='lat' dir='ltr'><strong>tralatum</strong></span> <span class='ocrx_word' id='word_1_840' title='bbox 1831 2095 2032 2128; x_wconf 88' lang='lat' dir='ltr'><strong>deflectitur.</strong></span> <span class='ocrx_word' id='word_1_841' title='bbox 2070 2096 2154 2127; x_wconf 89' lang='lat' dir='ltr'><strong>Nam</strong></span> <span class='ocrx_word' id='word_1_842' title='bbox 2176 2095 2229 2138; x_wconf 66' lang='lat'><strong>(13</strong></span> 
     </span>
     <span class='ocr_line' id='line_1_110' title="bbox 1318 2139 2229 2189; baseline 0.001 -15"><span class='ocrx_word' id='word_1_843' title='bbox 1318 2145 1390 2184; x_wconf 86' lang='lat' dir='ltr'><strong>ipso</strong></span> <span class='ocrx_word' id='word_1_844' title='bbox 1417 2145 1540 2183; x_wconf 87' lang='lat' dir='ltr'><strong>legitur</strong></span> <span class='ocrx_word' id='word_1_845' title='bbox 1562 2141 1686 2189; x_wconf 81' lang='grc' dir='ltr'>γέλωτι</span> <span class='ocrx_word' id='word_1_846' title='bbox 1714 2139 1855 2187; x_wconf 81' lang='grc' dir='ltr'>φαιδρὸν</span> <span class='ocrx_word' id='word_1_847' title='bbox 1877 2140 2005 2187; x_wconf 84' lang='grc' dir='ltr'>τούμὸν</span> <span class='ocrx_word' id='word_1_848' title='bbox 2024 2140 2141 2188; x_wconf 81' lang='grc' dir='ltr'>ὄψεται</span> <span class='ocrx_word' id='word_1_849' title='bbox 2192 2159 2198 2168; x_wconf 68' lang='lat' dir='ltr'><strong>r</strong></span> <span class='ocrx_word' id='word_1_850' title='bbox 2216 2148 2229 2167; x_wconf 80' lang='grc'><strong>-“</strong></span> 
     </span>
     <span class='ocr_line' id='line_1_111' title="bbox 1321 2172 2228 2234; baseline -0.003 -12"><span class='ocrx_word' id='word_1_851' title='bbox 1321 2188 1422 2222; x_wconf 87' lang='grc'>1310.</span> <span class='ocrx_word' id='word_1_852' title='bbox 1458 2191 1616 2231; x_wconf 78' lang='lat' dir='ltr'><strong>Explicat</strong></span> <span class='ocrx_word' id='word_1_853' title='bbox 1640 2191 1680 2221; x_wconf 92' lang='lat' dir='ltr'><strong>de</strong></span> <span class='ocrx_word' id='word_1_854' title='bbox 1706 2189 1879 2234; x_wconf 82' lang='grc' dir='ltr'>προσώπῳ</span> <span class='ocrx_word' id='word_1_855' title='bbox 1905 2190 2002 2222; x_wconf 88' lang='lat' dir='ltr'><strong>Eust.</strong></span> <span class='ocrx_word' id='word_1_856' title='bbox 2031 2199 2065 2230; x_wconf 90' lang='lat' dir='ltr'><strong>p.</strong></span> <span class='ocrx_word' id='word_1_857' title='bbox 2085 2187 2172 2231; x_wconf 88' lang='lat'><strong>455,</strong></span> <span class='ocrx_word' id='word_1_858' title='bbox 2214 2172 2228 2209; x_wconf 53' lang='lat'>3</span> 
     </span>
     <span class='ocr_line' id='line_1_112' title="bbox 1319 2234 2226 2282; baseline 0.001 -12"><span class='ocrx_word' id='word_1_859' title='bbox 1319 2235 1409 2282; x_wconf 84' lang='grc' dir='ltr'>μηδέ</span> <span class='ocrx_word' id='word_1_860' title='bbox 1435 2248 1500 2282; x_wconf 92' lang='grc' dir='ltr'><strong>μου</strong></span> <span class='ocrx_word' id='word_1_861' title='bbox 1527 2236 1617 2282; x_wconf 85' lang='grc' dir='ltr'>κάρα</span> <span class='ocrx_word' id='word_1_862' title='bbox 1648 2236 1686 2269; x_wconf 87' lang='grc' dir='ltr'><strong>τὸ</strong></span> <span class='ocrx_word' id='word_1_863' title='bbox 1712 2235 1966 2281; x_wconf 82' lang='grc' dir='ltr'>δυσπρόσοπτον</span> <span class='ocrx_word' id='word_1_864' title='bbox 1992 2235 2134 2282; x_wconf 77' lang='grc' dir='ltr'>εἰσορῶν</span> <span class='ocrx_word' id='word_1_865' title='bbox 2159 2234 2202 2276; x_wconf 61' lang='lat' dir='ltr'><strong>dt</strong></span> <span class='ocrx_word' id='word_1_866' title='bbox 2220 2255 2226 2279; x_wconf 86' lang='lat'><strong>·.</strong></span> 
     </span>
     <span class='ocr_line' id='line_1_113' title="bbox 1318 2281 2254 2330; baseline 0.002 -14"><span class='ocrx_word' id='word_1_867' title='bbox 1318 2285 1373 2316; x_wconf 84' lang='lat' dir='ltr'><strong>OG</strong></span> <span class='ocrx_word' id='word_1_868' title='bbox 1390 2281 1469 2316; x_wconf 86' lang='lat'><strong>285.</strong></span> <span class='ocrx_word' id='word_1_869' title='bbox 1501 2283 1606 2328; x_wconf 84' lang='grc' dir='ltr'>σκευή</span> <span class='ocrx_word' id='word_1_870' title='bbox 1623 2295 1660 2316; x_wconf 90' lang='grc' dir='ltr'><strong>τε</strong></span> <span class='ocrx_word' id='word_1_871' title='bbox 1683 2281 1747 2329; x_wconf 81' lang='grc' dir='ltr'>γὰρ</span> <span class='ocrx_word' id='word_1_872' title='bbox 1767 2282 1809 2328; x_wconf 81' lang='grc' dir='ltr'>σὴ</span> <span class='ocrx_word' id='word_1_873' title='bbox 1827 2282 1885 2316; x_wconf 88' lang='grc' dir='ltr'><strong>καὶ</strong></span> <span class='ocrx_word' id='word_1_874' title='bbox 1907 2282 1946 2316; x_wconf 85' lang='grc' dir='ltr'><strong>τὸ</strong></span> <span class='ocrx_word' id='word_1_875' title='bbox 1966 2281 2129 2328; x_wconf 82' lang='grc' dir='ltr'>δύστηνον</span> <span class='ocrx_word' id='word_1_876' title='bbox 2153 2281 2230 2330; x_wconf 74' lang='grc' dir='ltr'><strong>κά</strong></span> <span class='ocrx_word' id='word_1_877' title='bbox 2251 2293 2254 2295; x_wconf 70' lang='grc'><strong><em>’</em></strong></span> 
     </span>
     <span class='ocr_line' id='line_1_114' title="bbox 1317 2327 2242 2376; baseline -0.004 -13"><span class='ocrx_word' id='word_1_878' title='bbox 1317 2329 1439 2364; x_wconf 90' lang='grc' dir='ltr'>λοῦτον</span> <span class='ocrx_word' id='word_1_879' title='bbox 1462 2329 1548 2376; x_wconf 86' lang='grc' dir='ltr'>ἡμῖν</span> <span class='ocrx_word' id='word_1_880' title='bbox 1573 2327 1642 2364; x_wconf 70' lang='grc' dir='ltr'>ὄνθ’</span> <span class='ocrx_word' id='word_1_881' title='bbox 1670 2329 1706 2367; x_wconf 82' lang='grc' dir='ltr'><strong>ὃς</strong></span> <span class='ocrx_word' id='word_1_882' title='bbox 1732 2328 1859 2363; x_wconf 75' lang='grc' dir='ltr'>ε1555.</span> <span class='ocrx_word' id='word_1_883' title='bbox 1897 2330 2012 2370; x_wconf 86' lang='lat' dir='ltr'><strong>Cogita</strong></span> <span class='ocrx_word' id='word_1_884' title='bbox 2027 2331 2068 2362; x_wconf 90' lang='lat' dir='ltr'><strong>de</strong></span> <span class='ocrx_word' id='word_1_885' title='bbox 2085 2332 2218 2371; x_wconf 63' lang='lat' dir='ltr'><strong>caecit.3</strong></span> <span class='ocrx_word' id='word_1_886' title='bbox 2231 2337 2242 2371; x_wconf 51' lang='lat' dir='ltr'><strong>J.</strong></span> 
     </span>
     <span class='ocr_line' id='line_1_115' title="bbox 1319 2372 2202 2426; baseline 0 -16"><span class='ocrx_word' id='word_1_887' title='bbox 1319 2377 1356 2411; x_wconf 87' lang='grc' dir='ltr'>σὲ</span> <span class='ocrx_word' id='word_1_888' title='bbox 1373 2377 1571 2424; x_wconf 87' lang='grc' dir='ltr'>κηδεύουσα</span> <span class='ocrx_word' id='word_1_889' title='bbox 1588 2376 1646 2411; x_wconf 89' lang='grc' dir='ltr'><strong>καὶ</strong></span> <span class='ocrx_word' id='word_1_890' title='bbox 1663 2377 1701 2411; x_wconf 88' lang='grc' dir='ltr'><strong>τὸ</strong></span> <span class='ocrx_word' id='word_1_891' title='bbox 1721 2377 1778 2410; x_wconf 86' lang='grc' dir='ltr'><strong>σὸν</strong></span> <span class='ocrx_word' id='word_1_892' title='bbox 1795 2376 1886 2423; x_wconf 89' lang='grc' dir='ltr'>κάρα</span> <span class='ocrx_word' id='word_1_893' title='bbox 1903 2377 2035 2423; x_wconf 84' lang='grc' dir='ltr'>πτωχῷ</span> <span class='ocrx_word' id='word_1_894' title='bbox 2054 2375 2164 2426; x_wconf 76' lang='grc' dir='ltr'>διαίτῃ</span> <span class='ocrx_word' id='word_1_895' title='bbox 2181 2372 2202 2410; x_wconf 85' lang='grc'>7</span> 
     </span>
    </p>

    <p class='ocr_par' dir='ltr' id='par_1_21' title="bbox 1314 2424 2287 3454">
     <span class='ocr_line' id='line_1_116' title="bbox 1318 2424 2233 2469; baseline 0 -12"><span class='ocrx_word' id='word_1_896' title='bbox 1318 2424 1329 2469; x_wconf 76' lang='grc' dir='ltr'><strong>Η</strong></span> <span class='ocrx_word' id='word_1_897' title='bbox 1346 2427 1422 2457; x_wconf 83' lang='grc' dir='ltr'>Α110</span> <span class='ocrx_word' id='word_1_898' title='bbox 1438 2427 1613 2457; x_wconf 82' lang='lat' dir='ltr'><strong>tralatione</strong></span> <span class='ocrx_word' id='word_1_899' title='bbox 1631 2436 1649 2456; x_wconf 91' lang='lat' dir='ltr'><strong>a</strong></span> <span class='ocrx_word' id='word_1_900' title='bbox 1664 2426 1772 2465; x_wconf 78' lang='lat' dir='ltr'><strong>playis</strong></span> <span class='ocrx_word' id='word_1_901' title='bbox 1789 2426 1890 2464; x_wconf 75' lang='lat' dir='ltr'><strong>capiti</strong></span> <span class='ocrx_word' id='word_1_902' title='bbox 1907 2425 2040 2466; x_wconf 76' lang='lat' dir='ltr'><strong>inflictis</strong></span> <span class='ocrx_word' id='word_1_903' title='bbox 2057 2425 2215 2467; x_wconf 86' lang='lat' dir='ltr'><strong>detorqu</strong></span> <span class='ocrx_word' id='word_1_904' title='bbox 2227 2431 2233 2442; x_wconf 79' lang='grc'><strong>·’</strong></span> 
     </span>
     <span class='ocr_line' id='line_1_117' title="bbox 1317 2471 2222 2511; baseline 0 -7"><span class='ocrx_word' id='word_1_905' title='bbox 1317 2483 1552 2504; x_wconf 73' lang='lat' dir='ltr'><strong>aerumnarum</strong></span> <span class='ocrx_word' id='word_1_906' title='bbox 1577 2471 1844 2503; x_wconf 73' lang='lat' dir='ltr'><strong>sustinendarum</strong></span> <span class='ocrx_word' id='word_1_907' title='bbox 1869 2472 2159 2511; x_wconf 83' lang='lat' dir='ltr'><strong>significationem.</strong></span> <span class='ocrx_word' id='word_1_908' title='bbox 2219 2472 2222 2482; x_wconf 71' lang='lat'>²</span> 
     </span>
     <span class='ocr_line' id='line_1_118' title="bbox 1316 2512 2222 2564; baseline 0 -12"><span class='ocrx_word' id='word_1_909' title='bbox 1316 2516 1552 2564; x_wconf 76' lang='grc' dir='ltr'>κινδυνεύματ’</span> <span class='ocrx_word' id='word_1_910' title='bbox 1577 2517 1612 2552; x_wconf 81' lang='grc' dir='ltr'><strong>ἐν</strong></span> <span class='ocrx_word' id='word_1_911' title='bbox 1637 2518 1744 2564; x_wconf 82' lang='grc' dir='ltr'>τώμῷ</span> <span class='ocrx_word' id='word_1_912' title='bbox 1761 2517 1852 2563; x_wconf 75' lang='grc' dir='ltr'>κάρᾳ</span> <span class='ocrx_word' id='word_1_913' title='bbox 1869 2518 1924 2550; x_wconf 89' lang='lat' dir='ltr'><strong>OC</strong></span> <span class='ocrx_word' id='word_1_914' title='bbox 1942 2515 2021 2550; x_wconf 87' lang='lat'><strong>564.</strong></span> <span class='ocrx_word' id='word_1_915' title='bbox 2050 2517 2086 2552; x_wconf 86' lang='grc' dir='ltr'><strong>ἐν</strong></span> <span class='ocrx_word' id='word_1_916' title='bbox 2104 2512 2131 2551; x_wconf 73' lang='grc' dir='ltr'><strong>δ’</strong></span> <span class='ocrx_word' id='word_1_917' title='bbox 2149 2517 2177 2559; x_wconf 49' lang='grc' dir='ltr'><strong>ἐἸ</strong></span> <span class='ocrx_word' id='word_1_918' title='bbox 2203 2522 2222 2547; x_wconf 63' lang='lat' dir='ltr'><strong>s*</strong></span> 
     </span>
     <span class='ocr_line' id='line_1_119' title="bbox 1316 2562 2166 2613; baseline -0.001 -13"><span class='ocrx_word' id='word_1_919' title='bbox 1316 2564 1396 2603; x_wconf 80' lang='grc' dir='ltr'>θεὸς</span> <span class='ocrx_word' id='word_1_920' title='bbox 1422 2565 1509 2613; x_wconf 87' lang='grc' dir='ltr'>μέγα</span> <span class='ocrx_word' id='word_1_921' title='bbox 1533 2564 1636 2612; x_wconf 84' lang='grc' dir='ltr'>βάρος</span> <span class='ocrx_word' id='word_1_922' title='bbox 1662 2578 1686 2611; x_wconf 87' lang='grc' dir='ltr'>μ</span> <span class='ocrx_word' id='word_1_923' title='bbox 1720 2564 1810 2611; x_wconf 84' lang='grc' dir='ltr'>ἔχων</span> <span class='ocrx_word' id='word_1_924' title='bbox 1838 2564 1972 2598; x_wconf 79' lang='grc' dir='ltr'>ἔπαισεν</span> <span class='ocrx_word' id='word_1_925' title='bbox 1997 2566 2078 2597; x_wconf 88' lang='lat' dir='ltr'><strong>Ant.</strong></span> <span class='ocrx_word' id='word_1_926' title='bbox 2102 2562 2166 2599; x_wconf 80' lang='lat'><strong>127</strong></span> 
     </span>
     <span class='ocr_line' id='line_1_120' title="bbox 1318 2613 2211 2654; baseline -0.001 -9"><span class='ocrx_word' id='word_1_927' title='bbox 1318 2613 1374 2646; x_wconf 85' lang='lat' dir='ltr'><strong>Sic</strong></span> <span class='ocrx_word' id='word_1_928' title='bbox 1392 2618 1481 2645; x_wconf 88' lang='lat' dir='ltr'><strong>recte</strong></span> <span class='ocrx_word' id='word_1_929' title='bbox 1499 2614 1570 2645; x_wconf 83' lang='lat' dir='ltr'><strong>Erf.</strong></span> <span class='ocrx_word' id='word_1_930' title='bbox 1598 2614 1804 2654; x_wconf 86' lang='lat' dir='ltr'><strong>improbante</strong></span> <span class='ocrx_word' id='word_1_931' title='bbox 1823 2613 1938 2644; x_wconf 89' lang='lat' dir='ltr'><strong>Herm.</strong></span> <span class='ocrx_word' id='word_1_932' title='bbox 1960 2617 1995 2644; x_wconf 92' lang='lat' dir='ltr'><strong>et</strong></span> <span class='ocrx_word' id='word_1_933' title='bbox 2019 2616 2154 2653; x_wconf 87' lang='lat' dir='ltr'><strong>propter</strong></span> <span class='ocrx_word' id='word_1_934' title='bbox 2174 2622 2211 2644; x_wconf 78' lang='grc'><strong>11.</strong></span> 
     </span>
     <span class='ocr_line' id='line_1_121' title="bbox 1316 2660 2205 2704; baseline 0 -12"><span class='ocrx_word' id='word_1_935' title='bbox 1316 2662 1434 2692; x_wconf 86' lang='grc'>1101010</span> <span class='ocrx_word' id='word_1_936' title='bbox 1458 2661 1662 2701; x_wconf 88' lang='lat' dir='ltr'><strong>pronominis</strong></span> <span class='ocrx_word' id='word_1_937' title='bbox 1694 2670 1735 2704; x_wconf 90' lang='grc' dir='ltr'><strong>με</strong></span> <span class='ocrx_word' id='word_1_938' title='bbox 1766 2660 2014 2691; x_wconf 87' lang='lat' dir='ltr'><strong>collocationem</strong></span> <span class='ocrx_word' id='word_1_939' title='bbox 2037 2661 2078 2691; x_wconf 91' lang='lat' dir='ltr'><strong>de</strong></span> <span class='ocrx_word' id='word_1_940' title='bbox 2102 2660 2183 2692; x_wconf 86' lang='lat' dir='ltr'><strong>vitio</strong></span> <span class='ocrx_word' id='word_1_941' title='bbox 2200 2676 2205 2688; x_wconf 65' lang='lat'><strong>·‹</strong></span> 
     </span>
     <span class='ocr_line' id='line_1_122' title="bbox 1316 2707 2181 2739; baseline -0.002 0"><span class='ocrx_word' id='word_1_942' title='bbox 1316 2712 1423 2739; x_wconf 89' lang='lat' dir='ltr'><strong>cante.</strong></span> <span class='ocrx_word' id='word_1_943' title='bbox 1459 2709 1522 2739; x_wconf 89' lang='lat' dir='ltr'><strong>His</strong></span> <span class='ocrx_word' id='word_1_944' title='bbox 1539 2708 1648 2739; x_wconf 90' lang='lat' dir='ltr'><strong>simile</strong></span> <span class='ocrx_word' id='word_1_945' title='bbox 1672 2708 1713 2738; x_wconf 91' lang='lat' dir='ltr'><strong>de</strong></span> <span class='ocrx_word' id='word_1_946' title='bbox 1730 2707 1807 2738; x_wconf 76' lang='lat' dir='ltr'><strong>urbe</strong></span> <span class='ocrx_word' id='word_1_947' title='bbox 1832 2709 1890 2738; x_wconf 82' lang='lat' dir='ltr'><strong>vix</strong></span> <span class='ocrx_word' id='word_1_948' title='bbox 1908 2708 2110 2738; x_wconf 73' lang='lat' dir='ltr'><strong>calamitates</strong></span> <span class='ocrx_word' id='word_1_949' title='bbox 2138 2720 2142 2735; x_wconf 89' lang='lat'><strong>.·</strong></span> <span class='ocrx_word' id='word_1_950' title='bbox 2179 2731 2181 2733; x_wconf 57' lang='grc'><strong>,</strong></span> 
     </span>
     <span class='ocr_line' id='line_1_123' title="bbox 1316 2751 2176 2798; baseline 0 -12"><span class='ocrx_word' id='word_1_951' title='bbox 1316 2756 1411 2795; x_wconf 90' lang='lat' dir='ltr'><strong>quasi</strong></span> <span class='ocrx_word' id='word_1_952' title='bbox 1428 2756 1524 2795; x_wconf 86' lang='lat' dir='ltr'><strong>aquis</strong></span> <span class='ocrx_word' id='word_1_953' title='bbox 1542 2763 1667 2786; x_wconf 88' lang='lat' dir='ltr'><strong>mersa:</strong></span> <span class='ocrx_word' id='word_1_954' title='bbox 1705 2751 1802 2790; x_wconf 82' lang='grc' dir='ltr'>πόλις</span> <span class='ocrx_word' id='word_1_955' title='bbox 1828 2751 1958 2786; x_wconf 84' lang='grc' dir='ltr'>άνακου</span> <span class='ocrx_word' id='word_1_956' title='bbox 1989 2751 2055 2786; x_wconf 86' lang='grc' dir='ltr'>ίσαι</span> <span class='ocrx_word' id='word_1_957' title='bbox 2086 2752 2176 2798; x_wconf 84' lang='grc' dir='ltr'>κάρα</span> 
     </span>
     <span class='ocr_line' id='line_1_124' title="bbox 1316 2765 2219 2848; baseline -0.002 -13"><span class='ocrx_word' id='word_1_958' title='bbox 1316 2795 1362 2835; x_wconf 73' lang='grc' dir='ltr'>ἔτ’</span> <span class='ocrx_word' id='word_1_959' title='bbox 1380 2799 1446 2848; x_wconf 88' lang='grc' dir='ltr'><strong>οὐχ</strong></span> <span class='ocrx_word' id='word_1_960' title='bbox 1463 2799 1522 2835; x_wconf 78' lang='grc' dir='ltr'><strong>οἵα</strong></span> <span class='ocrx_word' id='word_1_961' title='bbox 1538 2812 1574 2834; x_wconf 90' lang='grc' dir='ltr'><strong>τε</strong></span> <span class='ocrx_word' id='word_1_962' title='bbox 1592 2799 1723 2847; x_wconf 86' lang='grc' dir='ltr'>φοινίου</span> <span class='ocrx_word' id='word_1_963' title='bbox 1743 2799 1847 2833; x_wconf 91' lang='grc' dir='ltr'>σάλου</span> <span class='ocrx_word' id='word_1_964' title='bbox 1866 2800 1924 2832; x_wconf 85' lang='lat' dir='ltr'><strong>OR</strong></span> <span class='ocrx_word' id='word_1_965' title='bbox 1939 2765 1996 2832; x_wconf 49' lang='lat'><strong>25.</strong></span> <span class='ocrx_word' id='word_1_966' title='bbox 2020 2818 2060 2824; x_wconf 90' lang='lat'><em>-</em></span> <span class='ocrx_word' id='word_1_967' title='bbox 2079 2800 2094 2843; x_wconf 76' lang='lat' dir='ltr'>ss</span> <span class='ocrx_word' id='word_1_968' title='bbox 2110 2801 2160 2833; x_wconf 84' lang='lat' dir='ltr'><strong>De</strong></span> <span class='ocrx_word' id='word_1_969' title='bbox 2186 2807 2219 2825; x_wconf 64' lang='grc' dir='ltr'>ι’</span> 
     </span>
     <span class='ocr_line' id='line_1_125' title="bbox 1316 2848 2221 2888; baseline -0.002 -8"><span class='ocrx_word' id='word_1_970' title='bbox 1316 2853 1381 2880; x_wconf 82' lang='lat' dir='ltr'><strong>tate</strong></span> <span class='ocrx_word' id='word_1_971' title='bbox 1397 2850 1553 2880; x_wconf 77' lang='lat' dir='ltr'><strong>sermonis</strong></span> <span class='ocrx_word' id='word_1_972' title='bbox 1578 2849 1613 2879; x_wconf 92' lang='lat' dir='ltr'><strong>in</strong></span> <span class='ocrx_word' id='word_1_973' title='bbox 1643 2849 1704 2879; x_wconf 86' lang='lat' dir='ltr'><strong>hoc</strong></span> <span class='ocrx_word' id='word_1_974' title='bbox 1728 2848 1885 2879; x_wconf 89' lang='lat' dir='ltr'><strong>vocabulo</strong></span> <span class='ocrx_word' id='word_1_975' title='bbox 1908 2848 2056 2888; x_wconf 89' lang='lat' dir='ltr'><strong>primum</strong></span> <span class='ocrx_word' id='word_1_976' title='bbox 2079 2849 2221 2879; x_wconf 83' lang='lat' dir='ltr'><strong>notan···&#39;</strong></span> 
     </span>
     <span class='ocr_line' id='line_1_126' title="bbox 1314 2894 2185 2936; baseline -0.01 -8"><span class='ocrx_word' id='word_1_977' title='bbox 1314 2895 1534 2936; x_wconf 71' lang='lat' dir='ltr'><strong>amplexando</strong></span> <span class='ocrx_word' id='word_1_978' title='bbox 1558 2900 1592 2926; x_wconf 91' lang='lat' dir='ltr'><strong>et</strong></span> <span class='ocrx_word' id='word_1_979' title='bbox 1615 2894 1834 2926; x_wconf 80' lang='lat' dir='ltr'><strong>deosculando</strong></span> <span class='ocrx_word' id='word_1_980' title='bbox 1851 2896 1959 2935; x_wconf 90' lang='lat' dir='ltr'><strong>capite</strong></span> <span class='ocrx_word' id='word_1_981' title='bbox 1977 2895 2089 2934; x_wconf 87' lang='lat' dir='ltr'><strong>gaudii</strong></span> <span class='ocrx_word' id='word_1_982' title='bbox 2110 2898 2185 2933; x_wconf 63' lang='lat' dir='ltr'><strong>et„</strong></span> 
     </span>
     <span class='ocr_line' id='line_1_127' title="bbox 1316 2938 2225 2987; baseline -0.001 -13"><span class='ocrx_word' id='word_1_983' title='bbox 1316 2953 1431 2974; x_wconf 84' lang='lat' dir='ltr'><strong>causa:</strong></span> <span class='ocrx_word' id='word_1_984' title='bbox 1470 2953 1500 2974; x_wconf 88' lang='lat' dir='ltr'><strong>v.</strong></span> <span class='ocrx_word' id='word_1_985' title='bbox 1530 2943 1669 2973; x_wconf 81' lang='lat' dir='ltr'><strong>Dorvill.</strong></span> <span class='ocrx_word' id='word_1_986' title='bbox 1697 2942 1738 2973; x_wconf 87' lang='lat' dir='ltr'><strong>ad</strong></span> <span class='ocrx_word' id='word_1_987' title='bbox 1763 2942 1859 2973; x_wconf 84' lang='lat' dir='ltr'><strong>Char.</strong></span> <span class='ocrx_word' id='word_1_988' title='bbox 1887 2951 1921 2982; x_wconf 92' lang='lat' dir='ltr'><strong>p.</strong></span> <span class='ocrx_word' id='word_1_989' title='bbox 1942 2938 2021 2972; x_wconf 89' lang='grc'>591.</span> <span class='ocrx_word' id='word_1_990' title='bbox 2051 2940 2099 2978; x_wconf 82' lang='grc' dir='ltr'><strong>ὡς</strong></span> <span class='ocrx_word' id='word_1_991' title='bbox 2120 2938 2225 2987; x_wconf 80' lang='grc' dir='ltr'><strong>ψαύ</strong></span> 
     </span>
     <span class='ocr_line' id='line_1_128' title="bbox 1315 2983 2224 3034; baseline -0.004 -12"><span class='ocrx_word' id='word_1_992' title='bbox 1315 2987 1413 3034; x_wconf 83' lang='grc' dir='ltr'>λήσω</span> <span class='ocrx_word' id='word_1_993' title='bbox 1439 2983 1478 3030; x_wconf 77' lang='grc' dir='ltr'><strong>τ’,</strong></span> <span class='ocrx_word' id='word_1_994' title='bbox 1509 2987 1538 3021; x_wconf 86' lang='grc' dir='ltr'>εἰ</span> <span class='ocrx_word' id='word_1_995' title='bbox 1563 2987 1673 3034; x_wconf 79' lang='grc' dir='ltr'>θέμις,</span> <span class='ocrx_word' id='word_1_996' title='bbox 1701 2987 1740 3021; x_wconf 88' lang='grc' dir='ltr'><strong>τὸ</strong></span> <span class='ocrx_word' id='word_1_997' title='bbox 1767 2987 1822 3021; x_wconf 87' lang='grc' dir='ltr'><strong>σὸν</strong></span> <span class='ocrx_word' id='word_1_998' title='bbox 1851 2986 1943 3033; x_wconf 88' lang='grc' dir='ltr'>κάρα</span> <span class='ocrx_word' id='word_1_999' title='bbox 1965 2988 2019 3019; x_wconf 89' lang='lat' dir='ltr'><strong>OC</strong></span> <span class='ocrx_word' id='word_1_1000' title='bbox 2041 2985 2140 3020; x_wconf 88' lang='lat'><strong>1131.</strong></span> <span class='ocrx_word' id='word_1_1001' title='bbox 2187 2987 2224 3022; x_wconf 59' lang='lat' dir='ltr'><strong>»j</strong></span> 
     </span>
     <span class='ocr_line' id='line_1_129' title="bbox 1316 3031 2216 3076; baseline -0.002 -8"><span class='ocrx_word' id='word_1_1002' title='bbox 1316 3035 1525 3068; x_wconf 74' lang='lat' dir='ltr'><strong>iureiurando</strong></span> <span class='ocrx_word' id='word_1_1003' title='bbox 1547 3046 1608 3076; x_wconf 80' lang='lat' dir='ltr'><strong>per</strong></span> <span class='ocrx_word' id='word_1_1004' title='bbox 1625 3038 1734 3075; x_wconf 80' lang='lat' dir='ltr'><strong>caput,</strong></span> <span class='ocrx_word' id='word_1_1005' title='bbox 1764 3046 1794 3066; x_wconf 94' lang='lat' dir='ltr'><strong>v.</strong></span> <span class='ocrx_word' id='word_1_1006' title='bbox 1818 3035 1933 3067; x_wconf 85' lang='lat' dir='ltr'><strong>Valck.</strong></span> <span class='ocrx_word' id='word_1_1007' title='bbox 1956 3034 2078 3076; x_wconf 86' lang='lat' dir='ltr'><strong>Opusc.</strong></span> <span class='ocrx_word' id='word_1_1008' title='bbox 2101 3032 2131 3075; x_wconf 82' lang='lat'><strong>1,</strong></span> <span class='ocrx_word' id='word_1_1009' title='bbox 2151 3031 2216 3067; x_wconf 66' lang='lat' dir='ltr'><strong>27v</strong></span> 
     </span>
     <span class='ocr_line' id='line_1_130' title="bbox 1315 3077 2223 3128; baseline -0.008 -12"><span class='ocrx_word' id='word_1_1010' title='bbox 1315 3081 1400 3128; x_wconf 84' lang='grc' dir='ltr'>ὄμνυ</span> <span class='ocrx_word' id='word_1_1011' title='bbox 1418 3079 1498 3116; x_wconf 75' lang='grc' dir='ltr'>Διός</span> <span class='ocrx_word' id='word_1_1012' title='bbox 1520 3094 1578 3115; x_wconf 92' lang='grc' dir='ltr'><strong>νυν</strong></span> <span class='ocrx_word' id='word_1_1013' title='bbox 1596 3085 1655 3115; x_wconf 88' lang='grc' dir='ltr'><strong>τοῦ</strong></span> <span class='ocrx_word' id='word_1_1014' title='bbox 1676 3093 1717 3126; x_wconf 89' lang='grc' dir='ltr'><strong>με</strong></span> <span class='ocrx_word' id='word_1_1015' title='bbox 1741 3080 1910 3127; x_wconf 85' lang='grc' dir='ltr'>φύσαντος</span> <span class='ocrx_word' id='word_1_1016' title='bbox 1934 3080 2025 3126; x_wconf 88' lang='grc' dir='ltr'>κάρα</span> <span class='ocrx_word' id='word_1_1017' title='bbox 2051 3082 2104 3114; x_wconf 87' lang='grc' dir='ltr'><strong>Τ1.</strong></span> <span class='ocrx_word' id='word_1_1018' title='bbox 2127 3077 2223 3113; x_wconf 85' lang='grc' dir='ltr'><strong>11ϊ</strong></span> 
     </span>
     <span class='ocr_line' id='line_1_131' title="bbox 1315 3129 2215 3171; baseline -0.002 -9"><span class='ocrx_word' id='word_1_1019' title='bbox 1315 3134 1436 3162; x_wconf 86' lang='lat' dir='ltr'><strong>stremo</strong></span> <span class='ocrx_word' id='word_1_1020' title='bbox 1450 3131 1537 3171; x_wconf 91' lang='lat' dir='ltr'><strong>quod</strong></span> <span class='ocrx_word' id='word_1_1021' title='bbox 1555 3130 1836 3161; x_wconf 73' lang='lat' dir='ltr'><strong>circumcocutioni</strong></span> <span class='ocrx_word' id='word_1_1022' title='bbox 1852 3138 2012 3169; x_wconf 90' lang='lat' dir='ltr'><strong>personae</strong></span> <span class='ocrx_word' id='word_1_1023' title='bbox 2025 3129 2178 3160; x_wconf 85' lang='lat' dir='ltr'><strong>inservit.</strong></span> <span class='ocrx_word' id='word_1_1024' title='bbox 2205 3150 2215 3169; x_wconf 46' lang='lat'><em>4</em></span> 
     </span>
     <span class='ocr_line' id='line_1_132' title="bbox 1314 3173 2216 3220; baseline -0.006 -12"><span class='ocrx_word' id='word_1_1025' title='bbox 1314 3178 1448 3210; x_wconf 89' lang='lat' dir='ltr'><strong>nomine</strong></span> <span class='ocrx_word' id='word_1_1026' title='bbox 1465 3186 1527 3208; x_wconf 89' lang='lat' dir='ltr'><strong>nec</strong></span> <span class='ocrx_word' id='word_1_1027' title='bbox 1545 3186 1609 3208; x_wconf 92' lang='lat' dir='ltr'><strong>non</strong></span> <span class='ocrx_word' id='word_1_1028' title='bbox 1627 3177 1789 3207; x_wconf 85' lang='lat' dir='ltr'><strong>adiectivo</strong></span> <span class='ocrx_word' id='word_1_1029' title='bbox 1807 3176 1947 3206; x_wconf 90' lang='lat' dir='ltr'><strong>dicitur:</strong></span> <span class='ocrx_word' id='word_1_1030' title='bbox 1978 3175 2006 3208; x_wconf 81' lang='grc' dir='ltr'>ὦ</span> <span class='ocrx_word' id='word_1_1031' title='bbox 2030 3173 2148 3220; x_wconf 86' lang='grc' dir='ltr'>κράτισ</span> <span class='ocrx_word' id='word_1_1032' title='bbox 2175 3189 2216 3203; x_wconf 43' lang='grc' dir='ltr'><strong>ιη·</strong></span> 
     </span>
     <span class='ocr_line' id='line_1_133' title="bbox 1314 3216 2223 3269; baseline -0.003 -12"><span class='ocrx_word' id='word_1_1033' title='bbox 1314 3235 1380 3257; x_wconf 86' lang='grc' dir='ltr'><strong>που</strong></span> <span class='ocrx_word' id='word_1_1034' title='bbox 1397 3222 1486 3269; x_wconf 89' lang='grc' dir='ltr'>κάρα</span> <span class='ocrx_word' id='word_1_1035' title='bbox 1503 3224 1560 3255; x_wconf 85' lang='lat' dir='ltr'><strong>OR</strong></span> <span class='ocrx_word' id='word_1_1036' title='bbox 1576 3220 1632 3255; x_wconf 88' lang='lat'><strong>40.</strong></span> <span class='ocrx_word' id='word_1_1037' title='bbox 1662 3222 1690 3256; x_wconf 78' lang='grc' dir='ltr'>ὦ</span> <span class='ocrx_word' id='word_1_1038' title='bbox 1708 3220 1868 3267; x_wconf 87' lang='grc' dir='ltr'>φίλτατον</span> <span class='ocrx_word' id='word_1_1039' title='bbox 1885 3220 2042 3267; x_wconf 86' lang='grc' dir='ltr'>γυναικὸς</span> <span class='ocrx_word' id='word_1_1040' title='bbox 2064 3216 2169 3255; x_wconf 84' lang='grc' dir='ltr'>Ἰοκά·</span> <span class='ocrx_word' id='word_1_1041' title='bbox 2207 3223 2223 3252; x_wconf 59' lang='lat'><strong>.⁴</strong></span> 
     </span>
     <span class='ocr_line' id='line_1_134' title="bbox 1335 3264 2182 3314; baseline -0.003 -11"><span class='ocrx_word' id='word_1_1042' title='bbox 1335 3283 1356 3303; x_wconf 93' lang='grc' dir='ltr'><strong>α</strong></span> <span class='ocrx_word' id='word_1_1043' title='bbox 1373 3267 1452 3303; x_wconf 89' lang='grc'>950.</span> <span class='ocrx_word' id='word_1_1044' title='bbox 1481 3268 1576 3303; x_wconf 82' lang='grc' dir='ltr'>θεῖον</span> <span class='ocrx_word' id='word_1_1045' title='bbox 1605 3264 1781 3314; x_wconf 82' lang='grc' dir='ltr'>Ἰοκάστης</span> <span class='ocrx_word' id='word_1_1046' title='bbox 1806 3267 1850 3301; x_wconf 89' lang='grc' dir='ltr'><strong>κά</strong></span> <span class='ocrx_word' id='word_1_1047' title='bbox 1874 3281 1895 3301; x_wconf 89' lang='grc' dir='ltr'><strong>α</strong></span> <span class='ocrx_word' id='word_1_1048' title='bbox 1916 3265 2014 3300; x_wconf 86' lang='grc'>1235.</span> <span class='ocrx_word' id='word_1_1049' title='bbox 2046 3267 2086 3301; x_wconf 86' lang='grc' dir='ltr'><strong>ἰὼ</strong></span> <span class='ocrx_word' id='word_1_1050' title='bbox 2108 3266 2218 3302; x_wconf 83' lang='grc' dir='ltr'>κλει</span> 
     </span>
     <span class='ocr_line' id='line_1_135' title="bbox 1335 3311 2218 3362; baseline -0.003 -11"><span class='ocrx_word' id='word_1_1051' title='bbox 1335 3316 1412 3351; x_wconf 87' lang='grc' dir='ltr'>ίπου</span> <span class='ocrx_word' id='word_1_1052' title='bbox 1428 3316 1519 3362; x_wconf 87' lang='grc' dir='ltr'>κάρα</span> <span class='ocrx_word' id='word_1_1053' title='bbox 1539 3313 1626 3348; x_wconf 91' lang='grc'>1207</span> <span class='ocrx_word' id='word_1_1054' title='bbox 1641 3317 1693 3347; x_wconf 87' lang='grc'>011.</span> <span class='ocrx_word' id='word_1_1055' title='bbox 1713 3314 1751 3348; x_wconf 89' lang='grc' dir='ltr'><strong>τὸ</strong></span> <span class='ocrx_word' id='word_1_1056' title='bbox 1768 3312 1841 3359; x_wconf 82' lang='grc' dir='ltr'>Θησ</span> <span class='ocrx_word' id='word_1_1057' title='bbox 1863 3327 1909 3352; x_wconf 88' lang='grc' dir='ltr'><strong>ως</strong></span> <span class='ocrx_word' id='word_1_1058' title='bbox 1925 3314 2016 3360; x_wconf 91' lang='grc' dir='ltr'>κάρα</span> <span class='ocrx_word' id='word_1_1059' title='bbox 2032 3311 2218 3353; x_wconf 70' lang='grc' dir='ltr'>ΟΟ1657.’,</span> 
     </span>
     <span class='ocr_line' id='line_1_136' title="bbox 1341 3359 2218 3409; baseline -0.007 -11"><span class='ocrx_word' id='word_1_1060' title='bbox 1341 3363 1377 3398; x_wconf 88' lang='grc' dir='ltr'><strong>ὸν</strong></span> <span class='ocrx_word' id='word_1_1061' title='bbox 1401 3361 1563 3409; x_wconf 79' lang='grc' dir='ltr'>Ἰσμήνης</span> <span class='ocrx_word' id='word_1_1062' title='bbox 1587 3361 1677 3408; x_wconf 89' lang='grc' dir='ltr'>κάρα</span> <span class='ocrx_word' id='word_1_1063' title='bbox 1694 3362 1751 3394; x_wconf 90' lang='lat' dir='ltr'><strong>OC</strong></span> <span class='ocrx_word' id='word_1_1064' title='bbox 1770 3359 1848 3394; x_wconf 84' lang='lat'><strong>321.</strong></span> <span class='ocrx_word' id='word_1_1065' title='bbox 1870 3361 1983 3395; x_wconf 88' lang='grc' dir='ltr'>κοινὸν</span> <span class='ocrx_word' id='word_1_1066' title='bbox 2002 3359 2218 3406; x_wconf 63' lang='grc' dir='ltr'>αύτάδελφο(</span> 
     </span>
     <span class='ocr_line' id='line_1_137' title="bbox 1339 3406 2287 3454; baseline -0.002 -12"><span class='ocrx_word' id='word_1_1067' title='bbox 1339 3436 1345 3443; x_wconf 93' lang='grc'><strong>.</strong></span> <span class='ocrx_word' id='word_1_1068' title='bbox 1375 3411 1459 3442; x_wconf 80' lang='lat' dir='ltr'><strong>Cum</strong></span> <span class='ocrx_word' id='word_1_1069' title='bbox 1477 3411 1544 3442; x_wconf 86' lang='lat' dir='ltr'><strong>solo</strong></span> <span class='ocrx_word' id='word_1_1070' title='bbox 1561 3410 1743 3441; x_wconf 85' lang='lat' dir='ltr'><strong>adiectivo:</strong></span> <span class='ocrx_word' id='word_1_1071' title='bbox 1773 3409 1801 3442; x_wconf 82' lang='grc' dir='ltr'>ὦ</span> <span class='ocrx_word' id='word_1_1072' title='bbox 1818 3406 2021 3454; x_wconf 86' lang='grc' dir='ltr'>κασίγνητον</span> <span class='ocrx_word' id='word_1_1073' title='bbox 2038 3408 2126 3454; x_wconf 89' lang='grc' dir='ltr'>κάρα</span> <span class='ocrx_word' id='word_1_1074' title='bbox 2142 3407 2202 3443; x_wconf 63' lang='lat' dir='ltr'><strong>El.</strong></span> <span class='ocrx_word' id='word_1_1075' title='bbox 2218 3407 2226 3447; x_wconf 58' lang='lat' dir='ltr'>J</span> <span class='ocrx_word' id='word_1_1076' title='bbox 2284 3424 2287 3426; x_wconf 97' lang='lat'>·</span> 
     </span>
    </p>
   </div>
  </div>
 </body>
</html>
