2288 3600
280 2827 286 2832 ·
317 2784 449 2820 δίκαιον
482 2786 610 2820 εἰπεῖν·
655 2786 810 2824 εἰπόντος
854 2786 891 2821 δὲ
926 2787 975 2832 μὴ
1011 2785 1181 2833 φθονερὰν
1216 2785 1339 2826 ἐξῶσαι

322 166 418 215 156
1326 164 1388 213 Δέ

315 280 395 314 424.
425 280 504 314 710.
536 281 615 314 741.
653 280 732 315 813.
765 281 864 316 1224.
896 280 982 315 1305
1002 294 1055 315 an.
1089 280 1190 315 1490.
1231 281 1355 331 1512.ι

316 326 420 362 1513.
441 330 496 362 OC
518 327 584 362 146
601 341 646 362 m.
668 327 749 362 261.
766 327 848 363 353.
869 328 948 363 434.
971 328 1041 362 532
1063 330 1134 372 [sed
1179 330 1214 364 έν
1241 335 1336 363 ante-

316 377 438 410 cedens
456 377 583 409 addidit
601 378 705 409 Dind.
728 389 755 410 c.
778 378 913 410 Elmsl.}
938 375 1003 409 681
1025 378 1076 410 eh.
1098 374 1143 410 69
1186 379 1236 409 oh.
1268 375 1337 410 707

317 425 368 456 oh.
398 420 479 458 789.
506 421 586 457 809.
611 422 712 457 1145.
746 421 847 457 1298.
872 422 961 457 1677
979 435 1023 457 m.
1060 426 1142 457 Ant.
1172 422 1229 457 58.
1252 422 1331 457 790.

316 468 397 504 955.
422 468 511 504 1119
530 472 581 504 ch.
612 473 668 504 Tr.
690 469 770 504 206.
792 469 872 504 311.
895 470 963 504 517
982 473 1033 504 ch.
1063 469 1144 504 650.
1166 469 1246 504 917.
1276 473 1332 504 Ai.

315 515 395 551 406.
425 515 504 550 675.
533 516 614 551 835.
651 516 751 551 1019.
782 516 872 551 1205
897 520 948 551 ch.
987 521 1041 552 El.
1071 517 1104 551 7.
1141 516 1222 552 268.
1251 517 1332 552 271.

321 563 421 599 1176.
444 567 565 608 Naupl.
595 567 636 598 fr.
659 563 737 606 379,
760 563 792 598 9.
830 567 896 598 Hic
921 571 973 599 est
1000 577 1083 599 usus
1102 568 1170 607 ille,
1201 572 1337 608 propter

317 623 417 654 quem
443 611 481 646 δέ
498 617 633 645 vocatur
651 612 875 658 μεταβατικὸς
894 612 1081 659 σύνδεσμος
1107 615 1208 646 schol.
1232 615 1332 646 Dion.

318 661 396 693 Thr.
429 671 463 702 p.
493 657 562 692 958
588 662 692 693 Bekk.
739 661 785 693 Et
809 662 856 693 sio
882 663 1015 703 saepius
1041 663 1184 693 iteratur
1216 660 1254 694 δέ
1279 672 1337 703 pro

318 717 457 743 numero
483 717 595 739 rerum
615 712 862 747 enar-ratarum.
891 720 922 740 v.
943 709 1063 741 Elmsl.
1086 710 1124 740 ad
1143 709 1230 741 Med.
1254 706 1334 740 940.
1377 735 1399 742 ..

318 773 421 787 —.—
443 752 497 798 31!
509 756 662 787 Liberius
677 757 778 787 etiam
796 766 903 788 unum
923 754 959 788 δέ
980 757 1118 797 ponitur
1135 757 1255 788 omisso
1275 755 1337 800 μέν

315 804 352 834 in
369 804 506 834 vocibus
524 804 577 834 vel
597 804 723 834 eisdem
749 804 803 834 vel
834 805 1006 835 contrariis
1031 805 1178 835 invicem
1196 805 1260 835 sibi
1278 814 1337 845 op-

315 850 501 891 ponendis:
531 851 573 882 cf.
601 852 628 882 I.
649 850 800 882 Ellendt.
828 851 867 882 ad
895 852 1026 883 Arrian.
1058 851 1147 892 Exp.
1178 852 1278 883 Alex.
1301 849 1333 889 5.

317 894 374 937 27,
398 894 452 929 14.
474 898 587 938 Apitz.
610 898 648 929 ad
669 898 768 939 Soph.
790 898 845 929 Tr.
867 909 900 940 p.
922 895 1011 930 252:
1037 908 1229 939 quanquam
1247 899 1338 930 huno

317 944 453 985 quidem
480 945 521 976 de
547 955 676 976 sumina
701 955 736 977 re
759 950 913 985 agentem
939 955 1038 978 nemo
1062 947 1262 986 probaverit.
1292 965 1336 968 —

317 988 494 1036 τέθνηκεν,
517 990 637 1036 ἀνδρὸς
657 990 806 1032 οὐδενός,
837 990 918 1026 θεοῦ
938 987 965 1025 δ’
983 990 1048 1026 ὕπο
1066 993 1126 1025 Ph.
1150 990 1229 1025 334.
1259 988 1334 1026 ἀλλ’

317 1032 384 1072 ἔστ’
403 1037 524 1085 ἐκείνῳ
543 1039 654 1073 πάντα
670 1037 787 1079 λεκτά,
809 1039 920 1073 πάντα
939 1038 975 1073 δὲ
993 1038 1152 1086 τολμητά
1170 1037 1250 1072 633.
1274 1039 1337 1073 οὐκ

317 1083 347 1119 εἶ
371 1085 478 1123 κακὸς
506 1085 564 1126 σύ,
594 1086 677 1132 πρὸς
701 1092 819 1120 κακῶν
845 1081 873 1119 δ’
907 1086 1038 1131 ἀνδρῶν
1068 1085 1188 1131 μαθὼν
1222 1085 1338 1120 ἔοικας

316 1131 416 1178 ήκειν
435 1132 561 1179 αἰσχρά
578 1131 658 1166 971.
688 1133 750 1180 ούγ
772 1132 872 1172 ἑκών.
895 1133 1012 1168 ἑκοῦσι
1030 1133 1068 1168 δέ
1087 1136 1143 1166 Tr.
1169 1131 1244 1166 198.
1267 1129 1336 1167 τότ’

315 1179 359 1225 ἦν
376 1179 490 1228 χερός,
511 1179 554 1225 ἦν
574 1179 610 1214 δὲ
627 1180 734 1221 τόξων
744 1174 903 1227 πάταγος
922 1180 990 1214 517
1004 1183 1055 1213 ch.
1078 1180 1114 1215 ὃν
1131 1181 1249 1215 τέκετο
1268 1179 1336 1215 θά-

317 1239 437 1269 νατος,
459 1226 580 1275 ἔτρεφε
598 1227 624 1262 δ’
641 1227 756 1266 αἰόλος
783 1227 918 1274 δράκων
937 1227 1006 1262 834
1016 1230 1067 1261 ch.
1096 1228 1196 1262 κάλει
1213 1229 1251 1263 τὸ
1269 1231 1334 1262 πᾶν

319 1287 377 1319 μοι
401 1274 534 1321 σπέρμα
559 1281 627 1309 σῶν
653 1275 872 1320 ὁμαιμόνων,
903 1275 1001 1310 κάλει
1027 1275 1064 1310 δὲ
1091 1276 1154 1320 τὴν
1172 1275 1334 1310 τάλαιναν

315 1319 520 1368 Ἀλκμήνην
541 1321 642 1356 1148.
660 1321 756 1360 θεοῖς
775 1321 996 1369 ἐχθαίρομαι,
1028 1327 1121 1368 μισεῖ
1139 1322 1176 1357 δέ
1195 1319 1228 1369 μ’
1253 1318 1336 1357 Ἑλ-

315 1369 432 1415 λήνων
452 1370 592 1415 στρατός
610 1372 666 1402 Ai.
688 1368 767 1404 458.
790 1370 824 1408 ἔς
850 1366 878 1404 τ’
903 1369 942 1405 ἂν
968 1373 1183 1417 παμφεγγεῖς
1201 1369 1334 1417 ἄστρων

318 1415 428 1463 ῥιπάς,
449 1416 583 1451 λεύσσω
602 1417 638 1451 δὲ
655 1415 725 1451 τόδ’
747 1417 844 1464 ἦμαρ
863 1419 917 1450 El.
943 1417 1019 1451 106.
1050 1422 1179 1452 παῦσον
1205 1417 1244 1452 ἐκ
1269 1430 1335 1452 κα-

315 1469 387 1498 κῶν
405 1463 479 1509 ἐμέ,
500 1468 630 1499 παῦσον
645 1464 683 1499 δὲ
702 1465 829 1512 σαυτήν
841 1463 921 1498 988.
945 1465 1060 1512 μήτηρ
1073 1464 1243 1500 καλεῖται·
1265 1479 1335 1512 μη-

314 1511 368 1557 τρὶ
394 1506 421 1544 δ’
447 1510 545 1546 οὐδὲν
565 1510 670 1551 ἐξισοῖ
696 1509 797 1546 1194.
828 1511 977 1558 μάλιστα
1003 1514 1054 1547 σοὶ
1083 1512 1197 1558 μέλειν
1224 1511 1331 1557 οἶμαι,

319 1557 467 1604 μάλιστα
494 1554 522 1592 δ’
548 1557 587 1593 ἂν
613 1559 808 1594 κατειδυῖαν
863 1559 962 1606 ράσαι
982 1559 1082 1593 1447.
1106 1559 1253 1600 ἐπαξίως
1274 1560 1335 1605 μὲν

317 1603 458 1650 Φοῖβος,
479 1605 581 1646 ἀξίως
601 1606 638 1640 δὲ
656 1606 695 1641 σύ
714 1607 772 1639 OR
791 1605 841 1640 13.
862 1635 868 1640 .
892 1603 943 1641 οἷ’
970 1603 1038 1653 ἔργ’
1056 1603 1249 1648 ἀκούσεσθ’,
1279 1605 1337 1641 οἷα

316 1648 344 1686 δ’
361 1651 539 1700 εἰσόψεσθε
560 1652 658 1686 1224.
687 1653 793 1692 δεινὸς
820 1655 837 1689 ὁ
857 1656 1071 1702 προσχώρων
1091 1648 1217 1701 ”Αρης,
1244 1653 1337 1688 δεινὰ

316 1700 354 1735 δὲ
381 1698 550 1746 Θησειδᾶν
576 1701 672 1746 ἀκμά
701 1703 755 1734 OC
783 1700 874 1735 1066
893 1704 944 1734 ch.
973 1702 1034 1736 τὰν
1068 1701 1161 1736 δεινὰ
1193 1701 1331 1741 τλᾶσαν,

316 1746 409 1781 δεινὰ
434 1742 462 1781 δ’
487 1747 652 1793 εὑροῦσαν
678 1747 775 1796 πάθη
796 1747 885 1782 1078
904 1751 954 1782 ch.
978 1751 1005 1784 ὦ
1025 1744 1189 1794 σπέρματ1
1215 1747 1336 1795 ἀνδρὸς

317 1791 423 1836 τοῦδ’,
444 1794 525 1840 ἐμαὶ
543 1790 571 1829 δ’
588 1795 776 1840 ὁμαίμονες
789 1794 890 1829 1275.
908 1797 1023 1843 στήσω
1044 1794 1069 1829 σ’
1091 1796 1198 1842 ἄγων,
1220 1796 1335 1842 στήσω
1353 1818 1355 1835 ,¹

317 1837 345 1875 δ’
363 1841 511 1887 ἐμαυτόν
533 1841 634 1876 1343.
655 1842 716 1876 τὰν
734 1843 855 1878 νεάταν
875 1843 953 1878 ὁδὸν
973 1844 1169 1890 στείγουσον
1183 1871 1190 1885 ,
1216 1843 1335 1877 νέατον

316 1888 354 1923 δὲ
372 1888 497 1936 φέγγος
514 1888 722 1925 λεύσσουσαν
741 1890 858 1925 ἀελίου
878 1893 959 1924 Ant.
981 1889 1050 1924 808
1059 1886 1112 1924 ἠι.
1127 1910 1167 1915 —
1190 1890 1336 1928 δείλαιος
1353 1905 1355 1918 ι

316 1936 384 1983 ἐγὼ
409 1935 542 1983 δειλαίᾳ
568 1936 605 1971 δὲ
630 1937 866 1984 συγκέκραμαι
891 1937 955 1984 δύᾳ
977 1937 1061 1971 1311
1086 1950 1130 1971 m.
1171 1941 1209 1970 ln
1236 1939 1355 1977 huiusl

317 1986 450 2025 generis
465 1986 632 2026 exemplis
649 1987 805 2027 pluribus
823 1987 900 2019 olim
918 1997 963 2019 τε
982 1983 1049 2028 'pro
1067 1985 1111 2020 δέ
1136 1987 1335 2018 emendatu-
1354 1982 1356 2013 ί

316 2042 372 2064 rus
391 2036 461 2064 erat
484 2033 604 2064 Elmsl.
627 2033 666 2065 ad
681 2033 738 2065 OR
754 2030 854 2073 1224,
877 2034 936 2066 sed
950 2044 1027 2066 mox
1044 2036 1170 2066 rectius
1189 2035 1338 2065 decrevit

316 2080 358 2111 ad
381 2080 436 2111 Αἰ.
458 2076 558 2112 1050.
581 2081 620 2112 ad
639 2081 727 2112 Med.
749 2077 805 2112 21.
831 2077 931 2112 1039.
967 2081 1018 2113 Cf.
1041 2083 1156 2113 Herm.
1179 2083 1213 2112 in
1234 2081 1333 2112 (fens.

317 2126 404 2159 Med.
426 2127 477 2159 ad.
500 2138 531 2159 v.
553 2123 634 2159 940.
652 2145 690 2149 -—-
713 2127 834 2160 Contra
853 2125 890 2160 δέ
908 2129 1016 2160 omitti
1036 2139 1110 2160 cum
1131 2127 1191 2170 μέν
1210 2129 1335 2159 dictum

317 2175 422 2205 suerit
438 2185 468 2205 v.
492 2172 567 2218 μέν.
589 2175 653 2207 Sed
670 2173 713 2207 τὰ
732 2172 769 2208 δέ
786 2185 850 2207 non
866 2176 1089 2215 praecedente
1100 2174 1143 2208 τὰ
1159 2174 1232 2219 μέν,
1251 2176 1336 2216 quod

318 2220 488 2253 Seidlerus
510 2222 550 2253 ad
580 2222 663 2254 Eur.
692 2223 737 2254 ΙΤ
756 2219 825 2253 872
844 2232 885 2254 ex
905 2223 959 2254 El.
981 2219 1050 2254 219
1069 2220 1154 2265 [212
1172 2223 1214 2254 H.
1238 2232 1336 2263 quern

315 2266 410 2311 vide)
426 2269 559 2309 laudat,
587 2278 679 2301 nuno
695 2270 911 2301 emendatum
930 2274 991 2302 est.
1015 2288 1118 2301 -.-
1145 2267 1177 2301 4.
1199 2270 1213 2311 11
1233 2270 1337 2310 Saepe

317 2312 361 2348 δέ
385 2316 421 2346 in
451 2316 601 2348 eiusdem
631 2318 821 2348 sententiae
847 2321 964 2348 tenore
997 2319 1133 2349 iteratur
1157 2321 1187 2348 et
1210 2319 1338 2356 saepius

317 2362 397 2394 adeo
410 2364 559 2403 ponitur.
590 2362 685 2401 Quod
711 2373 786 2395 cum
814 2364 871 2404 flt,
900 2365 1048 2406 primum
1075 2362 1112 2396 δέ
1131 2374 1206 2395 cum
1225 2365 1336 2404 aliquo

316 2419 509 2450 praegresso
525 2409 586 2454 μέν
601 2411 654 2442 vel
669 2411 898 2443 subaudiendo
911 2412 1119 2444 adversative
1130 2421 1333 2453 eonneqmm,

317 2457 460 2489 alterum
495 2458 739 2490 continuandae
772 2459 913 2490 orationi
948 2459 1171 2490 constitutum
1198 2462 1259 2490 est.
1297 2459 1336 2489 In

317 2504 376 2535 tali
391 2513 544 2536 sermone
559 2514 657 2545 saepe
672 2515 690 2536 a
706 2506 895 2546 participiis
908 2506 948 2537 ad
961 2507 1073 2537 finitas
1088 2507 1208 2537 formas
1227 2510 1338 2537 trans-

315 2552 356 2583 iri
381 2552 570 2583 observavit
593 2551 723 2584 Schaef.
751 2553 790 2584 ad
817 2553 969 2584 Medeam
996 2553 1087 2585 Pors.
1121 2549 1211 2584 1313
1238 2556 1272 2584 et
1297 2553 1336 2584 ad

319 2598 419 2630 Dion.
442 2599 483 2630 de
501 2608 529 2630 c.
544 2610 576 2630 v,
596 2609 628 2639 p.
645 2595 700 2630 31.
722 2597 854 2644 ἥδομαι
873 2599 947 2644 μέν·
968 2602 1027 2633 νῦν
1054 2594 1083 2632 δ’
1101 2597 1174 2645 αἶρε
1192 2598 1334 2632 σαυτόν·

319 2644 350 2678 εἰ
367 2643 404 2678 δέ
431 2656 483 2678 σοι
501 2643 633 2689 μᾶλλον
653 2643 765 2691 φίλον,
795 2643 924 2680 οἷσουσί
941 2648 968 2679 σ’
994 2644 1064 2680 οἵδε
1090 2647 1150 2678 Ph.
1172 2643 1252 2679 886.
1275 2644 1338 2679 ούκ

318 2690 348 2724 εἷ
371 2691 482 2729 κακὸς
508 2690 567 2726 σύ·
603 2692 688 2738 πρὸς
712 2696 832 2726 κακῶν
855 2688 883 2725 δ’
914 2692 1048 2738 ἀνδρῶν
1074 2691 1200 2738 μαθὼν
1223 2691 1339 2730 ἔοικας

316 2737 415 2783 ἥκειν
449 2738 595 2786 αἰσχρά·
628 2742 687 2773 νῦν
721 2738 759 2772 δέ
793 2737 872 2772 971.
911 2739 1032 2787 ἀνδρός
1064 2752 1117 2774 τοι
1147 2743 1187 2773 το
1214 2739 1276 2784 μὲν
1303 2738 1338 2774 ἓν

317 2831 472 2878 γλώσσας
499 2831 633 2867 ὀδύναν.
670 2836 783 2870 κεῖνος
817 2831 854 2867 δέ
883 2831 969 2866 1141
991 2835 1042 2867 oh.
1081 2831 1249 2880 φθίνουσα
1276 2833 1338 2877 μὲν

316 2878 456 2920 κάλυξιν
475 2879 662 2926 ἐγκάρποις
674 2878 813 2927 χθονός,
836 2878 1004 2927 φθίνουσα
1022 2879 1048 2914 δ’
1066 2879 1205 2926 ἀγέλαις
1275 2890 1282 2896 ·
1303 2879 1337 2914 ἐν

321 2924 348 2959 δ’
366 2926 383 2961 ὁ
403 2927 581 2973 πυρφόρος
600 2925 679 2964 θεὸς
698 2925 833 2961 ἐλαύνει
850 2929 907 2960 OR
924 2926 980 2960 25.
1011 2928 1058 2962 ὧν
1077 2926 1175 2965 πόλις
1193 2925 1339 2972 ἀνάριθ-

322 2985 385 3018 μος
413 2972 575 3009 ὄλλυται·
609 2973 718 3020 νηλέα
752 2973 789 3007 δὲ
823 2972 970 3020 γένεθλα
996 2974 1081 3021 πρὸς
1108 2974 1204 3020 πέδῳ
1231 2972 1341 3008 θανα-

320 3020 457 3067 τηφόρα
481 3025 594 3055 κεῖται
620 3020 809 3058 ἀνοίκτως·
839 3019 873 3054 ἐν
900 3016 928 3054 δ’
953 3020 1078 3068 ἄλοχοι
1105 3018 1170 3053 179
1190 3022 1240 3053 ch.
1263 3020 1340 3054 πεί-

319 3078 411 3101 σεται
435 3068 499 3114 γὰρ
525 3067 612 3102 ἄλλο
639 3067 702 3113 μὲν
728 3066 890 3112 ἀστεργὲς
916 3067 1034 3108 οὐδέν,
1063 3071 1128 3114 γῆς
1155 3066 1181 3101 δ’
1206 3066 1340 3102 ἄπεισιν

320 3113 362 3147 ἀσ
392 3113 491 3156 αλής.
529 3115 558 3148 εἰ
585 3113 611 3148 δ’
644 3114 686 3148 αὖ
711 3125 761 3152 τις
796 3113 902 3149 ἄλλον
929 3114 1093 3148 οἷδεν...·
1122 3114 1153 3148 εἷ
1186 3113 1213 3147 δ’
1241 3113 1335 3148 αὖ...

318 3159 364 3194 22
400 3160 506 3194 -33,
537 3156 627 3195 πέντ’
660 3161 747 3205 ἦσαν
775 3161 807 3195 οἱ
833 3161 1044 3205 ξύμπαντες·
1072 3161 1107 3196 ἐν
1134 3156 1162 3194 δ’
1187 3160 1340 3195 αὐτοῖσιν

319 3207 363 3252 ἧν
388 3208 518 3254 κῆρυξ·
546 3207 663 3254 ἀπίνη
690 3203 718 3241 δ’
745 3207 809 3252 ἦγε
834 3206 942 3243 Λάιον
969 3207 1031 3254 μία
1048 3206 1127 3241 752.
1166 3207 1244 3253 ἐμοὶ
1270 3220 1339 3242 πα-

318 3254 385 3336 ἶιὴρ
405 3255 488 3335 ³?ss
502 3229 672 3336 &mg-103,
682 3253 951 3336 ἦὲνΚορὲἒῗῖἕῒ
983 3251 1341 3347 μέἷέξονδὲτθῐερῗῆᾟ

324 3314 519 3394 μέθριοίῧσᾞ
544 3315 686 3394 ιήγύέραν
715 3314 814 3391 μόλῐίς
838 3314 1038 3396 away-5227
1066 3327 1195 3395 θάτέρᾳ
1221 3327 1248 3381 δ’
1283 3347 1342 3382 ἰὼν

322 3394 429 3434 πέλας
461 3394 631 3443 ἤλεγχον·
693 3396 725 3430 οἱ
765 3394 803 3430 δὲ
835 3395 1013 3442 δυσφόρως
1045 3393 1216 3433 τοῦνειδος
1256 3393 1342 3441 ἠγον

324 3440 402 3476 781.
440 3442 576 3490 ἀπήνης
609 3440 711 3480 εὐθὺς
746 3441 1001 3478 ἐκκυλίνδεται·
1036 3441 1158 3477 κτείνω
1193 3440 1230 3475 δὲ
1262 3441 1343 3479 τοὺς

2095 0 2139 26 νικᾷ
2151 0 2164 27 ῖ
2172 0 2288 63 ww!

2174 43 2177 46 >
2225 32 2227 34 .
2243 29 2263 42 ¹³
2275 45 2278 47 .

2248 65 2251 67 >
2270 51 2288 83 ᾇ(

2076 175 2105 218 [1
2115 155 2156 217 ’μ
2168 150 2288 210 εδδ-ἑ

1374 282 1580 328 ξύμπαντας.
1611 282 1640 316 εἰ
1667 281 1836 320 δέ...(3ιή
1853 280 1970 326 iyitur)
1987 279 2067 314 812.
2095 284 2225 315 κτενεῖν
2244 279 2288 326 ἐμ

1373 330 1505 375 πατέρα
1527 329 1585 364 τὸν
1612 329 1707 374 ἐμόν,
1733 329 1755 381 ῥ
1782 328 1819 363 δὲ
1844 325 1958 364 θανὼν
1983 326 2121 363 κεύθει·
2149 327 2218 375 ἐγὼ
2242 326 2282 363 δέ

1374 375 1471 422 οἶμαι
1488 376 1552 423 γὰρ
1578 371 1649 411 οὔτ’
1675 375 1714 410 ἂν
1739 369 1865 423 Ἰστρον
1901 374 1978 411 οὔτε
2004 373 2112 411 Φᾶσιν
2137 373 2178 410 ἂν
2203 373 2288 422 νίψα

1372 422 1501 471 θαρμῷ
1516 423 1619 469 τήνδε
1643 424 1705 469 τὴν
1732 423 1864 470 στέγην,
1896 423 1958 459 ὅσα
1982 421 2118 458 κεύθει·
2152 421 2196 456 τὰ
2221 421 2249 456 δ’
2279 434 2288 459 ι

1374 473 1409 510 ἐς
1441 471 1479 506 τὸ
1514 477 1588 518 φῶς
1621 474 1741 517 φανεῖ·
1784 476 1852 505 τῶν
1886 470 1925 504 δὲ
1949 474 2118 517 πημονῶν
2147 467 2248 503 1227.
2275 483 2288 504 w

1373 517 1477 556 ἄθεος
1505 518 1567 564 μέν
1594 513 1673 563 εἰμ’,
1710 517 1854 553 ἀνοσίων
1881 517 1918 552 δὲ
1943 521 2038 558 παῖς,
2076 515 2253 563 ὁμολεχὴς
2278 515 2288 565 ί

1375 567 1422 600 ὧν
1441 564 1542 604 αὐτὸς
1561 564 1643 613 ἔφυν
1669 564 1775 602 τάλας
1797 563 1885 598 1360
1900 577 1944 598 tn.
1973 567 2152 608 Perperam
2169 565 2286 598 Elmsl.

1375 613 1456 648 σίων
1473 626 1520 647 τε.
1545 632 1585 636 -
1605 612 1713 647 παῖδα
1731 612 1806 653 σ’ν,
1837 612 1926 658 ἐμὴν
1945 607 1973 646 δ’
1999 612 2082 659 ὁρᾶν
2108 610 2257 658 ὅμαιμον
2271 621 2278 629 ·

1375 659 1402 695 δ’
1429 660 1537 695 αὐτίκ’
1566 659 1689 700 ἔξεστιν
1709 625 1832 706 μαθεῖν
1851 659 1905 692 OC
1924 657 2003 692 322.
2025 658 2149 705 πολλῷ
2164 671 2202 705 γε
2220 657 2288 704 (ἅμ

1409 719 1439 742 .·
1466 708 1504 742 τὸ
1523 708 1578 742 σὸν
1598 703 1626 741 δ’
1651 707 1795 754 ἀφῖκται
1817 702 1904 752 δεῦρ’
1930 705 2126 753 ὑπόβλητον
2151 705 2281 751 στόμα.

1375 754 1413 789 δὲ
1429 755 1479 802 τῷ
1496 754 1605 801 λέγειν
1632 750 1710 789 κάκ’
1735 753 1775 788 ἂν
1801 753 1920 799 λάβοις
1945 753 1988 788 τὰ
2012 753 2154 788 πλείονα
2171 751 2252 786 795.
2280 753 2288 788 l

1373 815 1431 841 νος
1455 802 1625 850 γρηστός·
1655 801 1690 836 αἱ
1716 801 1753 836 δὲ
1771 802 1946 848 συμφοραὶ
1972 800 2077 835 αὐτοῦ
2101 799 2282 842 πανώλεις,

1375 845 1402 883 δ’
1428 845 1618 895 ἀμυναθεῖν
1640 847 1740 882 1014.
1769 848 1866 883 καλῶ
1883 849 1922 883 τὸ
1948 847 2077 895 ἔρεβος,
2104 846 2203 882 καλῶ
2228 846 2288 882 δὲ·

1374 897 1551 941 δαίμονας,
1580 896 1678 931 καλῶ
1705 891 1733 929 δ’
1753 890 1846 943 ’Ἄρη
1869 894 1969 929 1391.
1998 895 2180 943 ἠφάνιστο,
2208 893 2288 941 τυμξ

1376 945 1437 990 μὲν
1457 943 1514 985 ού,
1543 943 1652 989 λεπτὴ
1677 939 1717 985 δ’,
1746 942 1829 990 ἄγος
1856 942 2039 990 φεύγοντος
2066 942 2126 984 ὥς,
2163 941 2251 988 ἐπῆν
2275 953 2288 977 ἰ

1375 995 1503 1038 σημεῖα
1529 990 1566 1025 δέ
1584 993 1664 1024 Ant.
1682 989 1762 1024 256.
1791 992 2083 1038 τυφὼς...πᾶσαν
2109 988 2251 1029 αἰκίζων
2275 1000 2288 1038 q

1374 1038 1480 1085 ὕλης·
1525 1039 1560 1073 ἐν
1595 1034 1622 1071 δ’
1655 1038 1800 1084 ἐμεστώι
1873 1037 1979 1084 μέγας
2003 1035 2130 1084 αἰθήρ·
2170 1035 2288 1082 μύσανι

1374 1085 1513 1134 εἴχομεν
1539 1084 1635 1120 θείαν
1660 1085 1758 1120 νόσον
1777 1083 1822 1118 42
1851 1112 1856 1118 .
1888 1084 2043 1131 ἔγνων...
2060 1095 2067 1102 ·
2088 1082 2191 1122 εὐθὺς
2217 1083 2254 1118 δὲ
2278 1079 2288 1121 l

1374 1134 1537 1179 ἐμπύρων
1565 1132 1755 1179 ἐγευόμην·
1792 1131 1886 1167 ἐκδὲ
1914 1131 2079 1178 θυμάτων
2104 1125 2288 1176 ’Ἥφαιστος

1373 1181 1525 1227 ἔλαμπεν
1557 1179 1656 1214 1005.
1696 1179 1793 1226 μόλις
1825 1179 1898 1224 μέν,
1928 1178 2070 1226 καρδίας
2097 1177 2125 1212 δ’
2151 1174 2288 1225 ἐξίσταιέ

1374 1228 1476 1275 δρᾶν·
1505 1227 1636 1276 ἀνάγκη
1657 1222 1684 1261 δ’
1710 1225 1789 1274 οὐχὶ
1815 1226 2056 1275 δυσμαχητέον
2084 1224 2185 1259 1105.
2214 1222 2288 1272 κωᾲ

1374 1276 1437 1322 μὲν
1463 1272 1653 1322 Μεγαρέως
1678 1274 1811 1310 κλεινὸν
1836 1274 1958 1323 λάγος,
1989 1272 2088 1312 αὖθις
2107 1272 2144 1307 δὲ
2167 1272 2288 1316 motez

1373 1322 1468 1358 σθιον
1493 1322 1531 1356 δὲ
1565 1322 1617 1357 σοὶ
1637 1321 1748 1360 κακὰς
1782 1318 1919 1369 πράξεις
1945 1320 2174 1368 ἐφυμνήσασα
2202 1317 2288 1363 1304,

1371 1384 1453 1416 γων,
1474 1373 1594 1418 γεροῖν
1615 1370 1677 1415 μὲν
1695 1370 1742 1407 ὡς
1768 1365 1891 1414 ἄφυκτ’
1917 1368 2008 1416 ἔχων
2028 1367 2111 1414 βέλη
2136 1367 2288 1405 λείποιτο

1370 1417 1471 1459 τόξου
1491 1413 1625 1461 ’κρίσιν’
1655 1417 1770 1462 φανεὶς
1796 1416 1834 1451 δὲ
1860 1416 1982 1454 δοῦλος
2005 1414 2126 1460 ἀνδρὸς
2152 1410 2222 1449 ἀντ’
2247 1407 2288 1451 ἐὲ

1373 1478 1432 1510 ρου
1469 1464 1616 1513 ῥαίοιτο·
1653 1464 1804 1502 δείπνοις
1831 1459 1859 1497 δ’
1893 1463 2029 1511 ἔρριψεν
2063 1463 2161 1500 ἐκτὸς
2198 1458 2288 1505 αὐτόέ

1371 1511 1452 1546 267.
1488 1514 1535 1546 ὧν
1569 1523 1604 1546 σε
1638 1510 1795 1556 ποίνιμος
1829 1507 1916 1559 Δίκη
1959 1510 2111 1545 τίσαιτο·
2155 1509 2184 1543 εἰ
2216 1507 2288 1555 θέμιΙ

1373 1559 1587 1607 ἐπεύχομαι·
1623 1558 1723 1603 θέμις
1758 1557 1794 1592 δέ
1820 1556 1901 1592 809.
1937 1557 2019 1592 τάδε
2053 1557 2115 1604 μὲν
2150 1547 2288 1605 ἔγρμεινέ4

1373 1607 1502 1653 δόμοις,
1529 1606 1610 1640 τάδε
1637 1605 1674 1640 δὲ
1701 1604 1857 1651 μενόμεν’
1883 1600 1935 1640 ἐπ’
1961 1604 2105 1646 ἐλπίσιν,
2133 1603 2233 1640 κοινὰ
2276 1604 2278 1610 ’

1373 1657 1424 1687 oli.
1444 1654 1524 1692 τοὺς
1543 1654 1604 1700 μὲν
1631 1652 1717 1696 αὐτὴ
1735 1654 1864 1700 τρέφει,
1893 1652 1973 1691 τοὺς
1991 1650 2018 1686 δ’
2043 1650 2083 1687 ἂν
2107 1651 2147 1686 τὸ
2165 1650 2266 1699 Θήβη

1371 1701 1527 1740 ναίοντας
1554 1699 1700 1747 μάθοις·
1728 1699 1832 1746 ἡμεῖς
1859 1699 1897 1734 δέ
1917 1698 2018 1733 1155.
2047 1699 2090 1734 τὰ
2116 1698 2155 1733 δὲ
2178 1702 2236 1733 νῦν

1372 1749 1493 1793 οἰκτρὰ
1512 1749 1573 1795 μὲν
1592 1748 1690 1794 ἡμῖν,
1719 1747 1845 1795 αἰσχρὰ
1870 1742 1898 1780 δ’
1923 1746 2078 1789 ἐκείνοις,
2098 1745 2243 1794 χαλεπώ
2274 1751 2276 1753 ’

1376 1795 1464 1829 1273
1491 1807 1545 1828 an.
1574 1795 1654 1832 τοὺς
1690 1795 1751 1840 μὲν
1785 1794 1964 1842 ηύχένιζε,
2001 1793 2082 1831 τοὺς
2108 1788 2136 1828 δ’
2161 1792 2232 1828 ἄνω

1373 1843 1510 1890 ἔσφαζε,
1531 1843 1610 1880 τοὺς
1637 1841 1674 1876 δὲ
1693 1841 1851 1888 δεσμίους
1877 1836 2035 1887 ᾐκίζετο·
2061 1841 2161 1879 τέλος
2179 1839 2216 1875 δέ

1374 1890 1464 1928 ὅστις
1491 1889 1620 1928 θεοῖςέ
1648 1888 1823 1935 θαίρομαι,
1855 1892 1949 1934 μισεῖ
1974 1887 2012 1922 δέ
2039 1900 2082 1933 με
2106 1887 2278 1935 στρατός·-

1374 1938 1411 1972 δὲ
1436 1936 1542 1984 Τροία
1568 1901 1648 1971 455}
1677 1935 1781 1983 ἡμεῖς
1815 1936 1876 1981 μὲν
1903 1934 1943 1970 ἂν
1969 1948 1994 1970 π
2017 1935 2111 1970 ουκεί
2141 1930 2191 1970 εθ’
2222 1932 2280 1969 αἰ-

1375 1985 1493 2031 μόρῳ·
1529 1983 1628 2023 οὗτος
1663 1979 1691 2017 δ’
1726 1982 1766 2018 ἂν
1799 1983 1881 2030 ἔζη·
1913 1986 1972 2017 νῦν
2019 1982 2037 2017 έ
2064 1981 2107 2016 10
2131 1981 2164 2016 0.

1375 2036 1434 2067 σοῦ
1462 2032 1587 2077 πατρὸς
1607 2031 1669 2077 μὲν
1689 2030 1724 2068 ὃς
1751 2030 1886 2078 προύφυ
1914 2029 2172 2077 πατὴρ...ὀ’ντα
2198 2027 2272 2075 βά

1373 2077 1498 2125 Ἀτρέα
1517 2073 1775 2120 δὲ...προθέντ’
1801 2077 1943 2123 ἀδελφῷ
1956 2077 2111 2118 δεῖπνον;
2143 2075 2245 2114 αὐτὸς
2263 2108 2266 2110 .

1373 2127 1451 2169 τρὸς
1477 2125 1597 2173 ἐξέφυς
1626 2124 1792 2172 Κρήσσης
1821 2113 1921 2158 1293.
1959 2124 2042 2159 ὑπαὶ
2068 2123 2276 2171 σάλπιγγος

1375 2175 1407 2209 oi
1426 2170 1452 2207 δ’
1479 2172 1551 2219 ἅμα
1568 2172 1667 2218 ήνίας
1683 2176 1801 2220 γεροῖν
1820 2171 1950 2206 ἔσεισαν
1965 2182 1972 2188 ·
2001 2171 2036 2206 έν
2055 2170 2093 2206 δὲ
2118 2174 2184 2210 πᾶς
2210 2170 2227 2206 ἐ
2272 2197 2279 2208 „

1375 2221 1502 2267 δρόμος
1519 2219 1672 2255 κτύπου·
1700 2215 1794 2258 κόνις
1814 2215 1841 2252 δ’
1866 2218 1938 2254 ἄνω
1963 2214 2112 2266 ’φορεῖτο
2131 2220 2186 2251 ΕΙ.
2209 2215 2250 2250 71
2269 2223 2286 2257 '13'

1375 2268 1474 2303 δοντο
1492 2269 1641 2310 κέντρων
1660 2266 1757 2302 οὐδέν
1774 2277 1779 2283 ·
1807 2270 1921 2304 κεῖνος
1940 2261 1968 2300 δ’
1994 2260 2152 2313 ἔχριμπτ’
2169 2264 2222 2300 ἀεὶ
2264 2284 2278 2298 ε,

1375 2315 1482 2356 δεξιὸν
1509 2310 1536 2348 δ’
1562 2314 1652 2352 ἀνεὶς
1679 2317 1829 2359 σειραῖον
1853 2312 1958 2348 ἵππον
1983 2312 2072 2359 εἶργε
2103 2313 2160 2348 τὸν
2186 2323 2251 2358 προ

1374 2376 1430 2397 νον
1465 2360 1678 2395 716ν--ν-722.
1722 2359 1884 2395 λανθάνει
1926 2360 2057 2407 στήλην
2098 2358 2207 2406 ἄκραν
2256 2354 2277 2385 ε’

1375 2408 1520 2456 ἔθραυσε
1539 2409 1576 2444 δὲ
1641 2408 1747 2456 χνοάς
1814 2435 1821 2449 ,
1843 2407 1902 2442 σὺν
1920 2402 1947 2440 δ’
1965 2406 2134 2442 ἑλίσσεται
2149 2417 2253 2452 τμητ
2275 2451 2277 2453 ¹

1374 2467 1426 2490 σι’
1453 2460 1513 2491 τοῦ
1533 2456 1570 2490 δὲ
1595 2456 1706 2491 πῶλοι
1724 2454 1954 2501 διεσπάρησαν
1973 2452 2172 2497 744-748,
2201 2452 2240 2488 ού
2256 2464 2271 2492 ‚⁶

1375 2504 1440 2538 αἰεὶ
1476 2503 1647 2549 δαιμόνων
1674 2505 1911 2548 παραστατεῖ·4
1946 2507 2014 2536 νῶν
2042 2497 2070 2534 δ’
2095 2500 2138 2546 ἠν
2171 2499 2215 2534 τὰ

1375 2551 1513 2597 στυγνός
1528 2562 1534 2567 ·
1563 2550 1586 2595 η
1613 2550 1649 2584 δὲ
1666 2553 1725 2584 νῦν
1741 2549 1824 2587 ἰ’σως
1843 2548 1981 2583 πολλῶν
1999 2548 2140 2593 ὑπάρξει
2157 2550 2265 2595 κῦροα

1374 2598 1492 2632 καλῶν
1518 2595 1598 2631 918.
1635 2598 1719 2643 γυνη
1754 2596 1815 2641 μὲν
1840 2594 1910 2630 οὐδ’
1952 2596 2040 2642 ἀνὴρ
2071 2595 2174 2643 ἔφυς·
2203 2596 2271 2638 σίᾎΙ

1376 2645 1519 2679 ἔλασσον
1550 2650 1618 2678 τῶν
1647 2644 1808 2679 ἐναντίων
1843 2642 1939 2691 χερί·
1975 2642 2107 2688 δαίμων
2133 2641 2171 2677 δέ
2201 2637 2282 2678 9923<—

1375 2693 1439 2739 γάρ
1459 2704 1540 2726 ποτε
1560 2692 1687 2738 μητρὸς
1715 2690 1754 2725 σύ
1780 2686 1810 2737 γ’
1826 2689 1921 2736 ἦσθα
1947 2690 2079 2734 μᾶλλον
2097 2687 2120 2734 ἢ
2147 2687 2270 2734 κάμο”

1376 2734 1450 2774 οὔθ’
1476 2739 1507 2773 οἱ
1531 2751 1597 2772 κατ
1640 2738 1734 2773 οἷκον
1759 2737 1859 2783 ἦσαν,
1896 2735 1970 2771 ἀλλ’
1995 2737 2062 2784 ἐγὼ
2092 2736 2236 2782 τροφός·
2264 2746 2269 2757 ²

1376 2786 1510 2831 ἀδελφὴ
1531 2786 1572 2831 σὴ
1592 2784 1850 2833 προσηυδώμην
1868 2783 1939 2819 ἀεί·
1965 2788 2022 2819 νῦν
2042 2779 2070 2818 δ’
2088 2782 2224 2819 έκλέλοι
2242 2787 2273 2829 -ᾗ

1380 2832 1480 2866 1148.
1511 2832 1612 2880 ἔσχον
1641 2831 1741 2879 ὀργὰν
1755 2840 1793 2865 ..’.
1811 2843 1817 2848 ·
1837 2835 1895 2864 νῦν
1915 2827 1942 2864 δ’
1964 2830 2036 2878 ἔχω
2055 2842 2112 2865 σε·
2136 2831 2270 2876 *ttpounr'

1379 2880 1541 2926 φιλτάταν
1560 2879 1651 2926 ἔγων
1670 2878 1835 2925 πρόσοψιν
1858 2877 1946 2911 1285
1965 2890 2008 2911 m.
2040 2878 2127 2912 ὅπου
2147 2877 2184 2912 δὲ
2202 2875 2251 2923 μὴ
2266 2910 2286 2924 ⁴„

1377 2925 1570 2971 ἐλευθέρως
1593 2927 1703 2972 λέγειν
1729 2924 1847 2967 ἔξεστι,
1876 2925 1958 2971 νικᾷ
1977 2921 2004 2958 δ’
2030 2925 2066 2959 ἐν
2083 2924 2180 2959 πόλει
2196 2921 2239 2957 τὰ

1378 2977 1418 3007 fr.
1453 2976 1566 3016 l‘riph.
1597 2972 1677 3007 204.
1717 2973 1765 3018 μὴ
1801 2971 1980 3018 βιάζεσθαι
2013 2969 2135 3013 θεούς,
2176 2970 2277 3013 στέῐ,

1379 3024 1524 3067 μοῖραν·
1551 3027 1619 3055 τῶν
1645 3020 1837 3067 ἀμηχάνων
1864 3017 1890 3052 δ’
1916 3017 2003 3065 ἔρως
2027 3017 2178 3057 πολλοὺς
2203 3016 2234 3052 ἔ

1378 3067 1545 3112 παρόντος
1573 3067 1768 3113 ἀμπλακεῖν
1796 3068 1932 3105 Thyest.
1963 3068 2024 3098 III.
2057 3064 2190 3098 1Brok.
2219 3062 2277 3111 [ἰῇ-3

1377 3117 1500 3147 tribuit
1517 3116 1681 3147 Dind.-fr.
1702 3116 1768 3146 inc.
1793 3111 1909 3145 10611.
1938 3112 2038 3146 κᾶστι
2063 3112 2147 3159 πρὸς
2171 3110 2215 3145 τὰ
2244 3114 2286 3151 [³.

1378 3160 1537 3207 θνητοῖσι
1554 3160 1666 3196 τᾶλλα
1692 3156 1839 3205 δεύτερ’·
1867 3158 1931 3193 εἰσὶ
1950 3154 1977 3192 δ’
2002 3158 2122 3197 οἵτινες
2146 3152 2286 3193 αἰνοῦ

1379 3220 1436 3242 σον
1461 3204 1573 3255 ἄνδρ’·
1603 3207 1681 3253 ἐμοὶ
1706 3207 1742 3242 δέ
1768 3209 1882 3241 Creus.
1905 3205 1985 3247 325,
2007 3205 2039 3239 5.
2063 3225 2103 3230 -
2127 3208 2211 3238 Raro

1379 3257 1604 3288 adnectendae
1629 3258 1830 3293 sententiae.
1860 3255 2001 3285 alterum
2021 3253 2223 3295 oppositioni
2245 3295 2249 3297 .
2269 3282 2281 3294 ἦ,

1379 3304 1440 3335 dae
1459 3304 1681 3335 constitutum
1697 3308 1758 3334 est.
1779 3303 1870 3334 τοῖσι
1887 3299 2069 3345 γενναίοισί
2085 3310 2138 3333 τοι
2154 3297 2193 3332 τό
2209 3293 2276 3332 ¹17*>

1380 3347 1507 3396 ἐχθρὸν
1539 3347 1598 3383 καὶ
1627 3348 1666 3382 τὸ
1695 3348 1844 3396 χρηστὸν
1879 3346 2036 3384 εὐκλεές·
2078 3345 2131 3380 σοὶ
2165 3340 2193 3379 δ’
2230 3350 2278 3374 »θ’

1379 3391 1471 3430 τοῦτ’
1504 3394 1632 3432 ὄνειδος
1659 3394 1697 3429 οὐ
1724 3394 1849 3435 καλόν,
1887 3393 2047 3439 δράσαντι
2081 3393 2118 3427 δὲ
2151 3391 2268 3426 ahin
