<?xml version="1.0" encoding="UTF-8"?>
<!DOCTYPE html PUBLIC "-//W3C//DTD XHTML 1.0 Transitional//EN"
    "http://www.w3.org/TR/xhtml1/DTD/xhtml1-transitional.dtd">
<html xmlns="http://www.w3.org/1999/xhtml" xml:lang="en" lang="en">
 <head>
  <title>
</title>
<meta http-equiv="Content-Type" content="text/html;charset=utf-8" />
  <meta name='ocr-system' content='tesseract 3.04.00' />
  <meta name='ocr-capabilities' content='ocr_page ocr_carea ocr_par ocr_line ocrx_word'/>
</head>
<body>
  <div class='ocr_page' id='page_1' title='image "./lexiconsophocleu00elleuoft_0425.png"; bbox 0 0 2288 3600; ppageno 0'>
   <div class='ocr_carea' id='block_1_1' title="bbox 201 0 748 50">
    <p class='ocr_par' dir='ltr' id='par_1_1' title="bbox 201 0 748 50">
     <span class='ocr_line' id='line_1_1' title="bbox 216 0 666 43; baseline -0.002 -17"><span class='ocrx_word' id='word_1_1' title='bbox 216 3 235 17; x_wconf 64' lang='grc' dir='ltr'><strong>ι»</strong></span> <span class='ocrx_word' id='word_1_2' title='bbox 243 0 450 43; x_wconf 32' lang='lat' dir='ltr'><strong>&amp;gesa-saffra</strong></span> <span class='ocrx_word' id='word_1_3' title='bbox 492 0 507 29; x_wconf 75' lang='lat'><strong>&#39;2-</strong></span> <span class='ocrx_word' id='word_1_4' title='bbox 515 0 534 21; x_wconf 58' lang='grc' dir='ltr'>ι’·</span> <span class='ocrx_word' id='word_1_5' title='bbox 549 0 573 25; x_wconf 54' lang='lat'><strong>1³⁴.</strong></span> <span class='ocrx_word' id='word_1_6' title='bbox 583 0 620 21; x_wconf 58' lang='lat' dir='ltr'><strong>‘rt</strong></span> <span class='ocrx_word' id='word_1_7' title='bbox 634 0 643 15; x_wconf 63' lang='lat'><em>³</em></span> <span class='ocrx_word' id='word_1_8' title='bbox 651 0 666 22; x_wconf 64' lang='grc' dir='ltr'><strong>’.τ</strong></span> 
     </span>
     <span class='ocr_line' id='line_1_2' title="bbox 201 23 748 50; baseline -0.002 -13"><span class='ocrx_word' id='word_1_9' title='bbox 201 27 221 49; x_wconf 52' lang='lat'><strong>4¹·</strong></span> <span class='ocrx_word' id='word_1_10' title='bbox 233 23 353 50; x_wconf 38' lang='lat' dir='ltr'><strong>“yvvwvvffffi</strong></span> <span class='ocrx_word' id='word_1_11' title='bbox 375 25 389 43; x_wconf 65' lang='lat' dir='ltr'><strong>&#39;j&#39;</strong></span> <span class='ocrx_word' id='word_1_12' title='bbox 411 35 413 37; x_wconf 85' lang='lat'><strong>.</strong></span> <span class='ocrx_word' id='word_1_13' title='bbox 526 24 533 29; x_wconf 78' lang='lat'><strong>&#39;⁴</strong></span> <span class='ocrx_word' id='word_1_14' title='bbox 574 27 575 31; x_wconf 66' lang='lat'>¹</span> <span class='ocrx_word' id='word_1_15' title='bbox 646 24 649 27; x_wconf 59' lang='lat'>*</span> <span class='ocrx_word' id='word_1_16' title='bbox 741 27 748 39; x_wconf 86' lang='lat' dir='ltr'><strong>l</strong></span> 
     </span>
    </p>
   </div>
   <div class='ocr_carea' id='block_1_2' title="bbox 0 93 226 2192">
    <p class='ocr_par' dir='ltr' id='par_1_2' title="bbox 0 93 226 2192">
     <span class='ocr_line' id='line_1_3' title="bbox 0 93 120 358; baseline 0 -77"><span class='ocrx_word' id='word_1_17' title='bbox 0 93 120 358; x_wconf 95' lang='lat' dir='ltr'><strong>   </strong></span> 
     </span>
     <span class='ocr_line' id='line_1_4' title="bbox 0 358 167 522; baseline 0.036 -50"><span class='ocrx_word' id='word_1_18' title='bbox 0 358 167 522; x_wconf 95' lang='lat' dir='ltr'><strong>     </strong></span> 
     </span>
     <span class='ocr_line' id='line_1_5' title="bbox 0 522 115 627; baseline 0 0"><span class='ocrx_word' id='word_1_19' title='bbox 0 522 115 627; x_wconf 95' lang='lat' dir='ltr'><strong>  </strong></span> 
     </span>
     <span class='ocr_line' id='line_1_6' title="bbox 0 627 141 808; baseline 0 -43"><span class='ocrx_word' id='word_1_20' title='bbox 0 627 141 808; x_wconf 95' lang='lat' dir='ltr'><strong>     </strong></span> 
     </span>
     <span class='ocr_line' id='line_1_7' title="bbox 0 810 126 994; baseline 0 -86"><span class='ocrx_word' id='word_1_21' title='bbox 0 810 126 994; x_wconf 95' lang='lat' dir='ltr'><strong>     </strong></span> 
     </span>
     <span class='ocr_line' id='line_1_8' title="bbox 0 994 127 1136; baseline 0 -41"><span class='ocrx_word' id='word_1_22' title='bbox 0 994 127 1136; x_wconf 95' lang='lat' dir='ltr'><strong>   </strong></span> 
     </span>
     <span class='ocr_line' id='line_1_9' title="bbox 0 1140 115 1288; baseline 0 -52"><span class='ocrx_word' id='word_1_23' title='bbox 0 1140 115 1288; x_wconf 95' lang='lat' dir='ltr'><strong>    </strong></span> 
     </span>
     <span class='ocr_line' id='line_1_10' title="bbox 0 1288 226 1524; baseline 0.018 -4"><span class='ocrx_word' id='word_1_24' title='bbox 0 1288 226 1524; x_wconf 95' lang='lat' dir='ltr'><strong>     </strong></span> 
     </span>
     <span class='ocr_line' id='line_1_11' title="bbox 0 1524 115 1710; baseline 0 -47"><span class='ocrx_word' id='word_1_25' title='bbox 0 1524 115 1710; x_wconf 95' lang='lat' dir='ltr'><strong>     </strong></span> 
     </span>
     <span class='ocr_line' id='line_1_12' title="bbox 0 1710 120 1892; baseline 0 -47"><span class='ocrx_word' id='word_1_26' title='bbox 0 1710 120 1892; x_wconf 95' lang='lat' dir='ltr'><strong>     </strong></span> 
     </span>
     <span class='ocr_line' id='line_1_13' title="bbox 0 1892 123 2034; baseline 0 -42"><span class='ocrx_word' id='word_1_27' title='bbox 0 1892 123 2034; x_wconf 95' lang='lat' dir='ltr'><strong>    </strong></span> 
     </span>
     <span class='ocr_line' id='line_1_14' title="bbox 0 2034 109 2192; baseline 0 -59"><span class='ocrx_word' id='word_1_28' title='bbox 0 2034 109 2192; x_wconf 95' lang='lat' dir='ltr'><strong>    </strong></span> 
     </span>
    </p>
   </div>
   <div class='ocr_carea' id='block_1_3' title="bbox 123 146 345 207">
    <p class='ocr_par' dir='ltr' id='par_1_3' title="bbox 100 132 345 218">
     <span class='ocr_line' id='line_1_15' title="bbox 123 146 345 207; baseline -0.041 9.061"><span class='ocrx_word' id='word_1_29' title='bbox 123 146 157 187; x_wconf 56' lang='lat'><strong>³*</strong></span> <span class='ocrx_word' id='word_1_30' title='bbox 202 159 345 207; x_wconf 58' lang='lat'><strong>-4814</strong></span> 
     </span>
    </p>
   </div>
   <div class='ocr_carea' id='block_1_4' title="bbox 39 256 1051 3481">
    <p class='ocr_par' dir='ltr' id='par_1_4' title="bbox 39 256 1051 3481">
     <span class='ocr_line' id='line_1_16' title="bbox 95 256 1046 316; baseline -0.001 -14"><span class='ocrx_word' id='word_1_31' title='bbox 95 256 104 267; x_wconf 44' lang='lat'>⁹</span> <span class='ocrx_word' id='word_1_32' title='bbox 182 265 254 302; x_wconf 77' lang='lat'><strong>844</strong></span> <span class='ocrx_word' id='word_1_33' title='bbox 270 268 450 311; x_wconf 74' lang='lat' dir='ltr'><strong>respondet</strong></span> <span class='ocrx_word' id='word_1_34' title='bbox 473 267 522 302; x_wconf 80' lang='grc' dir='ltr'><strong>ὧν</strong></span> <span class='ocrx_word' id='word_1_35' title='bbox 539 263 567 300; x_wconf 86' lang='grc' dir='ltr'><strong>δ’</strong></span> <span class='ocrx_word' id='word_1_36' title='bbox 583 264 624 302; x_wconf 81' lang='grc' dir='ltr'><strong>ἂν</strong></span> <span class='ocrx_word' id='word_1_37' title='bbox 640 265 790 316; x_wconf 80' lang='grc' dir='ltr'>κάμείβῃ</span> <span class='ocrx_word' id='word_1_38' title='bbox 809 261 844 314; x_wconf 84' lang='grc' dir='ltr'><strong>μ’</strong></span> <span class='ocrx_word' id='word_1_39' title='bbox 861 265 973 306; x_wconf 81' lang='grc' dir='ltr'>αὖθις.</span> <span class='ocrx_word' id='word_1_40' title='bbox 1010 268 1046 301; x_wconf 91' lang='lat' dir='ltr'><strong>Si</strong></span> 
     </span>
     <span class='ocr_line' id='line_1_17' title="bbox 166 316 1045 359; baseline -0.002 -10.118"><span class='ocrx_word' id='word_1_41' title='bbox 166 317 239 359; x_wconf 75' lang='lat' dir='ltr'><strong>ipse</strong></span> <span class='ocrx_word' id='word_1_42' title='bbox 256 317 379 349; x_wconf 82' lang='lat' dir='ltr'><strong>fuisset</strong></span> <span class='ocrx_word' id='word_1_43' title='bbox 395 316 611 356; x_wconf 89' lang='lat' dir='ltr'><strong>dormiturus,</strong></span> <span class='ocrx_word' id='word_1_44' title='bbox 633 316 730 356; x_wconf 79' lang='lat' dir='ltr'><strong>longe</strong></span> <span class='ocrx_word' id='word_1_45' title='bbox 748 316 873 348; x_wconf 83' lang='lat' dir='ltr'><strong>rectius</strong></span> <span class='ocrx_word' id='word_1_46' title='bbox 890 317 1045 348; x_wconf 85' lang='lat' dir='ltr'><strong>futurum</strong></span> 
     </span>
     <span class='ocr_line' id='line_1_18' title="bbox 96 361 1046 409; baseline -0.002 -13"><span class='ocrx_word' id='word_1_47' title='bbox 96 361 129 370; x_wconf 50' lang='lat'><strong>*⁶</strong></span> <span class='ocrx_word' id='word_1_48' title='bbox 151 363 296 396; x_wconf 71' lang='lat' dir='ltr'><strong>&#39;videtur</strong></span> <span class='ocrx_word' id='word_1_49' title='bbox 319 361 425 409; x_wconf 82' lang='grc' dir='ltr'>ἧμιν;</span> <span class='ocrx_word' id='word_1_50' title='bbox 463 363 521 395; x_wconf 90' lang='lat' dir='ltr'><strong>sed</strong></span> <span class='ocrx_word' id='word_1_51' title='bbox 547 372 590 395; x_wconf 83' lang='lat' dir='ltr'><strong>ex</strong></span> <span class='ocrx_word' id='word_1_52' title='bbox 620 362 826 396; x_wconf 81' lang='lat' dir='ltr'><strong>Philoctetae</strong></span> <span class='ocrx_word' id='word_1_53' title='bbox 851 372 966 396; x_wconf 87' lang='lat' dir='ltr'><strong>somno</strong></span> <span class='ocrx_word' id='word_1_54' title='bbox 990 363 1046 394; x_wconf 90' lang='lat' dir='ltr'><strong>lu-</strong></span> 
     </span>
     <span class='ocr_line' id='line_1_19' title="bbox 93 407 1046 452; baseline -0.002 -8"><span class='ocrx_word' id='word_1_55' title='bbox 93 407 127 450; x_wconf 64' lang='lat' dir='ltr'><strong>f.</strong></span> <span class='ocrx_word' id='word_1_56' title='bbox 150 411 378 444; x_wconf 67' lang='lat' dir='ltr'><strong>clandestinae</strong></span> <span class='ocrx_word' id='word_1_57' title='bbox 403 411 619 452; x_wconf 81' lang='lat' dir='ltr'><strong>profectionis</strong></span> <span class='ocrx_word' id='word_1_58' title='bbox 644 411 783 443; x_wconf 76' lang='lat' dir='ltr'><strong>facturis</strong></span> <span class='ocrx_word' id='word_1_59' title='bbox 809 412 895 443; x_wconf 87' lang='lat' dir='ltr'><strong>bene</strong></span> <span class='ocrx_word' id='word_1_60' title='bbox 920 411 1046 443; x_wconf 84' lang='lat' dir='ltr'><strong>dicitur</strong></span> 
     </span>
     <span class='ocr_line' id='line_1_20' title="bbox 88 454 1044 500; baseline -0.002 -8"><span class='ocrx_word' id='word_1_61' title='bbox 88 454 98 497; x_wconf 56' lang='lat' dir='ltr'>s</span> <span class='ocrx_word' id='word_1_62' title='bbox 128 468 141 492; x_wconf 76' lang='lat' dir='ltr'><strong>t</strong></span> <span class='ocrx_word' id='word_1_63' title='bbox 167 458 259 492; x_wconf 67' lang='lat' dir='ltr'><strong>nobis</strong></span> <span class='ocrx_word' id='word_1_64' title='bbox 282 457 412 500; x_wconf 74' lang='lat' dir='ltr'><strong>quidem</strong></span> <span class='ocrx_word' id='word_1_65' title='bbox 436 456 577 490; x_wconf 78' lang='lat' dir='ltr'><strong>secundo</strong></span> <span class='ocrx_word' id='word_1_66' title='bbox 602 458 687 500; x_wconf 82' lang='lat' dir='ltr'><strong>flatu</strong></span> <span class='ocrx_word' id='word_1_67' title='bbox 706 467 859 499; x_wconf 73' lang='lat' dir='ltr'><strong>properes</strong></span> <span class='ocrx_word' id='word_1_68' title='bbox 872 482 880 498; x_wconf 89' lang='lat'><strong>,</strong></span> <span class='ocrx_word' id='word_1_69' title='bbox 909 467 985 490; x_wconf 85' lang='lat' dir='ltr'><strong>nam</strong></span> <span class='ocrx_word' id='word_1_70' title='bbox 1002 458 1044 490; x_wconf 90' lang='lat' dir='ltr'><strong>de</strong></span> 
     </span>
     <span class='ocr_line' id='line_1_21' title="bbox 91 501 1044 547; baseline 0 -9"><span class='ocrx_word' id='word_1_71' title='bbox 91 506 217 538; x_wconf 62' lang='grc' dir='ltr'>ποΠιιι</span> <span class='ocrx_word' id='word_1_72' title='bbox 234 515 278 538; x_wconf 89' lang='lat' dir='ltr'><strong>ne</strong></span> <span class='ocrx_word' id='word_1_73' title='bbox 301 506 521 547; x_wconf 78' lang='lat' dir='ltr'><strong>expergiscat.</strong></span> <span class='ocrx_word' id='word_1_74' title='bbox 572 505 613 536; x_wconf 91' lang='lat' dir='ltr'><strong>In</strong></span> <span class='ocrx_word' id='word_1_75' title='bbox 631 505 693 538; x_wconf 88' lang='lat' dir='ltr'><strong>Ph.</strong></span> <span class='ocrx_word' id='word_1_76' title='bbox 713 501 782 538; x_wconf 89' lang='grc'><strong>963</strong></span> <span class='ocrx_word' id='word_1_77' title='bbox 808 503 843 538; x_wconf 84' lang='grc' dir='ltr'><strong>ἐν</strong></span> <span class='ocrx_word' id='word_1_78' title='bbox 862 503 915 539; x_wconf 86' lang='grc' dir='ltr'><strong>σοὶ</strong></span> <span class='ocrx_word' id='word_1_79' title='bbox 930 503 991 538; x_wconf 81' lang='grc' dir='ltr'><strong>καὶ</strong></span> <span class='ocrx_word' id='word_1_80' title='bbox 1006 502 1044 538; x_wconf 77' lang='grc' dir='ltr'><strong>τὸ</strong></span> 
     </span>
     <span class='ocr_line' id='line_1_22' title="bbox 151 549 1044 599; baseline -0.003 -12.195"><span class='ocrx_word' id='word_1_81' title='bbox 151 550 265 599; x_wconf 78' lang='grc' dir='ltr'>ἡμᾶς,</span> <span class='ocrx_word' id='word_1_82' title='bbox 287 550 372 593; x_wconf 82' lang='grc' dir='ltr'>ἅναξ</span> <span class='ocrx_word' id='word_1_83' title='bbox 385 580 392 594; x_wconf 83' lang='grc'><strong><em>,</em></strong></span> <span class='ocrx_word' id='word_1_84' title='bbox 420 549 490 598; x_wconf 80' lang='grc' dir='ltr'><strong>ἤδη</strong></span> <span class='ocrx_word' id='word_1_85' title='bbox 507 549 568 586; x_wconf 89' lang='grc' dir='ltr'>’στί</span> <span class='ocrx_word' id='word_1_86' title='bbox 586 553 719 593; x_wconf 82' lang='lat' dir='ltr'><strong>legitur.</strong></span> <span class='ocrx_word' id='word_1_87' title='bbox 766 553 860 584; x_wconf 84' lang='lat' dir='ltr'><strong>Ferri</strong></span> <span class='ocrx_word' id='word_1_88' title='bbox 877 552 1044 585; x_wconf 82' lang='lat' dir='ltr'><strong>commode</strong></span> 
     </span>
     <span class='ocr_line' id='line_1_23' title="bbox 87 595 1046 644; baseline -0.001 -12"><span class='ocrx_word' id='word_1_89' title='bbox 87 638 93 643; x_wconf 73' lang='lat'><strong>.</strong></span> <span class='ocrx_word' id='word_1_90' title='bbox 115 599 118 601; x_wconf 66' lang='grc'>’</span> <span class='ocrx_word' id='word_1_91' title='bbox 156 625 165 642; x_wconf 86' lang='grc'><strong><em>,</em></strong></span> <span class='ocrx_word' id='word_1_92' title='bbox 190 601 270 632; x_wconf 91' lang='lat' dir='ltr'><strong>dum</strong></span> <span class='ocrx_word' id='word_1_93' title='bbox 295 610 412 632; x_wconf 86' lang='lat' dir='ltr'><strong>versus</strong></span> <span class='ocrx_word' id='word_1_94' title='bbox 427 603 618 642; x_wconf 87' lang='lat' dir='ltr'><strong>pateretur,</strong></span> <span class='ocrx_word' id='word_1_95' title='bbox 646 597 785 644; x_wconf 74' lang='grc' dir='ltr'>ἧμαςε</span> <span class='ocrx_word' id='word_1_96' title='bbox 814 595 873 632; x_wconf 85' lang='lat' dir='ltr'><strong>sed</strong></span> <span class='ocrx_word' id='word_1_97' title='bbox 889 609 1046 632; x_wconf 86' lang='lat' dir='ltr'><strong>necessa-</strong></span> 
     </span>
     <span class='ocr_line' id='line_1_24' title="bbox 79 647 1045 689; baseline -0.001 -9"><span class='ocrx_word' id='word_1_98' title='bbox 79 686 82 688; x_wconf 36' lang='lat'><strong>,</strong></span> <span class='ocrx_word' id='word_1_99' title='bbox 138 657 205 680; x_wconf 89' lang='lat' dir='ltr'><strong>non</strong></span> <span class='ocrx_word' id='word_1_100' title='bbox 223 651 286 688; x_wconf 87' lang='lat' dir='ltr'><strong>est,</strong></span> <span class='ocrx_word' id='word_1_101' title='bbox 308 658 384 680; x_wconf 89' lang='lat' dir='ltr'><strong>cum</strong></span> <span class='ocrx_word' id='word_1_102' title='bbox 402 651 537 689; x_wconf 88' lang='lat' dir='ltr'><strong>propter</strong></span> <span class='ocrx_word' id='word_1_103' title='bbox 554 648 699 688; x_wconf 87' lang='lat' dir='ltr'><strong>oppositi</strong></span> <span class='ocrx_word' id='word_1_104' title='bbox 715 647 881 688; x_wconf 85' lang='lat' dir='ltr'><strong>quandam</strong></span> <span class='ocrx_word' id='word_1_105' title='bbox 899 648 1045 688; x_wconf 87' lang='lat' dir='ltr'><strong>speciem</strong></span> 
     </span>
     <span class='ocr_line' id='line_1_25' title="bbox 141 692 1046 741; baseline -0.003 -12.178"><span class='ocrx_word' id='word_1_106' title='bbox 141 695 181 733; x_wconf 80' lang='grc' dir='ltr'><strong>ἃς</strong></span> <span class='ocrx_word' id='word_1_107' title='bbox 198 699 233 727; x_wconf 89' lang='lat' dir='ltr'><strong>et</strong></span> <span class='ocrx_word' id='word_1_108' title='bbox 247 696 322 732; x_wconf 86' lang='grc' dir='ltr'>τοῖς</span> <span class='ocrx_word' id='word_1_109' title='bbox 338 692 438 728; x_wconf 88' lang='grc' dir='ltr'>τοῦδε</span> <span class='ocrx_word' id='word_1_110' title='bbox 455 692 580 741; x_wconf 84' lang='grc' dir='ltr'>λόγοις,</span> <span class='ocrx_word' id='word_1_111' title='bbox 601 698 673 726; x_wconf 88' lang='lat' dir='ltr'><strong>tum</strong></span> <span class='ocrx_word' id='word_1_112' title='bbox 690 698 825 736; x_wconf 89' lang='lat' dir='ltr'><strong>propter</strong></span> <span class='ocrx_word' id='word_1_113' title='bbox 836 695 959 736; x_wconf 86' lang='lat' dir='ltr'><strong>poetici</strong></span> <span class='ocrx_word' id='word_1_114' title='bbox 975 704 1046 726; x_wconf 84' lang='lat' dir='ltr'><strong>ser-</strong></span> 
     </span>
     <span class='ocr_line' id='line_1_26' title="bbox 87 740 1045 786; baseline -0.001 -12"><span class='ocrx_word' id='word_1_115' title='bbox 87 740 114 786; x_wconf 60' lang='grc' dir='ltr'>ζ</span> <span class='ocrx_word' id='word_1_116' title='bbox 132 766 137 769; x_wconf 69' lang='grc'><strong>-</strong></span> <span class='ocrx_word' id='word_1_117' title='bbox 158 742 360 774; x_wconf 85' lang='lat' dir='ltr'><strong>libertatem.</strong></span> <span class='ocrx_word' id='word_1_118' title='bbox 389 742 458 774; x_wconf 89' lang='lat' dir='ltr'><strong>Nec</strong></span> <span class='ocrx_word' id='word_1_119' title='bbox 474 742 514 774; x_wconf 89' lang='lat' dir='ltr'><strong>de</strong></span> <span class='ocrx_word' id='word_1_120' title='bbox 531 743 791 783; x_wconf 78' lang='lat' dir='ltr'><strong>transpositione</strong></span> <span class='ocrx_word' id='word_1_121' title='bbox 810 752 886 774; x_wconf 89' lang='lat' dir='ltr'><strong>cum</strong></span> <span class='ocrx_word' id='word_1_122' title='bbox 900 742 1045 774; x_wconf 88' lang='lat' dir='ltr'><strong>Porsono</strong></span> 
     </span>
     <span class='ocr_line' id='line_1_27' title="bbox 88 789 1045 831; baseline -0.001 -9"><span class='ocrx_word' id='word_1_123' title='bbox 88 792 109 812; x_wconf 60' lang='lat'><strong>&#39;¹7</strong></span> <span class='ocrx_word' id='word_1_124' title='bbox 150 790 256 822; x_wconf 71' lang='lat' dir='ltr'><strong>ndum.</strong></span> <span class='ocrx_word' id='word_1_125' title='bbox 286 789 386 822; x_wconf 84' lang='lat' dir='ltr'><strong>Certe</strong></span> <span class='ocrx_word' id='word_1_126' title='bbox 403 789 463 821; x_wconf 90' lang='lat' dir='ltr'><strong>hoc</strong></span> <span class='ocrx_word' id='word_1_127' title='bbox 479 798 586 820; x_wconf 91' lang='lat' dir='ltr'><strong>unum</strong></span> <span class='ocrx_word' id='word_1_128' title='bbox 604 793 693 821; x_wconf 88' lang='lat' dir='ltr'><strong>esset</strong></span> <span class='ocrx_word' id='word_1_129' title='bbox 705 789 884 831; x_wconf 89' lang='lat' dir='ltr'><strong>productae</strong></span> <span class='ocrx_word' id='word_1_130' title='bbox 901 790 1045 829; x_wconf 81' lang='lat' dir='ltr'><strong>syllabae</strong></span> 
     </span>
     <span class='ocr_line' id='line_1_28' title="bbox 86 834 1046 882; baseline -0.001 -13"><span class='ocrx_word' id='word_1_131' title='bbox 86 838 106 864; x_wconf 64' lang='grc' dir='ltr'>ἴ</span> <span class='ocrx_word' id='word_1_132' title='bbox 126 850 130 864; x_wconf 88' lang='grc' dir='ltr'><strong>ι</strong></span> <span class='ocrx_word' id='word_1_133' title='bbox 146 839 212 869; x_wconf 86' lang='lat' dir='ltr'><strong>tae</strong></span> <span class='ocrx_word' id='word_1_134' title='bbox 229 837 444 878; x_wconf 86' lang='lat' dir='ltr'><strong>exemplum:</strong></span> <span class='ocrx_word' id='word_1_135' title='bbox 475 846 559 877; x_wconf 89' lang='lat' dir='ltr'><strong>quae</strong></span> <span class='ocrx_word' id='word_1_136' title='bbox 582 846 635 869; x_wconf 86' lang='lat' dir='ltr'><strong>res</strong></span> <span class='ocrx_word' id='word_1_137' title='bbox 653 846 728 868; x_wconf 89' lang='lat' dir='ltr'><strong>cum</strong></span> <span class='ocrx_word' id='word_1_138' title='bbox 746 846 790 868; x_wconf 89' lang='lat' dir='ltr'><strong>ne</strong></span> <span class='ocrx_word' id='word_1_139' title='bbox 805 837 842 869; x_wconf 87' lang='lat' dir='ltr'><strong>in</strong></span> <span class='ocrx_word' id='word_1_140' title='bbox 861 834 950 882; x_wconf 81' lang='grc' dir='ltr'>ὔμας</span> <span class='ocrx_word' id='word_1_141' title='bbox 968 837 1046 878; x_wconf 83' lang='lat' dir='ltr'><strong>qui-</strong></span> 
     </span>
     <span class='ocr_line' id='line_1_29' title="bbox 103 881 1046 931; baseline -0.001 -14.017"><span class='ocrx_word' id='word_1_142' title='bbox 103 883 106 885; x_wconf 43' lang='lat'><strong>⁴</strong></span> <span class='ocrx_word' id='word_1_143' title='bbox 126 888 161 917; x_wconf 79' lang='lat' dir='ltr'><strong>et</strong></span> <span class='ocrx_word' id='word_1_144' title='bbox 178 881 265 931; x_wconf 83' lang='grc' dir='ltr'>σφάς</span> <span class='ocrx_word' id='word_1_145' title='bbox 282 884 386 925; x_wconf 85' lang='lat' dir='ltr'><strong>cadat,</strong></span> <span class='ocrx_word' id='word_1_146' title='bbox 409 893 519 925; x_wconf 86' lang='lat' dir='ltr'><strong>neque</strong></span> <span class='ocrx_word' id='word_1_147' title='bbox 536 894 589 926; x_wconf 90' lang='lat' dir='ltr'><strong>ap.</strong></span> <span class='ocrx_word' id='word_1_148' title='bbox 610 885 709 916; x_wconf 88' lang='lat' dir='ltr'><strong>Hom.</strong></span> <span class='ocrx_word' id='word_1_149' title='bbox 731 885 840 916; x_wconf 90' lang='lat' dir='ltr'><strong>ullum</strong></span> <span class='ocrx_word' id='word_1_150' title='bbox 857 885 1046 925; x_wconf 88' lang='lat' dir='ltr'><strong>productio-</strong></span> 
     </span>
     <span class='ocr_line' id='line_1_30' title="bbox 84 931 1046 973; baseline -0.001 -10"><span class='ocrx_word' id='word_1_151' title='bbox 84 931 342 971; x_wconf 62' lang='lat' dir='ltr'><strong>&#39;jdocumentum</strong></span> <span class='ocrx_word' id='word_1_152' title='bbox 360 936 563 973; x_wconf 80' lang='lat' dir='ltr'><strong>compareat,</strong></span> <span class='ocrx_word' id='word_1_153' title='bbox 592 932 776 963; x_wconf 70' lang='lat' dir='ltr'><strong>verisimile</strong></span> <span class='ocrx_word' id='word_1_154' title='bbox 802 936 893 963; x_wconf 88' lang='lat' dir='ltr'><strong>certe</strong></span> <span class='ocrx_word' id='word_1_155' title='bbox 916 931 1046 964; x_wconf 83' lang='lat' dir='ltr'><strong>videbi·</strong></span> 
     </span>
     <span class='ocr_line' id='line_1_31' title="bbox 97 977 1041 1024; baseline 0.002 -13.977"><span class='ocrx_word' id='word_1_156' title='bbox 97 982 115 998; x_wconf 58' lang='lat'><strong>&#39;¹¹</strong></span> <span class='ocrx_word' id='word_1_157' title='bbox 139 979 226 1021; x_wconf 89' lang='lat' dir='ltr'><strong>quod</strong></span> <span class='ocrx_word' id='word_1_158' title='bbox 244 979 342 1011; x_wconf 88' lang='lat' dir='ltr'><strong>initio</strong></span> <span class='ocrx_word' id='word_1_159' title='bbox 358 979 553 1020; x_wconf 87' lang='lat' dir='ltr'><strong>posuimus,</strong></span> <span class='ocrx_word' id='word_1_160' title='bbox 580 979 742 1011; x_wconf 85' lang='lat' dir='ltr'><strong>inclinata</strong></span> <span class='ocrx_word' id='word_1_161' title='bbox 769 977 854 1024; x_wconf 79' lang='grc' dir='ltr'>ἧμιν</span> <span class='ocrx_word' id='word_1_162' title='bbox 878 983 913 1011; x_wconf 88' lang='lat' dir='ltr'><strong>et</strong></span> <span class='ocrx_word' id='word_1_163' title='bbox 935 977 1041 1024; x_wconf 79' lang='grc' dir='ltr'>ἧμας,</span> 
     </span>
     <span class='ocr_line' id='line_1_32' title="bbox 89 1023 1046 1071; baseline 0 -13"><span class='ocrx_word' id='word_1_164' title='bbox 89 1046 103 1071; x_wconf 63' lang='lat'><strong>,2</strong></span> <span class='ocrx_word' id='word_1_165' title='bbox 133 1028 167 1058; x_wconf 85' lang='lat' dir='ltr'><strong>et</strong></span> <span class='ocrx_word' id='word_1_166' title='bbox 182 1023 272 1071; x_wconf 81' lang='grc' dir='ltr'>ὖμας</span> <span class='ocrx_word' id='word_1_167' title='bbox 289 1026 409 1058; x_wconf 89' lang='lat' dir='ltr'><strong>ultima</strong></span> <span class='ocrx_word' id='word_1_168' title='bbox 434 1028 584 1067; x_wconf 87' lang='lat' dir='ltr'><strong>correpta</strong></span> <span class='ocrx_word' id='word_1_169' title='bbox 599 1026 677 1058; x_wconf 86' lang='lat' dir='ltr'><strong>dici.</strong></span> <span class='ocrx_word' id='word_1_170' title='bbox 722 1026 774 1058; x_wconf 91' lang='lat' dir='ltr'><strong>De</strong></span> <span class='ocrx_word' id='word_1_171' title='bbox 800 1027 970 1059; x_wconf 83' lang='lat' dir='ltr'><strong>veteribus</strong></span> <span class='ocrx_word' id='word_1_172' title='bbox 987 1026 1046 1058; x_wconf 92' lang='lat' dir='ltr'><strong>do-</strong></span> 
     </span>
     <span class='ocr_line' id='line_1_33' title="bbox 92 1066 1045 1115; baseline 0.001 -10"><span class='ocrx_word' id='word_1_173' title='bbox 92 1066 106 1110; x_wconf 62' lang='lat'><em>}</em></span> <span class='ocrx_word' id='word_1_174' title='bbox 127 1082 180 1105; x_wconf 86' lang='lat' dir='ltr'><strong>us</strong></span> <span class='ocrx_word' id='word_1_175' title='bbox 195 1076 235 1105; x_wconf 91' lang='lat' dir='ltr'><strong>ut</strong></span> <span class='ocrx_word' id='word_1_176' title='bbox 251 1073 410 1114; x_wconf 89' lang='lat' dir='ltr'><strong>dicamus,</strong></span> <span class='ocrx_word' id='word_1_177' title='bbox 432 1074 529 1113; x_wconf 88' lang='lat' dir='ltr'><strong>longe</strong></span> <span class='ocrx_word' id='word_1_178' title='bbox 545 1074 698 1106; x_wconf 89' lang='lat' dir='ltr'><strong>testatior</strong></span> <span class='ocrx_word' id='word_1_179' title='bbox 709 1074 927 1114; x_wconf 79' lang='lat' dir='ltr'><strong>peninflexus</strong></span> <span class='ocrx_word' id='word_1_180' title='bbox 945 1083 1045 1115; x_wconf 84' lang='lat' dir='ltr'><strong>quam</strong></span> 
     </span>
     <span class='ocr_line' id='line_1_34' title="bbox 88 1118 1041 1164; baseline 0.001 -12"><span class='ocrx_word' id='word_1_181' title='bbox 88 1124 106 1164; x_wconf 39' lang='grc' dir='ltr'><strong>[ι</strong></span> <span class='ocrx_word' id='word_1_182' title='bbox 131 1123 222 1152; x_wconf 86' lang='lat' dir='ltr'><strong>utus</strong></span> <span class='ocrx_word' id='word_1_183' title='bbox 238 1124 338 1153; x_wconf 89' lang='lat' dir='ltr'><strong>tonus</strong></span> <span class='ocrx_word' id='word_1_184' title='bbox 355 1124 417 1153; x_wconf 88' lang='lat' dir='ltr'><strong>est.</strong></span> <span class='ocrx_word' id='word_1_185' title='bbox 456 1121 557 1152; x_wconf 91' lang='lat' dir='ltr'><strong>Illum</strong></span> <span class='ocrx_word' id='word_1_186' title='bbox 583 1124 724 1152; x_wconf 91' lang='lat' dir='ltr'><strong>tuentur</strong></span> <span class='ocrx_word' id='word_1_187' title='bbox 739 1122 850 1162; x_wconf 84' lang='lat' dir='ltr'><strong>Apoll.</strong></span> <span class='ocrx_word' id='word_1_188' title='bbox 871 1131 905 1162; x_wconf 90' lang='lat' dir='ltr'><strong>p.</strong></span> <span class='ocrx_word' id='word_1_189' title='bbox 929 1118 994 1153; x_wconf 87' lang='grc'><strong>123</strong></span> <span class='ocrx_word' id='word_1_190' title='bbox 1012 1131 1041 1152; x_wconf 87' lang='lat' dir='ltr'><strong>a.</strong></span> 
     </span>
     <span class='ocr_line' id='line_1_35' title="bbox 114 1164 1039 1212; baseline -0.001 -11"><span class='ocrx_word' id='word_1_191' title='bbox 114 1177 150 1201; x_wconf 70' lang='lat' dir='ltr'><strong>v.</strong></span> <span class='ocrx_word' id='word_1_192' title='bbox 167 1164 259 1212; x_wconf 72' lang='grc' dir='ltr'>ἄμμι</span> <span class='ocrx_word' id='word_1_193' title='bbox 275 1177 308 1209; x_wconf 88' lang='lat' dir='ltr'><strong>p.</strong></span> <span class='ocrx_word' id='word_1_194' title='bbox 330 1165 388 1208; x_wconf 86' lang='lat'><strong>84,</strong></span> <span class='ocrx_word' id='word_1_195' title='bbox 411 1164 465 1200; x_wconf 88' lang='lat'><strong>15.</strong></span> <span class='ocrx_word' id='word_1_196' title='bbox 495 1168 592 1199; x_wconf 88' lang='lat' dir='ltr'><strong>Eust.</strong></span> <span class='ocrx_word' id='word_1_197' title='bbox 614 1178 647 1209; x_wconf 90' lang='lat' dir='ltr'><strong>p.</strong></span> <span class='ocrx_word' id='word_1_198' title='bbox 664 1165 834 1209; x_wconf 79' lang='lat'><strong>1824,44.</strong></span> <span class='ocrx_word' id='word_1_199' title='bbox 859 1164 959 1209; x_wconf 83' lang='lat'><strong>1891,</strong></span> <span class='ocrx_word' id='word_1_200' title='bbox 975 1164 1039 1208; x_wconf 86' lang='grc'><strong>28;</strong></span> 
     </span>
     <span class='ocr_line' id='line_1_36' title="bbox 151 1211 1046 1257; baseline -0.001 -10.062"><span class='ocrx_word' id='word_1_201' title='bbox 151 1213 280 1247; x_wconf 77' lang='lat' dir='ltr'><strong>Charax</strong></span> <span class='ocrx_word' id='word_1_202' title='bbox 304 1225 339 1257; x_wconf 90' lang='lat' dir='ltr'><strong>p.</strong></span> <span class='ocrx_word' id='word_1_203' title='bbox 362 1211 463 1247; x_wconf 96' lang='grc'>1150.</span> <span class='ocrx_word' id='word_1_204' title='bbox 508 1215 615 1247; x_wconf 85' lang='lat' dir='ltr'><strong>Bekk.</strong></span> <span class='ocrx_word' id='word_1_205' title='bbox 638 1215 728 1247; x_wconf 87' lang='lat' dir='ltr'><strong>Gaza</strong></span> <span class='ocrx_word' id='word_1_206' title='bbox 745 1212 777 1247; x_wconf 90' lang='lat'><strong>3.</strong></span> <span class='ocrx_word' id='word_1_207' title='bbox 799 1226 832 1257; x_wconf 90' lang='lat' dir='ltr'><strong>p.</strong></span> <span class='ocrx_word' id='word_1_208' title='bbox 858 1213 935 1248; x_wconf 95' lang='grc'>178.</span> <span class='ocrx_word' id='word_1_209' title='bbox 981 1214 1046 1248; x_wconf 86' lang='lat' dir='ltr'><strong>Sed</strong></span> 
     </span>
     <span class='ocr_line' id='line_1_37' title="bbox 155 1261 1046 1304; baseline 0 -10"><span class='ocrx_word' id='word_1_210' title='bbox 155 1261 211 1294; x_wconf 91' lang='lat' dir='ltr'><strong>do</strong></span> <span class='ocrx_word' id='word_1_211' title='bbox 235 1262 388 1294; x_wconf 85' lang='lat' dir='ltr'><strong>ultimam</strong></span> <span class='ocrx_word' id='word_1_212' title='bbox 415 1267 599 1303; x_wconf 84' lang='lat' dir='ltr'><strong>correptam</strong></span> <span class='ocrx_word' id='word_1_213' title='bbox 624 1263 721 1302; x_wconf 88' lang='lat' dir='ltr'><strong>acui,</strong></span> <span class='ocrx_word' id='word_1_214' title='bbox 749 1272 834 1304; x_wconf 89' lang='lat' dir='ltr'><strong>quae</strong></span> <span class='ocrx_word' id='word_1_215' title='bbox 859 1266 911 1294; x_wconf 90' lang='lat' dir='ltr'><strong>est</strong></span> <span class='ocrx_word' id='word_1_216' title='bbox 936 1263 1046 1295; x_wconf 80' lang='lat' dir='ltr'><strong>Gazae</strong></span> 
     </span>
     <span class='ocr_line' id='line_1_38' title="bbox 109 1309 1047 1351; baseline 0.001 -10"><span class='ocrx_word' id='word_1_217' title='bbox 109 1323 122 1329; x_wconf 71' lang='lat'><strong>,.</strong></span> <span class='ocrx_word' id='word_1_218' title='bbox 142 1309 215 1351; x_wconf 64' lang='lat' dir='ltr'><strong>etia,</strong></span> <span class='ocrx_word' id='word_1_219' title='bbox 234 1310 310 1350; x_wconf 89' lang='lat' dir='ltr'><strong>etsi,</strong></span> <span class='ocrx_word' id='word_1_220' title='bbox 332 1310 512 1351; x_wconf 89' lang='lat' dir='ltr'><strong>quandoid</strong></span> <span class='ocrx_word' id='word_1_221' title='bbox 530 1311 599 1349; x_wconf 83' lang='lat' dir='ltr'><strong>flat,</strong></span> <span class='ocrx_word' id='word_1_222' title='bbox 620 1319 686 1341; x_wconf 91' lang='lat' dir='ltr'><strong>non</strong></span> <span class='ocrx_word' id='word_1_223' title='bbox 701 1310 805 1350; x_wconf 88' lang='lat' dir='ltr'><strong>docet,</strong></span> <span class='ocrx_word' id='word_1_224' title='bbox 826 1311 942 1342; x_wconf 85' lang='lat' dir='ltr'><strong>Herm.</strong></span> <span class='ocrx_word' id='word_1_225' title='bbox 963 1319 1047 1351; x_wconf 89' lang='lat' dir='ltr'><strong>quo-</strong></span> 
     </span>
     <span class='ocr_line' id='line_1_39' title="bbox 110 1354 1048 1398; baseline -0.001 -10.015"><span class='ocrx_word' id='word_1_226' title='bbox 110 1363 194 1388; x_wconf 76' lang='lat' dir='ltr'><strong>=cnm</strong></span> <span class='ocrx_word' id='word_1_227' title='bbox 209 1356 246 1388; x_wconf 91' lang='lat' dir='ltr'><strong>in</strong></span> <span class='ocrx_word' id='word_1_228' title='bbox 262 1356 348 1388; x_wconf 92' lang='lat' dir='ltr'><strong>libro</strong></span> <span class='ocrx_word' id='word_1_229' title='bbox 365 1357 406 1388; x_wconf 89' lang='lat' dir='ltr'><strong>de</strong></span> <span class='ocrx_word' id='word_1_230' title='bbox 423 1366 487 1388; x_wconf 87' lang='lat' dir='ltr'><strong>ern.</strong></span> <span class='ocrx_word' id='word_1_231' title='bbox 515 1367 542 1388; x_wconf 89' lang='lat' dir='ltr'><strong>r.</strong></span> <span class='ocrx_word' id='word_1_232' title='bbox 571 1366 618 1397; x_wconf 85' lang='lat' dir='ltr'><strong>gr.</strong></span> <span class='ocrx_word' id='word_1_233' title='bbox 639 1366 686 1397; x_wconf 87' lang='lat' dir='ltr'><strong>gr.</strong></span> <span class='ocrx_word' id='word_1_234' title='bbox 708 1366 743 1398; x_wconf 91' lang='lat' dir='ltr'><strong>p.</strong></span> <span class='ocrx_word' id='word_1_235' title='bbox 763 1354 809 1389; x_wconf 83' lang='lat'><strong>79</strong></span> <span class='ocrx_word' id='word_1_236' title='bbox 827 1357 992 1397; x_wconf 83' lang='lat' dir='ltr'><strong>decrevit,</strong></span> <span class='ocrx_word' id='word_1_237' title='bbox 1014 1361 1048 1388; x_wconf 86' lang='lat' dir='ltr'><strong>et</strong></span> 
     </span>
     <span class='ocr_line' id='line_1_40' title="bbox 94 1403 1047 1448; baseline 0 -13"><span class='ocrx_word' id='word_1_238' title='bbox 94 1417 150 1448; x_wconf 39' lang='lat' dir='ltr'><strong>gr·-</strong></span> <span class='ocrx_word' id='word_1_239' title='bbox 174 1404 222 1436; x_wconf 87' lang='lat' dir='ltr'><strong>ita</strong></span> <span class='ocrx_word' id='word_1_240' title='bbox 238 1404 275 1435; x_wconf 90' lang='lat' dir='ltr'><strong>in</strong></span> <span class='ocrx_word' id='word_1_241' title='bbox 293 1404 426 1444; x_wconf 82' lang='lat' dir='ltr'><strong>tragicis</strong></span> <span class='ocrx_word' id='word_1_242' title='bbox 450 1403 591 1435; x_wconf 88' lang='lat' dir='ltr'><strong>edendis</strong></span> <span class='ocrx_word' id='word_1_243' title='bbox 618 1405 718 1436; x_wconf 84' lang='lat' dir='ltr'><strong>scribi</strong></span> <span class='ocrx_word' id='word_1_244' title='bbox 744 1405 892 1436; x_wconf 85' lang='lat' dir='ltr'><strong>curavit:</strong></span> <span class='ocrx_word' id='word_1_245' title='bbox 921 1405 1047 1446; x_wconf 86' lang='lat' dir='ltr'><strong>quippe</strong></span> 
     </span>
     <span class='ocr_line' id='line_1_41' title="bbox 105 1447 1048 1496; baseline -0.001 -12"><span class='ocrx_word' id='word_1_246' title='bbox 105 1448 138 1478; x_wconf 68' lang='grc' dir='ltr'>’ἷιι</span> <span class='ocrx_word' id='word_1_247' title='bbox 189 1461 246 1496; x_wconf 83' lang='grc' dir='ltr'><strong>μιν</strong></span> <span class='ocrx_word' id='word_1_248' title='bbox 263 1447 343 1495; x_wconf 71' lang='grc' dir='ltr'>ὕμιν</span> <span class='ocrx_word' id='word_1_249' title='bbox 360 1451 566 1483; x_wconf 88' lang='lat' dir='ltr'><strong>inclinandis</strong></span> <span class='ocrx_word' id='word_1_250' title='bbox 584 1451 725 1483; x_wconf 89' lang='lat' dir='ltr'><strong>eandem</strong></span> <span class='ocrx_word' id='word_1_251' title='bbox 750 1455 850 1492; x_wconf 89' lang='lat' dir='ltr'><strong>atque</strong></span> <span class='ocrx_word' id='word_1_252' title='bbox 871 1453 908 1483; x_wconf 89' lang='lat' dir='ltr'><strong>in</strong></span> <span class='ocrx_word' id='word_1_253' title='bbox 927 1452 1048 1483; x_wconf 85' lang='lat' dir='ltr'><strong>ceteris</strong></span> 
     </span>
     <span class='ocr_line' id='line_1_42' title="bbox 108 1498 1048 1540; baseline -0.002 -8"><span class='ocrx_word' id='word_1_254' title='bbox 108 1528 113 1532; x_wconf 71' lang='lat'><strong>.</strong></span> <span class='ocrx_word' id='word_1_255' title='bbox 170 1498 196 1525; x_wconf 83' lang='grc' dir='ltr'><strong>ι’</strong></span> <span class='ocrx_word' id='word_1_256' title='bbox 229 1498 461 1540; x_wconf 88' lang='lat' dir='ltr'><strong>praecedentis</strong></span> <span class='ocrx_word' id='word_1_257' title='bbox 496 1499 648 1530; x_wconf 81' lang='lat' dir='ltr'><strong>vocabuli</strong></span> <span class='ocrx_word' id='word_1_258' title='bbox 674 1499 836 1530; x_wconf 86' lang='lat' dir='ltr'><strong>rationem</strong></span> <span class='ocrx_word' id='word_1_259' title='bbox 861 1499 1048 1530; x_wconf 85' lang='lat' dir='ltr'><strong>habendam</strong></span> 
     </span>
     <span class='ocr_line' id='line_1_43' title="bbox 93 1545 1048 1587; baseline -0.003 -7"><span class='ocrx_word' id='word_1_260' title='bbox 93 1545 190 1580; x_wconf 53' lang='lat' dir='ltr'><strong>„sibi</strong></span> <span class='ocrx_word' id='word_1_261' title='bbox 205 1545 439 1587; x_wconf 88' lang='lat' dir='ltr'><strong>persuasisset.</strong></span> <span class='ocrx_word' id='word_1_262' title='bbox 485 1545 550 1578; x_wconf 88' lang='lat' dir='ltr'><strong>Sed</strong></span> <span class='ocrx_word' id='word_1_263' title='bbox 569 1546 679 1578; x_wconf 85' lang='lat' dir='ltr'><strong>Gazae</strong></span> <span class='ocrx_word' id='word_1_264' title='bbox 702 1546 837 1587; x_wconf 91' lang='lat' dir='ltr'><strong>quidem</strong></span> <span class='ocrx_word' id='word_1_265' title='bbox 864 1547 959 1577; x_wconf 91' lang='lat' dir='ltr'><strong>nulla</strong></span> <span class='ocrx_word' id='word_1_266' title='bbox 982 1547 1048 1577; x_wconf 89' lang='lat' dir='ltr'><strong>nisi</strong></span> 
     </span>
     <span class='ocr_line' id='line_1_44' title="bbox 97 1590 1048 1634; baseline 0.001 -10"><span class='ocrx_word' id='word_1_267' title='bbox 97 1590 350 1634; x_wconf 52' lang='grc' dir='ltr'>Τιτίᾳιιίοῐίὶιιιε</span> <span class='ocrx_word' id='word_1_268' title='bbox 385 1593 486 1634; x_wconf 73' lang='lat' dir='ltr'><strong>fides,</strong></span> <span class='ocrx_word' id='word_1_269' title='bbox 522 1593 632 1634; x_wconf 86' lang='lat' dir='ltr'><strong>Apoll.</strong></span> <span class='ocrx_word' id='word_1_270' title='bbox 662 1593 685 1624; x_wconf 95' lang='lat' dir='ltr'><strong>l.</strong></span> <span class='ocrx_word' id='word_1_271' title='bbox 715 1603 743 1625; x_wconf 89' lang='lat' dir='ltr'><strong>c.</strong></span> <span class='ocrx_word' id='word_1_272' title='bbox 772 1603 838 1625; x_wconf 90' lang='lat' dir='ltr'><strong>non</strong></span> <span class='ocrx_word' id='word_1_273' title='bbox 863 1594 904 1625; x_wconf 89' lang='lat' dir='ltr'><strong>de</strong></span> <span class='ocrx_word' id='word_1_274' title='bbox 929 1594 1048 1625; x_wconf 91' lang='lat' dir='ltr'><strong>Ionum</strong></span> 
     </span>
     <span class='ocr_line' id='line_1_45' title="bbox 103 1637 1047 1681; baseline -0.001 -9"><span class='ocrx_word' id='word_1_275' title='bbox 103 1637 131 1678; x_wconf 59' lang='grc' dir='ltr'>’ξι</span> <span class='ocrx_word' id='word_1_276' title='bbox 149 1639 224 1672; x_wconf 76' lang='lat' dir='ltr'><strong>ueri</strong></span> <span class='ocrx_word' id='word_1_277' title='bbox 242 1640 487 1672; x_wconf 89' lang='lat' dir='ltr'><strong>consuetudine</strong></span> <span class='ocrx_word' id='word_1_278' title='bbox 502 1640 652 1681; x_wconf 88' lang='lat' dir='ltr'><strong>loquitur</strong></span> <span class='ocrx_word' id='word_1_279' title='bbox 663 1665 671 1680; x_wconf 92' lang='lat'><strong>,</strong></span> <span class='ocrx_word' id='word_1_280' title='bbox 692 1650 778 1681; x_wconf 87' lang='lat' dir='ltr'><strong>quae</strong></span> <span class='ocrx_word' id='word_1_281' title='bbox 795 1641 831 1672; x_wconf 92' lang='lat' dir='ltr'><strong>in</strong></span> <span class='ocrx_word' id='word_1_282' title='bbox 849 1641 1047 1681; x_wconf 82' lang='lat' dir='ltr'><strong>tragicorum</strong></span> 
     </span>
     <span class='ocr_line' id='line_1_46' title="bbox 115 1686 1044 1729; baseline 0.001 -11"><span class='ocrx_word' id='word_1_283' title='bbox 115 1686 119 1691; x_wconf 74' lang='grc'><strong>“</strong></span> <span class='ocrx_word' id='word_1_284' title='bbox 141 1687 314 1720; x_wconf 84' lang='lat' dir='ltr'><strong>etudinem</strong></span> <span class='ocrx_word' id='word_1_285' title='bbox 330 1688 481 1728; x_wconf 81' lang='lat' dir='ltr'><strong>influxit,</strong></span> <span class='ocrx_word' id='word_1_286' title='bbox 502 1688 560 1719; x_wconf 88' lang='lat' dir='ltr'><strong>sed</strong></span> <span class='ocrx_word' id='word_1_287' title='bbox 577 1687 618 1719; x_wconf 88' lang='lat' dir='ltr'><strong>de</strong></span> <span class='ocrx_word' id='word_1_288' title='bbox 630 1687 792 1720; x_wconf 91' lang='lat' dir='ltr'><strong>Alcmane</strong></span> <span class='ocrx_word' id='word_1_289' title='bbox 811 1692 845 1719; x_wconf 90' lang='lat' dir='ltr'><strong>et</strong></span> <span class='ocrx_word' id='word_1_290' title='bbox 861 1688 1044 1729; x_wconf 88' lang='lat' dir='ltr'><strong>Sophrone.</strong></span> 
     </span>
     <span class='ocr_line' id='line_1_47' title="bbox 102 1732 1048 1776; baseline 0 -10"><span class='ocrx_word' id='word_1_291' title='bbox 102 1747 119 1760; x_wconf 68' lang='grc' dir='ltr'><strong>ιι</strong></span> <span class='ocrx_word' id='word_1_292' title='bbox 131 1742 252 1775; x_wconf 79' lang='lat' dir='ltr'><strong>,quem</strong></span> <span class='ocrx_word' id='word_1_293' title='bbox 263 1734 495 1766; x_wconf 88' lang='lat' dir='ltr'><strong>Herodianum</strong></span> <span class='ocrx_word' id='word_1_294' title='bbox 508 1744 582 1766; x_wconf 90' lang='lat' dir='ltr'><strong>esse</strong></span> <span class='ocrx_word' id='word_1_295' title='bbox 596 1739 767 1776; x_wconf 87' lang='lat' dir='ltr'><strong>putamus,</strong></span> <span class='ocrx_word' id='word_1_296' title='bbox 784 1737 886 1768; x_wconf 84' lang='lat' dir='ltr'><strong>verba</strong></span> <span class='ocrx_word' id='word_1_297' title='bbox 898 1745 932 1776; x_wconf 84' lang='lat' dir='ltr'><strong>p.</strong></span> <span class='ocrx_word' id='word_1_298' title='bbox 944 1732 1013 1768; x_wconf 86' lang='lat'><strong>233</strong></span> <span class='ocrx_word' id='word_1_299' title='bbox 1027 1736 1048 1766; x_wconf 91' lang='lat' dir='ltr'><strong>b</strong></span> 
     </span>
     <span class='ocr_line' id='line_1_48' title="bbox 103 1779 1047 1823; baseline 0.001 -10"><span class='ocrx_word' id='word_1_300' title='bbox 103 1781 105 1783; x_wconf 80' lang='grc'>’</span> <span class='ocrx_word' id='word_1_301' title='bbox 120 1794 125 1807; x_wconf 75' lang='grc' dir='ltr'><strong>ι</strong></span> <span class='ocrx_word' id='word_1_302' title='bbox 139 1781 354 1814; x_wconf 79' lang='lat' dir='ltr'><strong>emendatius</strong></span> <span class='ocrx_word' id='word_1_303' title='bbox 366 1782 527 1822; x_wconf 83' lang='lat' dir='ltr'><strong>leguntur</strong></span> <span class='ocrx_word' id='word_1_304' title='bbox 543 1792 597 1823; x_wconf 88' lang='lat' dir='ltr'><strong>ap.</strong></span> <span class='ocrx_word' id='word_1_305' title='bbox 613 1783 690 1814; x_wconf 85' lang='lat' dir='ltr'><strong>Arc.</strong></span> <span class='ocrx_word' id='word_1_306' title='bbox 710 1792 744 1823; x_wconf 89' lang='lat' dir='ltr'><strong>p.</strong></span> <span class='ocrx_word' id='word_1_307' title='bbox 761 1779 839 1823; x_wconf 83' lang='lat'><strong>145,</strong></span> <span class='ocrx_word' id='word_1_308' title='bbox 860 1783 951 1814; x_wconf 88' lang='lat' dir='ltr'><strong>unde</strong></span> <span class='ocrx_word' id='word_1_309' title='bbox 970 1783 1047 1814; x_wconf 91' lang='lat' dir='ltr'><strong>nul-</strong></span> 
     </span>
     <span class='ocr_line' id='line_1_49' title="bbox 99 1829 1050 1873; baseline 0.001 -14"><span class='ocrx_word' id='word_1_310' title='bbox 99 1830 264 1873; x_wconf 59' lang='lat' dir='ltr'><strong>{prorsus</strong></span> <span class='ocrx_word' id='word_1_311' title='bbox 286 1829 518 1869; x_wconf 89' lang='lat' dir='ltr'><strong>praecedentis</strong></span> <span class='ocrx_word' id='word_1_312' title='bbox 547 1830 699 1861; x_wconf 83' lang='lat' dir='ltr'><strong>vocabuli</strong></span> <span class='ocrx_word' id='word_1_313' title='bbox 718 1831 880 1862; x_wconf 89' lang='lat' dir='ltr'><strong>rationem</strong></span> <span class='ocrx_word' id='word_1_314' title='bbox 897 1830 933 1861; x_wconf 92' lang='lat' dir='ltr'><strong>in</strong></span> <span class='ocrx_word' id='word_1_315' title='bbox 951 1830 1050 1860; x_wconf 90' lang='lat' dir='ltr'><strong>incli-</strong></span> 
     </span>
     <span class='ocr_line' id='line_1_50' title="bbox 107 1876 1050 1917; baseline 0.001 -10"><span class='ocrx_word' id='word_1_316' title='bbox 107 1881 119 1892; x_wconf 68' lang='grc'><strong>’“·</strong></span> <span class='ocrx_word' id='word_1_317' title='bbox 148 1888 153 1903; x_wconf 74' lang='lat' dir='ltr'><strong><em>z</em></strong></span> <span class='ocrx_word' id='word_1_318' title='bbox 174 1879 317 1917; x_wconf 88' lang='lat' dir='ltr'><strong>quatuor</strong></span> <span class='ocrx_word' id='word_1_319' title='bbox 339 1885 505 1908; x_wconf 87' lang='lat' dir='ltr'><strong>morarum</strong></span> <span class='ocrx_word' id='word_1_320' title='bbox 522 1877 658 1908; x_wconf 88' lang='lat' dir='ltr'><strong>vocibus</strong></span> <span class='ocrx_word' id='word_1_321' title='bbox 675 1876 862 1908; x_wconf 88' lang='lat' dir='ltr'><strong>habendam</strong></span> <span class='ocrx_word' id='word_1_322' title='bbox 879 1886 952 1908; x_wconf 89' lang='lat' dir='ltr'><strong>esse</strong></span> <span class='ocrx_word' id='word_1_323' title='bbox 970 1886 1050 1908; x_wconf 91' lang='lat' dir='ltr'><strong>con-</strong></span> 
     </span>
     <span class='ocr_line' id='line_1_51' title="bbox 113 1920 1049 1968; baseline 0.001 -14"><span class='ocrx_word' id='word_1_324' title='bbox 113 1947 132 1958; x_wconf 92' lang='grc'><strong>.</strong></span> <span class='ocrx_word' id='word_1_325' title='bbox 151 1923 363 1955; x_wconf 78' lang='lat' dir='ltr'><strong>scribendum</strong></span> <span class='ocrx_word' id='word_1_326' title='bbox 387 1932 464 1955; x_wconf 89' lang='lat' dir='ltr'><strong>vero</strong></span> <span class='ocrx_word' id='word_1_327' title='bbox 481 1920 614 1956; x_wconf 80' lang='grc' dir='ltr'>ἔδωκαν</span> <span class='ocrx_word' id='word_1_328' title='bbox 640 1922 725 1968; x_wconf 78' lang='grc' dir='ltr'>ἧμιν</span> <span class='ocrx_word' id='word_1_329' title='bbox 750 1924 838 1965; x_wconf 88' lang='lat' dir='ltr'><strong>apud</strong></span> <span class='ocrx_word' id='word_1_330' title='bbox 856 1934 953 1964; x_wconf 86' lang='lat' dir='ltr'><strong>eum,</strong></span> <span class='ocrx_word' id='word_1_331' title='bbox 983 1933 1049 1955; x_wconf 92' lang='lat' dir='ltr'><strong>non</strong></span> 
     </span>
     <span class='ocr_line' id='line_1_52' title="bbox 76 1968 1050 2012; baseline 0 -10"><span class='ocrx_word' id='word_1_332' title='bbox 76 1971 79 1975; x_wconf 78' lang='grc'><strong>“</strong></span> <span class='ocrx_word' id='word_1_333' title='bbox 123 1992 136 2009; x_wconf 63' lang='lat' dir='ltr'><strong>e</strong></span> <span class='ocrx_word' id='word_1_334' title='bbox 177 1969 292 2002; x_wconf 81' lang='lat' dir='ltr'><strong>Altero</strong></span> <span class='ocrx_word' id='word_1_335' title='bbox 313 1974 427 2002; x_wconf 90' lang='lat' dir='ltr'><strong>autem</strong></span> <span class='ocrx_word' id='word_1_336' title='bbox 443 1970 578 2002; x_wconf 89' lang='lat' dir='ltr'><strong>Arcadii</strong></span> <span class='ocrx_word' id='word_1_337' title='bbox 601 1971 672 2003; x_wconf 79' lang='lat' dir='ltr'><strong>loco</strong></span> <span class='ocrx_word' id='word_1_338' title='bbox 695 1981 728 2012; x_wconf 89' lang='lat' dir='ltr'><strong>p.</strong></span> <span class='ocrx_word' id='word_1_339' title='bbox 752 1968 837 2012; x_wconf 92' lang='lat'><strong>141,</strong></span> <span class='ocrx_word' id='word_1_340' title='bbox 863 1981 928 2012; x_wconf 91' lang='lat' dir='ltr'><strong>quo</strong></span> <span class='ocrx_word' id='word_1_341' title='bbox 951 1972 1050 2012; x_wconf 89' lang='lat' dir='ltr'><strong>plane</strong></span> 
     </span>
     <span class='ocr_line' id='line_1_53' title="bbox 44 2015 1049 2063; baseline 0.004 -16"><span class='ocrx_word' id='word_1_342' title='bbox 44 2028 46 2046; x_wconf 66' lang='grc' dir='ltr'><strong>ι,</strong></span> <span class='ocrx_word' id='word_1_343' title='bbox 173 2017 241 2049; x_wconf 90' lang='lat' dir='ltr'><strong>&#39;um</strong></span> <span class='ocrx_word' id='word_1_344' title='bbox 250 2017 403 2050; x_wconf 84' lang='lat' dir='ltr'><strong>videatur</strong></span> <span class='ocrx_word' id='word_1_345' title='bbox 416 2018 537 2058; x_wconf 88' lang='lat' dir='ltr'><strong>doceri,</strong></span> <span class='ocrx_word' id='word_1_346' title='bbox 554 2019 751 2059; x_wconf 80' lang='lat' dir='ltr'><strong>exemplum</strong></span> <span class='ocrx_word' id='word_1_347' title='bbox 765 2015 949 2063; x_wconf 78' lang='grc' dir='ltr'>μεταμέλει</span> <span class='ocrx_word' id='word_1_348' title='bbox 963 2016 1049 2063; x_wconf 82' lang='grc' dir='ltr'>ἡμῖν</span> 
     </span>
     <span class='ocr_line' id='line_1_54' title="bbox 39 2054 1050 2106; baseline 0 -9"><span class='ocrx_word' id='word_1_349' title='bbox 39 2095 41 2097; x_wconf 91' lang='grc'>.</span> <span class='ocrx_word' id='word_1_350' title='bbox 128 2054 326 2096; x_wconf 51' lang='lat' dir='ltr'><strong>v‘vitiosum</strong></span> <span class='ocrx_word' id='word_1_351' title='bbox 343 2068 416 2105; x_wconf 87' lang='lat' dir='ltr'><strong>est,</strong></span> <span class='ocrx_word' id='word_1_352' title='bbox 444 2075 521 2096; x_wconf 91' lang='lat' dir='ltr'><strong>cum</strong></span> <span class='ocrx_word' id='word_1_353' title='bbox 546 2075 612 2097; x_wconf 92' lang='lat' dir='ltr'><strong>non</strong></span> <span class='ocrx_word' id='word_1_354' title='bbox 639 2066 817 2097; x_wconf 87' lang='lat' dir='ltr'><strong>conveniat</strong></span> <span class='ocrx_word' id='word_1_355' title='bbox 842 2066 939 2106; x_wconf 88' lang='lat' dir='ltr'><strong>huic,</strong></span> <span class='ocrx_word' id='word_1_356' title='bbox 962 2066 1050 2106; x_wconf 90' lang='lat' dir='ltr'><strong>quod</strong></span> 
     </span>
     <span class='ocr_line' id='line_1_55' title="bbox 102 2112 1049 2154; baseline 0.002 -12"><span class='ocrx_word' id='word_1_357' title='bbox 102 2113 270 2143; x_wconf 50' lang='lat' dir='ltr'><strong>“runicus</strong></span> <span class='ocrx_word' id='word_1_358' title='bbox 286 2112 386 2152; x_wconf 91' lang='lat' dir='ltr'><strong>dicit,</strong></span> <span class='ocrx_word' id='word_1_359' title='bbox 418 2112 590 2144; x_wconf 85' lang='lat' dir='ltr'><strong>encliticas</strong></span> <span class='ocrx_word' id='word_1_360' title='bbox 606 2113 828 2154; x_wconf 88' lang='lat' dir='ltr'><strong>praecedente</strong></span> <span class='ocrx_word' id='word_1_361' title='bbox 845 2117 1049 2154; x_wconf 83' lang='lat' dir='ltr'><strong>paroxytono</strong></span> 
     </span>
     <span class='ocr_line' id='line_1_56' title="bbox 103 2157 1051 2203; baseline 0.001 -13"><span class='ocrx_word' id='word_1_362' title='bbox 103 2162 129 2203; x_wconf 45' lang='grc' dir='ltr'><strong>ῥ-</strong></span> <span class='ocrx_word' id='word_1_363' title='bbox 147 2157 192 2190; x_wconf 73' lang='lat' dir='ltr'><strong>»lo</strong></span> <span class='ocrx_word' id='word_1_364' title='bbox 210 2168 308 2191; x_wconf 87' lang='lat' dir='ltr'><strong>suum</strong></span> <span class='ocrx_word' id='word_1_365' title='bbox 324 2168 455 2191; x_wconf 85' lang='lat' dir='ltr'><strong>servare</strong></span> <span class='ocrx_word' id='word_1_366' title='bbox 473 2163 659 2200; x_wconf 87' lang='lat' dir='ltr'><strong>accentum,</strong></span> <span class='ocrx_word' id='word_1_367' title='bbox 686 2164 724 2192; x_wconf 90' lang='lat' dir='ltr'><strong>ut</strong></span> <span class='ocrx_word' id='word_1_368' title='bbox 742 2160 988 2192; x_wconf 89' lang='lat' dir='ltr'><strong>emendandum</strong></span> <span class='ocrx_word' id='word_1_369' title='bbox 1006 2159 1051 2191; x_wconf 93' lang='lat' dir='ltr'><strong>sit</strong></span> 
     </span>
     <span class='ocr_line' id='line_1_57' title="bbox 48 2202 1049 2251; baseline -0.001 -12"><span class='ocrx_word' id='word_1_370' title='bbox 48 2203 49 2206; x_wconf 34' lang='lat'>¹</span> <span class='ocrx_word' id='word_1_371' title='bbox 101 2245 104 2251; x_wconf 33' lang='grc' dir='ltr'>Ι</span> <span class='ocrx_word' id='word_1_372' title='bbox 123 2224 129 2235; x_wconf 62' lang='grc' dir='ltr'><strong>ι</strong></span> <span class='ocrx_word' id='word_1_373' title='bbox 147 2202 150 2207; x_wconf 69' lang='grc'>’</span> <span class='ocrx_word' id='word_1_374' title='bbox 182 2215 223 2239; x_wconf 82' lang='grc' dir='ltr'><strong>ει</strong></span> <span class='ocrx_word' id='word_1_375' title='bbox 243 2203 309 2239; x_wconf 86' lang='grc' dir='ltr'>τινί</span> <span class='ocrx_word' id='word_1_376' title='bbox 334 2206 386 2238; x_wconf 87' lang='lat' dir='ltr'><strong>vel</strong></span> <span class='ocrx_word' id='word_1_377' title='bbox 411 2206 523 2238; x_wconf 86' lang='lat' dir='ltr'><strong>simile</strong></span> <span class='ocrx_word' id='word_1_378' title='bbox 540 2207 710 2248; x_wconf 85' lang='lat' dir='ltr'><strong>quiddam.</strong></span> <span class='ocrx_word' id='word_1_379' title='bbox 754 2207 844 2246; x_wconf 89' lang='lat' dir='ltr'><strong>Quin</strong></span> <span class='ocrx_word' id='word_1_380' title='bbox 869 2208 1049 2239; x_wconf 76' lang='lat' dir='ltr'><strong>manifesto</strong></span> 
     </span>
     <span class='ocr_line' id='line_1_58' title="bbox 103 2251 1044 2297; baseline 0.001 -13"><span class='ocrx_word' id='word_1_381' title='bbox 103 2254 229 2284; x_wconf 82' lang='lat' dir='ltr'><strong>atur</strong></span> <span class='ocrx_word' id='word_1_382' title='bbox 244 2253 355 2295; x_wconf 85' lang='lat' dir='ltr'><strong>Apoll.</strong></span> <span class='ocrx_word' id='word_1_383' title='bbox 375 2253 398 2285; x_wconf 92' lang='lat' dir='ltr'><strong>l.</strong></span> <span class='ocrx_word' id='word_1_384' title='bbox 421 2263 448 2285; x_wconf 91' lang='lat' dir='ltr'><strong>c.</strong></span> <span class='ocrx_word' id='word_1_385' title='bbox 468 2263 502 2294; x_wconf 92' lang='lat' dir='ltr'><strong>p.</strong></span> <span class='ocrx_word' id='word_1_386' title='bbox 526 2251 626 2286; x_wconf 85' lang='lat' dir='ltr'><strong>124b</strong></span> <span class='ocrx_word' id='word_1_387' title='bbox 660 2251 753 2291; x_wconf 82' lang='grc' dir='ltr'>ὅσαις</span> <span class='ocrx_word' id='word_1_388' title='bbox 780 2251 860 2297; x_wconf 83' lang='grc' dir='ltr'>ὗμιν</span> <span class='ocrx_word' id='word_1_389' title='bbox 878 2255 979 2286; x_wconf 86' lang='lat' dir='ltr'><strong>scribi</strong></span> <span class='ocrx_word' id='word_1_390' title='bbox 992 2264 1044 2295; x_wconf 85' lang='lat' dir='ltr'><strong>ap.</strong></span> 
     </span>
     <span class='ocr_line' id='line_1_59' title="bbox 50 2299 1049 2342; baseline 0 -9"><span class='ocrx_word' id='word_1_391' title='bbox 50 2331 52 2333; x_wconf 78' lang='grc'>,</span> <span class='ocrx_word' id='word_1_392' title='bbox 116 2304 123 2310; x_wconf 78' lang='grc'><strong>·’</strong></span> <span class='ocrx_word' id='word_1_393' title='bbox 150 2301 186 2331; x_wconf 83' lang='lat' dir='ltr'><strong>et</strong></span> <span class='ocrx_word' id='word_1_394' title='bbox 202 2299 308 2332; x_wconf 88' lang='lat' dir='ltr'><strong>Dores</strong></span> <span class='ocrx_word' id='word_1_395' title='bbox 320 2301 510 2341; x_wconf 88' lang='lat' dir='ltr'><strong>ostendens,</strong></span> <span class='ocrx_word' id='word_1_396' title='bbox 533 2301 622 2342; x_wconf 90' lang='lat' dir='ltr'><strong>quod</strong></span> <span class='ocrx_word' id='word_1_397' title='bbox 639 2311 704 2333; x_wconf 87' lang='lat' dir='ltr'><strong>sec.</strong></span> <span class='ocrx_word' id='word_1_398' title='bbox 720 2301 908 2334; x_wconf 86' lang='lat' dir='ltr'><strong>Hermanni</strong></span> <span class='ocrx_word' id='word_1_399' title='bbox 925 2302 1049 2333; x_wconf 88' lang='lat' dir='ltr'><strong>doctri-</strong></span> 
     </span>
     <span class='ocr_line' id='line_1_60' title="bbox 50 2341 1048 2392; baseline 0.001 -14"><span class='ocrx_word' id='word_1_400' title='bbox 50 2363 52 2366; x_wconf 60' lang='lat'>&gt;</span> <span class='ocrx_word' id='word_1_401' title='bbox 116 2341 212 2392; x_wconf 52' lang='grc' dir='ltr'>ἷώμίν</span> <span class='ocrx_word' id='word_1_402' title='bbox 230 2347 443 2379; x_wconf 88' lang='lat' dir='ltr'><strong>scribendum</strong></span> <span class='ocrx_word' id='word_1_403' title='bbox 461 2348 539 2389; x_wconf 87' lang='lat' dir='ltr'><strong>fuit,</strong></span> <span class='ocrx_word' id='word_1_404' title='bbox 561 2348 718 2380; x_wconf 83' lang='lat' dir='ltr'><strong>inclinari</strong></span> <span class='ocrx_word' id='word_1_405' title='bbox 735 2350 836 2380; x_wconf 89' lang='lat' dir='ltr'><strong>etiam</strong></span> <span class='ocrx_word' id='word_1_406' title='bbox 853 2350 1048 2390; x_wconf 84' lang='lat' dir='ltr'><strong>pronomina</strong></span> 
     </span>
     <span class='ocr_line' id='line_1_61' title="bbox 52 2394 1049 2436; baseline 0.002 -11"><span class='ocrx_word' id='word_1_407' title='bbox 52 2420 54 2430; x_wconf 11' lang='grc' dir='ltr'><strong>,Ἴ</strong></span> <span class='ocrx_word' id='word_1_408' title='bbox 108 2394 342 2427; x_wconf 67' lang='grc' dir='ltr'>’-ἰοοθι1οῐιιίε</span> <span class='ocrx_word' id='word_1_409' title='bbox 359 2395 510 2427; x_wconf 87' lang='lat' dir='ltr'><strong>vocabuli</strong></span> <span class='ocrx_word' id='word_1_410' title='bbox 527 2395 645 2427; x_wconf 86' lang='lat' dir='ltr'><strong>ultima</strong></span> <span class='ocrx_word' id='word_1_411' title='bbox 674 2396 799 2435; x_wconf 86' lang='lat' dir='ltr'><strong>syllaba</strong></span> <span class='ocrx_word' id='word_1_412' title='bbox 823 2396 926 2436; x_wconf 89' lang='lat' dir='ltr'><strong>elisa,</strong></span> <span class='ocrx_word' id='word_1_413' title='bbox 956 2396 1049 2427; x_wconf 83' lang='lat' dir='ltr'><strong>velut</strong></span> 
     </span>
     <span class='ocr_line' id='line_1_62' title="bbox 112 2438 1048 2488; baseline -0.003 -11"><span class='ocrx_word' id='word_1_414' title='bbox 112 2452 128 2477; x_wconf 67' lang='grc' dir='ltr'>ξ.</span> <span class='ocrx_word' id='word_1_415' title='bbox 159 2450 225 2486; x_wconf 65' lang='lat' dir='ltr'><strong>pa&lt;</strong></span> <span class='ocrx_word' id='word_1_416' title='bbox 242 2438 445 2488; x_wconf 72' lang='grc' dir='ltr'>ὑπεκφύγοι.</span> <span class='ocrx_word' id='word_1_417' title='bbox 467 2442 625 2483; x_wconf 91' lang='lat' dir='ltr'><strong>Denique</strong></span> <span class='ocrx_word' id='word_1_418' title='bbox 640 2443 676 2474; x_wconf 91' lang='lat' dir='ltr'><strong>in</strong></span> <span class='ocrx_word' id='word_1_419' title='bbox 692 2443 766 2474; x_wconf 87' lang='lat' dir='ltr'><strong>aliis</strong></span> <span class='ocrx_word' id='word_1_420' title='bbox 780 2443 946 2474; x_wconf 89' lang='lat' dir='ltr'><strong>encliticis</strong></span> <span class='ocrx_word' id='word_1_421' title='bbox 964 2443 1048 2474; x_wconf 89' lang='lat' dir='ltr'><strong>ratio</strong></span> 
     </span>
     <span class='ocr_line' id='line_1_63' title="bbox 115 2487 1050 2532; baseline 0.001 -12"><span class='ocrx_word' id='word_1_422' title='bbox 115 2487 155 2532; x_wconf 49' lang='lat' dir='ltr'>J</span> <span class='ocrx_word' id='word_1_423' title='bbox 206 2498 440 2530; x_wconf 81' lang='lat' dir='ltr'><strong>praegressum</strong></span> <span class='ocrx_word' id='word_1_424' title='bbox 457 2490 653 2522; x_wconf 88' lang='lat' dir='ltr'><strong>vocabulum</strong></span> <span class='ocrx_word' id='word_1_425' title='bbox 671 2494 859 2531; x_wconf 85' lang='lat' dir='ltr'><strong>spectetur,</strong></span> <span class='ocrx_word' id='word_1_426' title='bbox 890 2490 1050 2522; x_wconf 88' lang='lat' dir='ltr'><strong>reiiciunt</strong></span> 
     </span>
     <span class='ocr_line' id='line_1_64' title="bbox 54 2535 1048 2585; baseline -0.001 -16"><span class='ocrx_word' id='word_1_427' title='bbox 54 2562 59 2585; x_wconf 60' lang='lat'><strong>,</strong></span> <span class='ocrx_word' id='word_1_428' title='bbox 162 2535 192 2567; x_wconf 73' lang='lat' dir='ltr'><strong>si</strong></span> <span class='ocrx_word' id='word_1_429' title='bbox 207 2544 260 2567; x_wconf 86' lang='lat' dir='ltr'><strong>res</strong></span> <span class='ocrx_word' id='word_1_430' title='bbox 277 2537 355 2577; x_wconf 77' lang='lat' dir='ltr'><strong>fert,</strong></span> <span class='ocrx_word' id='word_1_431' title='bbox 375 2540 571 2568; x_wconf 83' lang='lat' dir='ltr'><strong>accentum:</strong></span> <span class='ocrx_word' id='word_1_432' title='bbox 601 2537 660 2568; x_wconf 92' lang='lat' dir='ltr'><strong>sed</strong></span> <span class='ocrx_word' id='word_1_433' title='bbox 677 2547 735 2569; x_wconf 88' lang='lat' dir='ltr'><strong>cur</strong></span> <span class='ocrx_word' id='word_1_434' title='bbox 751 2538 787 2568; x_wconf 90' lang='lat' dir='ltr'><strong>in</strong></span> <span class='ocrx_word' id='word_1_435' title='bbox 804 2538 963 2578; x_wconf 85' lang='lat' dir='ltr'><strong>plurativi</strong></span> <span class='ocrx_word' id='word_1_436' title='bbox 981 2546 1048 2568; x_wconf 91' lang='lat' dir='ltr'><strong>nu-</strong></span> 
     </span>
     <span class='ocr_line' id='line_1_65' title="bbox 55 2583 1048 2638; baseline 0.002 -24"><span class='ocrx_word' id='word_1_437' title='bbox 55 2588 61 2638; x_wconf 46' lang='lat'><strong>³»</strong></span> <span class='ocrx_word' id='word_1_438' title='bbox 268 2583 358 2615; x_wconf 90' lang='lat' dir='ltr'><strong>idem</strong></span> <span class='ocrx_word' id='word_1_439' title='bbox 376 2584 445 2624; x_wconf 83' lang='lat' dir='ltr'><strong>fiat,</strong></span> <span class='ocrx_word' id='word_1_440' title='bbox 466 2593 552 2624; x_wconf 85' lang='lat' dir='ltr'><strong>quae</strong></span> <span class='ocrx_word' id='word_1_441' title='bbox 569 2593 635 2616; x_wconf 89' lang='lat' dir='ltr'><strong>non</strong></span> <span class='ocrx_word' id='word_1_442' title='bbox 652 2585 700 2616; x_wconf 90' lang='lat' dir='ltr'><strong>ita</strong></span> <span class='ocrx_word' id='word_1_443' title='bbox 716 2585 929 2625; x_wconf 80' lang='lat' dir='ltr'><strong>afficiuntur,</strong></span> <span class='ocrx_word' id='word_1_444' title='bbox 961 2586 1048 2624; x_wconf 86' lang='lat' dir='ltr'><strong>cogi-</strong></span> 
     </span>
     <span class='ocr_line' id='line_1_66' title="bbox 56 2631 1047 2724; baseline 0.005 -19"><span class='ocrx_word' id='word_1_445' title='bbox 56 2654 71 2710; x_wconf 68' lang='grc' dir='ltr'><strong>τ,</strong></span> <span class='ocrx_word' id='word_1_446' title='bbox 136 2674 227 2709; x_wconf 63' lang='lat' dir='ltr'><strong>m.</strong></span> <span class='ocrx_word' id='word_1_447' title='bbox 248 2639 448 2710; x_wconf 57' lang='grc' dir='ltr'><strong>ξέῗέζιέᾌῗῖἑ</strong></span> <span class='ocrx_word' id='word_1_448' title='bbox 463 2634 628 2719; x_wconf 48' lang='lat' dir='ltr'><strong>{gligit</strong></span> <span class='ocrx_word' id='word_1_449' title='bbox 660 2656 689 2710; x_wconf 65' lang='grc' dir='ltr'><strong>ι.</strong></span> <span class='ocrx_word' id='word_1_450' title='bbox 710 2682 726 2717; x_wconf 82' lang='lat' dir='ltr'>u</span> <span class='ocrx_word' id='word_1_451' title='bbox 744 2631 925 2724; x_wconf 51' lang='lat' dir='ltr'><strong>ssss‘ep‘ffi‘ss</strong></span> <span class='ocrx_word' id='word_1_452' title='bbox 935 2641 969 2711; x_wconf 66' lang='grc' dir='ltr'><strong>«ἴ</strong></span> <span class='ocrx_word' id='word_1_453' title='bbox 978 2641 1047 2711; x_wconf 66' lang='lat'><strong>22²1.</strong></span> 
     </span>
     <span class='ocr_line' id='line_1_67' title="bbox 110 2720 1043 2770; baseline -0.003 -10"><span class='ocrx_word' id='word_1_454' title='bbox 110 2726 154 2770; x_wconf 11' lang='grc' dir='ltr'><strong>Ἰζ..</strong></span> <span class='ocrx_word' id='word_1_455' title='bbox 174 2720 279 2768; x_wconf 76' lang='grc' dir='ltr'>ἐμοῦ</span> <span class='ocrx_word' id='word_1_456' title='bbox 305 2722 403 2769; x_wconf 86' lang='grc' dir='ltr'>ἐμοί</span> <span class='ocrx_word' id='word_1_457' title='bbox 428 2722 506 2769; x_wconf 90' lang='grc' dir='ltr'><strong>ἐμέ</strong></span> <span class='ocrx_word' id='word_1_458' title='bbox 528 2726 706 2766; x_wconf 85' lang='lat' dir='ltr'><strong>dicuntur,</strong></span> <span class='ocrx_word' id='word_1_459' title='bbox 728 2736 804 2758; x_wconf 86' lang='lat' dir='ltr'><strong>cum</strong></span> <span class='ocrx_word' id='word_1_460' title='bbox 821 2726 905 2757; x_wconf 89' lang='lat' dir='ltr'><strong>illud</strong></span> <span class='ocrx_word' id='word_1_461' title='bbox 922 2726 1043 2767; x_wconf 88' lang='lat' dir='ltr'><strong>omitti,</strong></span> 
     </span>
     <span class='ocr_line' id='line_1_68' title="bbox 114 2763 1043 2814; baseline 0.003 -13"><span class='ocrx_word' id='word_1_462' title='bbox 114 2763 135 2800; x_wconf 71' lang='grc' dir='ltr'><strong>ἰ-</strong></span> <span class='ocrx_word' id='word_1_463' title='bbox 146 2768 292 2804; x_wconf 79' lang='lat' dir='ltr'><strong>breviata</strong></span> <span class='ocrx_word' id='word_1_464' title='bbox 323 2772 480 2804; x_wconf 87' lang='lat' dir='ltr'><strong>inclinari</strong></span> <span class='ocrx_word' id='word_1_465' title='bbox 513 2776 648 2814; x_wconf 87' lang='lat' dir='ltr'><strong>propter</strong></span> <span class='ocrx_word' id='word_1_466' title='bbox 680 2782 818 2805; x_wconf 89' lang='lat' dir='ltr'><strong>sensum</strong></span> <span class='ocrx_word' id='word_1_467' title='bbox 845 2776 1043 2814; x_wconf 88' lang='lat' dir='ltr'><strong>potuerunt.</strong></span> 
     </span>
     <span class='ocr_line' id='line_1_69' title="bbox 63 2816 1047 2867; baseline 0.002 -18"><span class='ocrx_word' id='word_1_468' title='bbox 63 2851 104 2867; x_wconf 36' lang='grc' dir='ltr'><em>ς</em></span> <span class='ocrx_word' id='word_1_469' title='bbox 142 2829 146 2863; x_wconf 66' lang='lat' dir='ltr'>j</span> <span class='ocrx_word' id='word_1_470' title='bbox 157 2819 268 2850; x_wconf 78' lang='lat' dir='ltr'><strong>autem</strong></span> <span class='ocrx_word' id='word_1_471' title='bbox 284 2819 408 2851; x_wconf 87' lang='lat' dir='ltr'><strong>dicitur</strong></span> <span class='ocrx_word' id='word_1_472' title='bbox 434 2816 502 2864; x_wconf 79' lang='grc' dir='ltr'><strong>ἐγώ</strong></span> <span class='ocrx_word' id='word_1_473' title='bbox 519 2821 651 2861; x_wconf 86' lang='lat' dir='ltr'><strong>quando</strong></span> <span class='ocrx_word' id='word_1_474' title='bbox 675 2830 752 2852; x_wconf 81' lang='lat' dir='ltr'><strong>cum</strong></span> <span class='ocrx_word' id='word_1_475' title='bbox 773 2820 806 2851; x_wconf 90' lang='lat' dir='ltr'><strong>vi</strong></span> <span class='ocrx_word' id='word_1_476' title='bbox 823 2821 972 2861; x_wconf 89' lang='lat' dir='ltr'><strong>positum</strong></span> <span class='ocrx_word' id='word_1_477' title='bbox 988 2829 1047 2860; x_wconf 80' lang='lat' dir='ltr'><strong>eyo</strong></span> 
     </span>
     <span class='ocr_line' id='line_1_70' title="bbox 79 2864 1042 2908; baseline 0.001 -11"><span class='ocrx_word' id='word_1_478' title='bbox 79 2906 81 2908; x_wconf 83' lang='lat'><strong>.</strong></span> <span class='ocrx_word' id='word_1_479' title='bbox 117 2868 173 2900; x_wconf 74' lang='lat'><strong>.&#39;[.¹</strong></span> <span class='ocrx_word' id='word_1_480' title='bbox 209 2864 290 2897; x_wconf 76' lang='lat' dir='ltr'><strong>‘dem</strong></span> <span class='ocrx_word' id='word_1_481' title='bbox 305 2867 489 2908; x_wconf 83' lang='lat' dir='ltr'><strong>significat,</strong></span> <span class='ocrx_word' id='word_1_482' title='bbox 516 2867 672 2908; x_wconf 82' lang='lat' dir='ltr'><strong>inprimis</strong></span> <span class='ocrx_word' id='word_1_483' title='bbox 690 2868 849 2899; x_wconf 86' lang='lat' dir='ltr'><strong>orationis</strong></span> <span class='ocrx_word' id='word_1_484' title='bbox 865 2867 1042 2908; x_wconf 88' lang='lat' dir='ltr'><strong>principio,</strong></span> 
     </span>
     <span class='ocr_line' id='line_1_71' title="bbox 64 2910 1045 2957; baseline 0.002 -14"><span class='ocrx_word' id='word_1_485' title='bbox 64 2944 67 2957; x_wconf 29' lang='grc' dir='ltr'>γ</span> <span class='ocrx_word' id='word_1_486' title='bbox 119 2915 122 2918; x_wconf 61' lang='lat'><strong>⁴</strong></span> <span class='ocrx_word' id='word_1_487' title='bbox 154 2913 313 2944; x_wconf 86' lang='lat' dir='ltr'><strong>ousione</strong></span> <span class='ocrx_word' id='word_1_488' title='bbox 338 2912 442 2956; x_wconf 85' lang='lat' dir='ltr'><strong>[errat</strong></span> <span class='ocrx_word' id='word_1_489' title='bbox 463 2915 563 2946; x_wconf 83' lang='lat' dir='ltr'><strong>Wex.</strong></span> <span class='ocrx_word' id='word_1_490' title='bbox 591 2915 674 2946; x_wconf 88' lang='lat' dir='ltr'><strong>Ant.</strong></span> <span class='ocrx_word' id='word_1_491' title='bbox 702 2910 891 2946; x_wconf 87' lang='lat'><strong>496=494</strong></span> <span class='ocrx_word' id='word_1_492' title='bbox 914 2914 985 2946; x_wconf 86' lang='lat' dir='ltr'><strong>vim</strong></span> <span class='ocrx_word' id='word_1_493' title='bbox 1008 2914 1045 2945; x_wconf 88' lang='lat' dir='ltr'><strong>in</strong></span> 
     </span>
     <span class='ocr_line' id='line_1_72' title="bbox 68 2957 1046 3005; baseline 0.002 -16"><span class='ocrx_word' id='word_1_494' title='bbox 68 2974 97 2999; x_wconf 91' lang='lat'>4</span> <span class='ocrx_word' id='word_1_495' title='bbox 120 2970 165 3001; x_wconf 58' lang='lat'><strong>&#39;4³1&#39;</strong></span> <span class='ocrx_word' id='word_1_496' title='bbox 177 2957 231 2990; x_wconf 83' lang='lat' dir='ltr'><strong>‘ne</strong></span> <span class='ocrx_word' id='word_1_497' title='bbox 246 2960 373 2992; x_wconf 86' lang='lat' dir='ltr'><strong>nullam</strong></span> <span class='ocrx_word' id='word_1_498' title='bbox 391 2961 483 2992; x_wconf 87' lang='lat' dir='ltr'><strong>cerni</strong></span> <span class='ocrx_word' id='word_1_499' title='bbox 498 2959 697 3005; x_wconf 85' lang='lat' dir='ltr'><strong>affirmans),</strong></span> <span class='ocrx_word' id='word_1_500' title='bbox 721 2962 843 2993; x_wconf 88' lang='lat' dir='ltr'><strong>deinde</strong></span> <span class='ocrx_word' id='word_1_501' title='bbox 861 2961 891 2992; x_wconf 88' lang='lat' dir='ltr'><strong>si</strong></span> <span class='ocrx_word' id='word_1_502' title='bbox 905 2961 1046 3002; x_wconf 89' lang='lat' dir='ltr'><strong>loquens</strong></span> 
     </span>
     <span class='ocr_line' id='line_1_73' title="bbox 121 3007 1046 3053; baseline 0.003 -16.843"><span class='ocrx_word' id='word_1_503' title='bbox 121 3012 232 3039; x_wconf 45' lang='lat' dir='ltr'><strong>{sese</strong></span> <span class='ocrx_word' id='word_1_504' title='bbox 255 3010 368 3039; x_wconf 88' lang='lat' dir='ltr'><strong>contra</strong></span> <span class='ocrx_word' id='word_1_505' title='bbox 390 3009 505 3048; x_wconf 86' lang='lat' dir='ltr'><strong>ponit,</strong></span> <span class='ocrx_word' id='word_1_506' title='bbox 544 3009 573 3041; x_wconf 91' lang='lat' dir='ltr'><strong>si</strong></span> <span class='ocrx_word' id='word_1_507' title='bbox 598 3008 756 3040; x_wconf 88' lang='lat' dir='ltr'><strong>adiicitur</strong></span> <span class='ocrx_word' id='word_1_508' title='bbox 781 3007 862 3053; x_wconf 85' lang='grc' dir='ltr'>μέν,</span> <span class='ocrx_word' id='word_1_509' title='bbox 899 3008 1046 3049; x_wconf 85' lang='lat' dir='ltr'><strong>denique</strong></span> 
     </span>
     <span class='ocr_line' id='line_1_74' title="bbox 103 3052 1047 3101; baseline 0 -15"><span class='ocrx_word' id='word_1_510' title='bbox 103 3053 199 3094; x_wconf 56' lang='grc' dir='ltr'>,[Ϊ“οι</span> <span class='ocrx_word' id='word_1_511' title='bbox 229 3053 350 3094; x_wconf 80' lang='lat' dir='ltr'><strong>addito,</strong></span> <span class='ocrx_word' id='word_1_512' title='bbox 389 3057 427 3094; x_wconf 88' lang='lat' dir='ltr'><strong>ut</strong></span> <span class='ocrx_word' id='word_1_513' title='bbox 458 3056 495 3086; x_wconf 89' lang='lat' dir='ltr'><strong>in</strong></span> <span class='ocrx_word' id='word_1_514' title='bbox 528 3055 556 3088; x_wconf 83' lang='grc' dir='ltr'>ὦ</span> <span class='ocrx_word' id='word_1_515' title='bbox 580 3052 687 3088; x_wconf 72' lang='grc' dir='ltr'>τάλας</span> <span class='ocrx_word' id='word_1_516' title='bbox 710 3053 790 3101; x_wconf 82' lang='grc' dir='ltr'>ἐγώ.</span> <span class='ocrx_word' id='word_1_517' title='bbox 842 3054 1047 3087; x_wconf 87' lang='lat' dir='ltr'><strong>Huiusmodi</strong></span> 
     </span>
     <span class='ocr_line' id='line_1_75' title="bbox 173 3100 1043 3147; baseline 0.002 -16.887"><span class='ocrx_word' id='word_1_518' title='bbox 173 3106 194 3131; x_wconf 77' lang='lat' dir='ltr'><strong>a</strong></span> <span class='ocrx_word' id='word_1_519' title='bbox 207 3107 273 3132; x_wconf 91' lang='lat' dir='ltr'><strong>non</strong></span> <span class='ocrx_word' id='word_1_520' title='bbox 285 3109 425 3142; x_wconf 89' lang='lat' dir='ltr'><strong>appono.</strong></span> <span class='ocrx_word' id='word_1_521' title='bbox 448 3101 571 3134; x_wconf 83' lang='lat' dir='ltr'><strong>Contra</strong></span> <span class='ocrx_word' id='word_1_522' title='bbox 586 3102 702 3134; x_wconf 88' lang='lat' dir='ltr'><strong>multis</strong></span> <span class='ocrx_word' id='word_1_523' title='bbox 719 3103 803 3134; x_wconf 87' lang='lat' dir='ltr'><strong>locis</strong></span> <span class='ocrx_word' id='word_1_524' title='bbox 821 3100 889 3147; x_wconf 85' lang='grc' dir='ltr'><strong>ἐγώ</strong></span> <span class='ocrx_word' id='word_1_525' title='bbox 907 3102 1043 3142; x_wconf 90' lang='lat' dir='ltr'><strong>dicitur,</strong></span> 
     </span>
     <span class='ocr_line' id='line_1_76' title="bbox 167 3145 1046 3195; baseline 0.004 -17.847"><span class='ocrx_word' id='word_1_526' title='bbox 167 3145 315 3183; x_wconf 63' lang='lat' dir='ltr'><strong>&gt;minime</strong></span> <span class='ocrx_word' id='word_1_527' title='bbox 331 3157 426 3189; x_wconf 84' lang='lat' dir='ltr'><strong>opus.</strong></span> <span class='ocrx_word' id='word_1_528' title='bbox 457 3145 516 3182; x_wconf 84' lang='grc' dir='ltr'><strong>ἐὰν</strong></span> <span class='ocrx_word' id='word_1_529' title='bbox 536 3146 634 3193; x_wconf 83' lang='grc' dir='ltr'>μόλω</span> <span class='ocrx_word' id='word_1_530' title='bbox 650 3145 710 3195; x_wconf 84' lang='grc' dir='ltr'><strong>’γὼ</strong></span> <span class='ocrx_word' id='word_1_531' title='bbox 728 3147 794 3188; x_wconf 76' lang='grc' dir='ltr'><strong>ζῶν</strong></span> <span class='ocrx_word' id='word_1_532' title='bbox 812 3147 897 3195; x_wconf 85' lang='grc' dir='ltr'>πρὸς</span> <span class='ocrx_word' id='word_1_533' title='bbox 907 3146 1046 3181; x_wconf 81' lang='grc' dir='ltr'>Οἰταίαν</span> 
     </span>
     <span class='ocr_line' id='line_1_77' title="bbox 136 3182 1046 3241; baseline 0.004 -17"><span class='ocrx_word' id='word_1_534' title='bbox 136 3182 224 3234; x_wconf 64' lang='lat' dir='ltr'><strong>Ph.</strong></span> <span class='ocrx_word' id='word_1_535' title='bbox 243 3190 323 3226; x_wconf 90' lang='grc'>479.</span> <span class='ocrx_word' id='word_1_536' title='bbox 367 3191 431 3228; x_wconf 81' lang='grc' dir='ltr'><strong>οὐκ</strong></span> <span class='ocrx_word' id='word_1_537' title='bbox 455 3191 518 3228; x_wconf 80' lang='grc' dir='ltr'>οἷδ’</span> <span class='ocrx_word' id='word_1_538' title='bbox 542 3193 610 3241; x_wconf 83' lang='grc' dir='ltr'><strong>ἐγὼ</strong></span> <span class='ocrx_word' id='word_1_539' title='bbox 626 3197 733 3229; x_wconf 88' lang='grc' dir='ltr'>ταῦτα</span> <span class='ocrx_word' id='word_1_540' title='bbox 750 3192 829 3227; x_wconf 88' lang='grc'>626.</span> <span class='ocrx_word' id='word_1_541' title='bbox 857 3197 966 3229; x_wconf 82' lang='grc' dir='ltr'>ταῦτα</span> <span class='ocrx_word' id='word_1_542' title='bbox 982 3193 1046 3240; x_wconf 81' lang='grc' dir='ltr'>γὰρ</span> 
     </span>
     <span class='ocr_line' id='line_1_78' title="bbox 68 3235 1046 3288; baseline 0.004 -17"><span class='ocrx_word' id='word_1_543' title='bbox 68 3244 71 3265; x_wconf 58' lang='grc' dir='ltr'><strong>ι</strong></span> <span class='ocrx_word' id='word_1_544' title='bbox 139 3235 247 3285; x_wconf 66' lang='lat' dir='ltr'><strong>”cl-{dr</strong></span> <span class='ocrx_word' id='word_1_545' title='bbox 270 3238 369 3274; x_wconf 80' lang='grc' dir='ltr'>εἰδὼς</span> <span class='ocrx_word' id='word_1_546' title='bbox 393 3239 539 3275; x_wconf 83' lang='grc' dir='ltr'>διώλεσα</span> <span class='ocrx_word' id='word_1_547' title='bbox 563 3243 621 3275; x_wconf 84' lang='lat' dir='ltr'><strong>OB</strong></span> <span class='ocrx_word' id='word_1_548' title='bbox 646 3239 726 3274; x_wconf 86' lang='lat'><strong>317.</strong></span> <span class='ocrx_word' id='word_1_549' title='bbox 778 3246 852 3279; x_wconf 83' lang='grc' dir='ltr'>πῶς</span> <span class='ocrx_word' id='word_1_550' title='bbox 878 3239 951 3288; x_wconf 86' lang='grc' dir='ltr'>δῆτ’</span> <span class='ocrx_word' id='word_1_551' title='bbox 977 3241 1046 3288; x_wconf 86' lang='grc' dir='ltr'><strong>ἐγὼ</strong></span> 
     </span>
     <span class='ocr_line' id='line_1_79' title="bbox 69 3281 1045 3335; baseline 0.003 -17"><span class='ocrx_word' id='word_1_552' title='bbox 69 3296 71 3301; x_wconf 74' lang='grc'>’</span> <span class='ocrx_word' id='word_1_553' title='bbox 146 3331 147 3334; x_wconf 12' lang='lat'>¹</span> <span class='ocrx_word' id='word_1_554' title='bbox 191 3281 326 3332; x_wconf 84' lang='grc' dir='ltr'>λάβοιμ’</span> <span class='ocrx_word' id='word_1_555' title='bbox 351 3284 374 3320; x_wconf 81' lang='grc' dir='ltr'>ἀ</span> <span class='ocrx_word' id='word_1_556' title='bbox 401 3287 449 3321; x_wconf 79' lang='grc' dir='ltr'>εὶς</span> <span class='ocrx_word' id='word_1_557' title='bbox 471 3286 571 3330; x_wconf 85' lang='grc' dir='ltr'>τάδε;</span> <span class='ocrx_word' id='word_1_558' title='bbox 598 3286 678 3322; x_wconf 86' lang='grc'>599.</span> <span class='ocrx_word' id='word_1_559' title='bbox 721 3285 874 3335; x_wconf 79' lang='grc' dir='ltr'>κᾶπεμῴ’</span> <span class='ocrx_word' id='word_1_560' title='bbox 901 3287 970 3335; x_wconf 83' lang='grc' dir='ltr'><strong>ἐγώ</strong></span> <span class='ocrx_word' id='word_1_561' title='bbox 994 3299 1045 3322; x_wconf 91' lang='grc' dir='ltr'><strong>νιν</strong></span> 
     </span>
     <span class='ocr_line' id='line_1_80' title="bbox 72 3328 1045 3381; baseline 0.004 -16"><span class='ocrx_word' id='word_1_562' title='bbox 72 3374 74 3380; x_wconf 25' lang='lat' dir='ltr'>y</span> <span class='ocrx_word' id='word_1_563' title='bbox 149 3332 157 3358; x_wconf 72' lang='lat'><strong>«⁵</strong></span> <span class='ocrx_word' id='word_1_564' title='bbox 173 3329 234 3365; x_wconf 67' lang='grc' dir='ltr'><strong>ὕπ’</strong></span> <span class='ocrx_word' id='word_1_565' title='bbox 250 3330 319 3380; x_wconf 78' lang='grc' dir='ltr'><strong>ἐγὼ</strong></span> <span class='ocrx_word' id='word_1_566' title='bbox 334 3345 380 3368; x_wconf 80' lang='grc' dir='ltr'><strong>κα</strong></span> <span class='ocrx_word' id='word_1_567' title='bbox 404 3338 452 3372; x_wconf 77' lang='grc' dir='ltr'><strong>ὣς</strong></span> <span class='ocrx_word' id='word_1_568' title='bbox 470 3333 584 3376; x_wconf 79' lang='grc' dir='ltr'>ἔξοιδα</span> <span class='ocrx_word' id='word_1_569' title='bbox 601 3335 656 3368; x_wconf 93' lang='lat' dir='ltr'><strong>OC</strong></span> <span class='ocrx_word' id='word_1_570' title='bbox 672 3332 754 3368; x_wconf 84' lang='lat'><strong>269.</strong></span> <span class='ocrx_word' id='word_1_571' title='bbox 776 3328 903 3381; x_wconf 81' lang='grc' dir='ltr'>Ἀρεος</span> <span class='ocrx_word' id='word_1_572' title='bbox 921 3333 1045 3380; x_wconf 80' lang='grc' dir='ltr'>εὔβου-</span> 
     </span>
     <span class='ocr_line' id='line_1_81' title="bbox 45 3375 1041 3429; baseline 0 -13"><span class='ocrx_word' id='word_1_573' title='bbox 45 3413 47 3416; x_wconf 91' lang='grc'>.</span> <span class='ocrx_word' id='word_1_574' title='bbox 147 3410 151 3414; x_wconf 93' lang='grc'><strong>.</strong></span> <span class='ocrx_word' id='word_1_575' title='bbox 178 3427 180 3429; x_wconf 66' lang='lat'>‚</span> <span class='ocrx_word' id='word_1_576' title='bbox 252 3377 320 3427; x_wconf 83' lang='grc' dir='ltr'><strong>ἐγὼ</strong></span> <span class='ocrx_word' id='word_1_577' title='bbox 345 3375 445 3428; x_wconf 78' lang='grc' dir='ltr'>ξυνῄδ</span> <span class='ocrx_word' id='word_1_578' title='bbox 487 3379 627 3429; x_wconf 86' lang='grc' dir='ltr'>χθόνιον</span> <span class='ocrx_word' id='word_1_579' title='bbox 653 3380 734 3416; x_wconf 79' lang='grc' dir='ltr'>ὄντα</span> <span class='ocrx_word' id='word_1_580' title='bbox 758 3379 839 3415; x_wconf 88' lang='grc'>948.</span> <span class='ocrx_word' id='word_1_581' title='bbox 876 3377 940 3416; x_wconf 82' lang='grc' dir='ltr'>οἷδ’</span> <span class='ocrx_word' id='word_1_582' title='bbox 961 3381 1041 3429; x_wconf 82' lang='grc' dir='ltr'>ἐγώ,</span> 
     </span>
     <span class='ocr_line' id='line_1_82' title="bbox 72 3393 1046 3481; baseline 0.003 -21"><span class='ocrx_word' id='word_1_583' title='bbox 72 3437 75 3452; x_wconf 72' lang='lat'>³</span> <span class='ocrx_word' id='word_1_584' title='bbox 139 3423 282 3481; x_wconf 52' lang='lat' dir='ltr'><strong>*anto‘u&#39;</strong></span> <span class='ocrx_word' id='word_1_585' title='bbox 295 3423 410 3473; x_wconf 84' lang='grc' dir='ltr'>θυμοῦ</span> <span class='ocrx_word' id='word_1_586' title='bbox 426 3393 590 3475; x_wconf 66' lang='grc' dir='ltr'>τέλευτήν</span> <span class='ocrx_word' id='word_1_587' title='bbox 610 3426 711 3462; x_wconf 89' lang='grc'>1197.</span> <span class='ocrx_word' id='word_1_588' title='bbox 747 3427 878 3464; x_wconf 83' lang='grc' dir='ltr'>τούτων</span> <span class='ocrx_word' id='word_1_589' title='bbox 895 3427 964 3476; x_wconf 85' lang='grc' dir='ltr'><strong>ἐγὼ</strong></span> <span class='ocrx_word' id='word_1_590' title='bbox 982 3426 1046 3463; x_wconf 79' lang='grc' dir='ltr'><strong>οὐκ</strong></span> 
     </span>
    </p>
   </div>
   <div class='ocr_carea' id='block_1_5' title="bbox 58 2737 69 2808">
    <p class='ocr_par' dir='ltr' id='par_1_5' title="bbox 58 2737 69 2808">
     <span class='ocr_line' id='line_1_83' title="bbox 58 2737 69 2808; baseline 0 -52"><span class='ocrx_word' id='word_1_591' title='bbox 58 2737 69 2808; x_wconf 56' lang='grc' dir='ltr'>ἰ.</span> 
     </span>
    </p>
   </div>
   <div class='ocr_carea' id='block_1_6' title="bbox 30 2800 282 3600">
    <p class='ocr_par' dir='ltr' id='par_1_6' title="bbox 30 2800 282 3600">
     <span class='ocr_line' id='line_1_84' title="bbox 69 2800 119 2848; baseline 0 0"><span class='ocrx_word' id='word_1_592' title='bbox 69 2800 119 2848; x_wconf 95' lang='lat' dir='ltr'><strong>  </strong></span> 
     </span>
     <span class='ocr_line' id='line_1_85' title="bbox 34 2848 153 2980; baseline 0 -45"><span class='ocrx_word' id='word_1_593' title='bbox 34 2848 153 2980; x_wconf 95' lang='lat' dir='ltr'><strong>   </strong></span> 
     </span>
     <span class='ocr_line' id='line_1_86' title="bbox 34 2980 121 3031; baseline 0 0"><span class='ocrx_word' id='word_1_594' title='bbox 34 2980 121 3031; x_wconf 95' lang='lat' dir='ltr'><strong>  </strong></span> 
     </span>
     <span class='ocr_line' id='line_1_87' title="bbox 30 3031 173 3120; baseline 0 -45"><span class='ocrx_word' id='word_1_595' title='bbox 30 3031 173 3120; x_wconf 95' lang='lat' dir='ltr'><strong>   </strong></span> 
     </span>
     <span class='ocr_line' id='line_1_88' title="bbox 32 3120 139 3170; baseline 0 0"><span class='ocrx_word' id='word_1_596' title='bbox 32 3120 139 3170; x_wconf 95' lang='lat' dir='ltr'><strong>  </strong></span> 
     </span>
     <span class='ocr_line' id='line_1_89' title="bbox 32 3170 139 3314; baseline 0 -94"><span class='ocrx_word' id='word_1_597' title='bbox 32 3170 139 3314; x_wconf 95' lang='lat' dir='ltr'><strong>   </strong></span> 
     </span>
     <span class='ocr_line' id='line_1_90' title="bbox 40 3314 146 3357; baseline 0 243"><span class='ocrx_word' id='word_1_598' title='bbox 40 3314 146 3357; x_wconf 95' lang='lat' dir='ltr'><strong> </strong></span> 
     </span>
     <span class='ocr_line' id='line_1_91' title="bbox 36 3357 282 3600; baseline 0 -131"><span class='ocrx_word' id='word_1_599' title='bbox 36 3357 282 3600; x_wconf 95' lang='lat' dir='ltr'><strong>   </strong></span> 
     </span>
    </p>
   </div>
   <div class='ocr_carea' id='block_1_7' title="bbox 32 2800 58 2848">
    <p class='ocr_par' dir='ltr' id='par_1_7' title="bbox 32 2800 58 2848">
     <span class='ocr_line' id='line_1_92' title="bbox 32 2800 58 2848; baseline 0 752"><span class='ocrx_word' id='word_1_600' title='bbox 32 2800 58 2848; x_wconf 95' lang='lat' dir='ltr'><strong> </strong></span> 
     </span>
    </p>
   </div>
   <div class='ocr_carea' id='block_1_8' title="bbox 86 3522 197 3565">
    <p class='ocr_par' dir='ltr' id='par_1_8' title="bbox 86 3522 197 3565">
     <span class='ocr_line' id='line_1_93' title="bbox 86 3522 197 3552; baseline 0 -10"><span class='ocrx_word' id='word_1_601' title='bbox 86 3522 197 3547; x_wconf 46' lang='grc' dir='ltr'><strong>ιη.</strong></span> 
     </span>
     <span class='ocr_line' id='line_1_94' title="bbox 145 3555 181 3565; baseline -0.056 0"><span class='ocrx_word' id='word_1_602' title='bbox 145 3555 181 3565; x_wconf 61' lang='lat' dir='ltr'><strong>tl</strong></span> 
     </span>
    </p>
   </div>
   <div class='ocr_carea' id='block_1_9' title="bbox 993 142 1127 218">
    <p class='ocr_par' dir='ltr' id='par_1_9' title="bbox 993 142 1127 218">
     <span class='ocr_line' id='line_1_95' title="bbox 993 142 1127 218; baseline -0.007 -18"><span class='ocrx_word' id='word_1_603' title='bbox 993 142 1006 162; x_wconf 82' lang='lat'><em>&#39;</em></span> <span class='ocrx_word' id='word_1_604' title='bbox 1016 147 1127 218; x_wconf 82' lang='grc' dir='ltr'><strong>Εγώ</strong></span> 
     </span>
    </p>
   </div>
   <div class='ocr_carea' id='block_1_10' title="bbox 1997 150 2092 201">
    <p class='ocr_par' dir='ltr' id='par_1_10' title="bbox 1997 150 2092 201">
     <span class='ocr_line' id='line_1_96' title="bbox 1997 150 2092 201; baseline 0.011 -2"><span class='ocrx_word' id='word_1_605' title='bbox 1997 150 2092 201; x_wconf 83' lang='grc'><strong>193</strong></span> 
     </span>
    </p>
   </div>
   <div class='ocr_carea' id='block_1_11' title="bbox 1080 263 2128 3469">
    <p class='ocr_par' dir='ltr' id='par_1_11' title="bbox 1080 263 2128 3469">
     <span class='ocr_line' id='line_1_97' title="bbox 1081 263 2094 315; baseline 0.001 -14"><span class='ocrx_word' id='word_1_606' title='bbox 1081 264 1227 313; x_wconf 81' lang='grc' dir='ltr'>ἔμελλον</span> <span class='ocrx_word' id='word_1_607' title='bbox 1246 264 1281 300; x_wconf 86' lang='grc' dir='ltr'><strong>ἐν</strong></span> <span class='ocrx_word' id='word_1_608' title='bbox 1299 263 1411 300; x_wconf 87' lang='grc' dir='ltr'>θεοῖσι</span> <span class='ocrx_word' id='word_1_609' title='bbox 1425 265 1489 313; x_wconf 76' lang='grc' dir='ltr'><strong>τὴν</strong></span> <span class='ocrx_word' id='word_1_610' title='bbox 1508 264 1563 301; x_wconf 83' lang='grc' dir='ltr'><strong>δίκ</strong></span> <span class='ocrx_word' id='word_1_611' title='bbox 1589 278 1607 301; x_wconf 91' lang='grc' dir='ltr'><strong>ν</strong></span> <span class='ocrx_word' id='word_1_612' title='bbox 1626 265 1746 301; x_wconf 83' lang='grc' dir='ltr'>δώσειν</span> <span class='ocrx_word' id='word_1_613' title='bbox 1762 269 1843 300; x_wconf 87' lang='lat' dir='ltr'><strong>Ant.</strong></span> <span class='ocrx_word' id='word_1_614' title='bbox 1864 265 1944 300; x_wconf 88' lang='grc'>458.</span> <span class='ocrx_word' id='word_1_615' title='bbox 1972 266 2094 315; x_wconf 86' lang='grc' dir='ltr'>κέρδος</span> 
     </span>
     <span class='ocr_line' id='line_1_98' title="bbox 1081 278 2093 361; baseline 0.001 -13"><span class='ocrx_word' id='word_1_616' title='bbox 1081 311 1152 348; x_wconf 83' lang='grc' dir='ltr'>αὖτ’</span> <span class='ocrx_word' id='word_1_617' title='bbox 1170 313 1239 361; x_wconf 86' lang='grc' dir='ltr'><strong>ἐγὼ</strong></span> <span class='ocrx_word' id='word_1_618' title='bbox 1255 311 1347 360; x_wconf 87' lang='grc' dir='ltr'>λέγω</span> <span class='ocrx_word' id='word_1_619' title='bbox 1363 310 1444 346; x_wconf 84' lang='grc'>462.</span> <span class='ocrx_word' id='word_1_620' title='bbox 1482 311 1551 348; x_wconf 73' lang='grc' dir='ltr'>οὔτ’</span> <span class='ocrx_word' id='word_1_621' title='bbox 1563 278 1746 360; x_wconf 58' lang='grc' dir='ltr'><strong>Ιίιίγθέληιιας</strong></span> <span class='ocrx_word' id='word_1_622' title='bbox 1757 341 1765 355; x_wconf 83' lang='grc'><em>,</em></span> <span class='ocrx_word' id='word_1_623' title='bbox 1787 309 1856 348; x_wconf 69' lang='grc' dir='ltr'>οὔτ’</span> <span class='ocrx_word' id='word_1_624' title='bbox 1874 313 1941 361; x_wconf 85' lang='grc' dir='ltr'><strong>ἐγὼ</strong></span> <span class='ocrx_word' id='word_1_625' title='bbox 1958 312 2093 349; x_wconf 84' lang='grc' dir='ltr'>’κοινω-</span> 
     </span>
     <span class='ocr_line' id='line_1_99' title="bbox 1081 358 2093 408; baseline -0.001 -13"><span class='ocrx_word' id='word_1_626' title='bbox 1081 360 1194 408; x_wconf 82' lang='grc' dir='ltr'>σάμην</span> <span class='ocrx_word' id='word_1_627' title='bbox 1212 358 1298 402; x_wconf 89' lang='grc'><strong>539,</strong></span> <span class='ocrx_word' id='word_1_628' title='bbox 1326 362 1384 393; x_wconf 91' lang='lat' dir='ltr'><strong>ubi</strong></span> <span class='ocrx_word' id='word_1_629' title='bbox 1407 365 1496 394; x_wconf 83' lang='lat' dir='ltr'><strong>certe</strong></span> <span class='ocrx_word' id='word_1_630' title='bbox 1514 363 1693 403; x_wconf 87' lang='lat' dir='ltr'><strong>utrobique</strong></span> <span class='ocrx_word' id='word_1_631' title='bbox 1718 367 1777 394; x_wconf 89' lang='lat' dir='ltr'><strong>aut</strong></span> <span class='ocrx_word' id='word_1_632' title='bbox 1801 363 1877 394; x_wconf 88' lang='lat' dir='ltr'><strong>addi</strong></span> <span class='ocrx_word' id='word_1_633' title='bbox 1902 366 1960 394; x_wconf 90' lang='lat' dir='ltr'><strong>aut</strong></span> <span class='ocrx_word' id='word_1_634' title='bbox 1984 364 2093 395; x_wconf 90' lang='lat' dir='ltr'><strong>omitti</strong></span> 
     </span>
     <span class='ocr_line' id='line_1_100' title="bbox 1080 406 2090 456; baseline 0 -15"><span class='ocrx_word' id='word_1_635' title='bbox 1080 419 1262 451; x_wconf 87' lang='lat' dir='ltr'><strong>pronomen</strong></span> <span class='ocrx_word' id='word_1_636' title='bbox 1276 410 1435 450; x_wconf 88' lang='lat' dir='ltr'><strong>oportuit.</strong></span> <span class='ocrx_word' id='word_1_637' title='bbox 1457 408 1504 442; x_wconf 79' lang='grc' dir='ltr'><strong>ὡς</strong></span> <span class='ocrx_word' id='word_1_638' title='bbox 1517 407 1585 454; x_wconf 85' lang='grc' dir='ltr'><strong>ἐγὼ</strong></span> <span class='ocrx_word' id='word_1_639' title='bbox 1601 408 1639 443; x_wconf 89' lang='grc' dir='ltr'><strong>τὸ</strong></span> <span class='ocrx_word' id='word_1_640' title='bbox 1659 408 1715 442; x_wconf 87' lang='grc' dir='ltr'><strong>σὸν</strong></span> <span class='ocrx_word' id='word_1_641' title='bbox 1734 407 1865 456; x_wconf 81' lang='grc' dir='ltr'>φρίσσω</span> <span class='ocrx_word' id='word_1_642' title='bbox 1884 408 1992 454; x_wconf 80' lang='grc' dir='ltr'>στόμα</span> <span class='ocrx_word' id='word_1_643' title='bbox 2009 406 2090 441; x_wconf 88' lang='grc'><strong>997.</strong></span> 
     </span>
     <span class='ocr_line' id='line_1_101' title="bbox 1080 451 2094 504; baseline 0.001 -15"><span class='ocrx_word' id='word_1_644' title='bbox 1080 454 1112 490; x_wconf 81' lang='grc' dir='ltr'>εἰ</span> <span class='ocrx_word' id='word_1_645' title='bbox 1129 454 1166 490; x_wconf 84' lang='grc' dir='ltr'><strong>δὲ</strong></span> <span class='ocrx_word' id='word_1_646' title='bbox 1183 454 1365 502; x_wconf 74' lang='grc' dir='ltr'><strong>θεσφάτων</strong></span> <span class='ocrx_word' id='word_1_647' title='bbox 1391 453 1459 502; x_wconf 88' lang='grc' dir='ltr'><strong>ἐγὼ</strong></span> <span class='ocrx_word' id='word_1_648' title='bbox 1486 454 1578 501; x_wconf 86' lang='grc' dir='ltr'>βάξιν</span> <span class='ocrx_word' id='word_1_649' title='bbox 1604 451 1753 504; x_wconf 67' lang='grc' dir='ltr'>κατῄδη,</span> <span class='ocrx_word' id='word_1_650' title='bbox 1774 454 1838 490; x_wconf 84' lang='grc' dir='ltr'><strong>κᾶν</strong></span> <span class='ocrx_word' id='word_1_651' title='bbox 1857 454 1963 490; x_wconf 84' lang='grc' dir='ltr'>πάλαι</span> <span class='ocrx_word' id='word_1_652' title='bbox 1981 459 2094 503; x_wconf 85' lang='grc' dir='ltr'>παρῆν</span> 
     </span>
     <span class='ocr_line' id='line_1_102' title="bbox 1082 498 2095 550; baseline 0.003 -15"><span class='ocrx_word' id='word_1_653' title='bbox 1082 503 1138 535; x_wconf 88' lang='lat' dir='ltr'><strong>Tr.</strong></span> <span class='ocrx_word' id='word_1_654' title='bbox 1159 500 1217 536; x_wconf 88' lang='grc'><strong>86.</strong></span> <span class='ocrx_word' id='word_1_655' title='bbox 1262 502 1308 541; x_wconf 78' lang='grc' dir='ltr'><strong>ὡς</strong></span> <span class='ocrx_word' id='word_1_656' title='bbox 1335 500 1361 536; x_wconf 82' lang='grc' dir='ltr'><strong>δ’</strong></span> <span class='ocrx_word' id='word_1_657' title='bbox 1380 501 1447 548; x_wconf 87' lang='grc' dir='ltr'><strong>ἐγὼ</strong></span> <span class='ocrx_word' id='word_1_658' title='bbox 1464 500 1701 549; x_wconf 77' lang='grc' dir='ltr'>θυμοφθορῶ,</span> <span class='ocrx_word' id='word_1_659' title='bbox 1730 502 1778 549; x_wconf 82' lang='grc' dir='ltr'><strong>μή</strong></span> <span class='ocrx_word' id='word_1_660' title='bbox 1797 498 1826 550; x_wconf 77' lang='grc' dir='ltr'><strong>γ’</strong></span> <span class='ocrx_word' id='word_1_661' title='bbox 1844 501 2009 549; x_wconf 76' lang='grc' dir='ltr'>ἐκμάθοις</span> <span class='ocrx_word' id='word_1_662' title='bbox 2027 515 2095 538; x_wconf 89' lang='grc' dir='ltr'><strong>πα-</strong></span> 
     </span>
     <span class='ocr_line' id='line_1_103' title="bbox 1081 547 2096 598; baseline -0.002 -14"><span class='ocrx_word' id='word_1_663' title='bbox 1081 547 1191 584; x_wconf 84' lang='grc' dir='ltr'>θοῦσα</span> <span class='ocrx_word' id='word_1_664' title='bbox 1211 548 1287 583; x_wconf 86' lang='grc'>142.</span> <span class='ocrx_word' id='word_1_665' title='bbox 1334 551 1394 583; x_wconf 88' lang='lat' dir='ltr'><strong>Vis</strong></span> <span class='ocrx_word' id='word_1_666' title='bbox 1412 552 1602 583; x_wconf 89' lang='lat' dir='ltr'><strong>sententiae</strong></span> <span class='ocrx_word' id='word_1_667' title='bbox 1624 561 1690 583; x_wconf 90' lang='lat' dir='ltr'><strong>non</strong></span> <span class='ocrx_word' id='word_1_668' title='bbox 1708 553 1743 583; x_wconf 92' lang='lat' dir='ltr'><strong>in</strong></span> <span class='ocrx_word' id='word_1_669' title='bbox 1762 550 1830 598; x_wconf 85' lang='grc' dir='ltr'><strong>ἐγώ</strong></span> <span class='ocrx_word' id='word_1_670' title='bbox 1847 552 1905 583; x_wconf 91' lang='lat' dir='ltr'><strong>sed</strong></span> <span class='ocrx_word' id='word_1_671' title='bbox 1923 553 1958 583; x_wconf 88' lang='lat' dir='ltr'><strong>in</strong></span> <span class='ocrx_word' id='word_1_672' title='bbox 1975 551 2023 588; x_wconf 80' lang='grc' dir='ltr'><strong>ὡς</strong></span> <span class='ocrx_word' id='word_1_673' title='bbox 2042 553 2096 583; x_wconf 89' lang='lat' dir='ltr'><strong>in-</strong></span> 
     </span>
     <span class='ocr_line' id='line_1_104' title="bbox 1082 595 2094 679; baseline 0.003 -50"><span class='ocrx_word' id='word_1_674' title='bbox 1082 602 1144 630; x_wconf 85' lang='lat' dir='ltr'><strong>est.</strong></span> <span class='ocrx_word' id='word_1_675' title='bbox 1190 602 1288 644; x_wconf 84' lang='grc' dir='ltr'>φανῶ</span> <span class='ocrx_word' id='word_1_676' title='bbox 1315 595 1341 630; x_wconf 74' lang='grc' dir='ltr'><strong>δ’</strong></span> <span class='ocrx_word' id='word_1_677' title='bbox 1366 595 1434 644; x_wconf 86' lang='grc' dir='ltr'><strong>ἐγὼ</strong></span> <span class='ocrx_word' id='word_1_678' title='bbox 1450 595 1599 632; x_wconf 82' lang='grc' dir='ltr'>τούτοισι</span> <span class='ocrx_word' id='word_1_679' title='bbox 1626 609 1664 632; x_wconf 87' lang='grc' dir='ltr'><strong>συ</strong></span> <span class='ocrx_word' id='word_1_680' title='bbox 1694 596 1853 679; x_wconf 72' lang='grc' dir='ltr'>βαίνοντά</span> <span class='ocrx_word' id='word_1_681' title='bbox 1879 609 1932 632; x_wconf 90' lang='grc' dir='ltr'><strong>σοι</strong></span> <span class='ocrx_word' id='word_1_682' title='bbox 1951 600 2094 643; x_wconf 84' lang='grc' dir='ltr'>μαντεῖα</span> 
     </span>
     <span class='ocr_line' id='line_1_105' title="bbox 1081 610 2094 691; baseline 0.001 -13"><span class='ocrx_word' id='word_1_683' title='bbox 1081 644 1182 679; x_wconf 87' lang='grc' dir='ltr'>καινά</span> <span class='ocrx_word' id='word_1_684' title='bbox 1211 642 1310 677; x_wconf 86' lang='grc'>1164.</span> <span class='ocrx_word' id='word_1_685' title='bbox 1357 643 1378 678; x_wconf 78' lang='grc' dir='ltr'><strong>ἃ</strong></span> <span class='ocrx_word' id='word_1_686' title='bbox 1402 649 1471 678; x_wconf 80' lang='grc' dir='ltr'><strong>τῶν</strong></span> <span class='ocrx_word' id='word_1_687' title='bbox 1499 644 1618 691; x_wconf 78' lang='grc' dir='ltr'>ὀρείων</span> <span class='ocrx_word' id='word_1_688' title='bbox 1647 610 1787 680; x_wconf 52' lang='grc' dir='ltr'>ἕέιλῶν</span> <span class='ocrx_word' id='word_1_689' title='bbox 1813 643 1963 679; x_wconf 85' lang='grc' dir='ltr'>ἐσελθὼν</span> <span class='ocrx_word' id='word_1_690' title='bbox 1989 643 2094 683; x_wconf 80' lang='grc' dir='ltr'>ἄλσος</span> 
     </span>
     <span class='ocr_line' id='line_1_106' title="bbox 1081 687 2093 740; baseline 0.002 -15"><span class='ocrx_word' id='word_1_691' title='bbox 1081 690 1338 739; x_wconf 80' lang='grc' dir='ltr'>είσεγραψάμην</span> <span class='ocrx_word' id='word_1_692' title='bbox 1359 689 1459 724; x_wconf 88' lang='grc'>1166.</span> <span class='ocrx_word' id='word_1_693' title='bbox 1489 691 1564 726; x_wconf 83' lang='grc' dir='ltr'>ἐπεὶ</span> <span class='ocrx_word' id='word_1_694' title='bbox 1582 691 1680 740; x_wconf 77' lang='grc' dir='ltr'>φίλον</span> <span class='ocrx_word' id='word_1_695' title='bbox 1700 687 1727 726; x_wconf 83' lang='grc' dir='ltr'><strong>σ’·</strong></span> <span class='ocrx_word' id='word_1_696' title='bbox 1746 691 1814 739; x_wconf 86' lang='grc' dir='ltr'><strong>ἐγὼ</strong></span> <span class='ocrx_word' id='word_1_697' title='bbox 1833 690 1990 739; x_wconf 84' lang='grc' dir='ltr'>μέγιστον</span> <span class='ocrx_word' id='word_1_698' title='bbox 2008 687 2093 739; x_wconf 86' lang='grc' dir='ltr'>Ἀρ-</span> 
     </span>
     <span class='ocr_line' id='line_1_107' title="bbox 1081 733 2095 786; baseline -0.001 -13"><span class='ocrx_word' id='word_1_699' title='bbox 1081 738 1182 786; x_wconf 87' lang='grc' dir='ltr'>γείων</span> <span class='ocrx_word' id='word_1_700' title='bbox 1199 739 1293 785; x_wconf 80' lang='grc' dir='ltr'>νέμω</span> <span class='ocrx_word' id='word_1_701' title='bbox 1312 741 1367 771; x_wconf 85' lang='lat' dir='ltr'><strong>Ai.</strong></span> <span class='ocrx_word' id='word_1_702' title='bbox 1392 737 1491 772; x_wconf 87' lang='lat'><strong>1331.</strong></span> <span class='ocrx_word' id='word_1_703' title='bbox 1537 738 1642 785; x_wconf 81' lang='grc' dir='ltr'>ἐξερῶ</span> <span class='ocrx_word' id='word_1_704' title='bbox 1670 751 1722 774; x_wconf 88' lang='grc' dir='ltr'><strong>σοι</strong></span> <span class='ocrx_word' id='word_1_705' title='bbox 1746 743 1833 781; x_wconf 83' lang='grc' dir='ltr'>πᾶν,</span> <span class='ocrx_word' id='word_1_706' title='bbox 1863 738 1942 774; x_wconf 84' lang='grc' dir='ltr'>ὅσον</span> <span class='ocrx_word' id='word_1_707' title='bbox 1966 733 2095 773; x_wconf 73' lang='grc' dir='ltr'>κάτοιδ’</span> 
     </span>
     <span class='ocr_line' id='line_1_108' title="bbox 1082 781 2128 834; baseline 0 -14"><span class='ocrx_word' id='word_1_708' title='bbox 1082 787 1151 833; x_wconf 86' lang='grc' dir='ltr'><strong>ἐγώ</strong></span> <span class='ocrx_word' id='word_1_709' title='bbox 1169 788 1220 819; x_wconf 89' lang='lat' dir='ltr'><strong>El.</strong></span> <span class='ocrx_word' id='word_1_710' title='bbox 1242 785 1322 819; x_wconf 89' lang='grc'>378.</span> <span class='ocrx_word' id='word_1_711' title='bbox 1353 785 1468 832; x_wconf 81' lang='grc' dir='ltr'>δόμων</span> <span class='ocrx_word' id='word_1_712' title='bbox 1486 784 1523 820; x_wconf 86' lang='grc' dir='ltr'><strong>δέ</strong></span> <span class='ocrx_word' id='word_1_713' title='bbox 1541 781 1579 828; x_wconf 78' lang='grc' dir='ltr'><strong>α’,</strong></span> <span class='ocrx_word' id='word_1_714' title='bbox 1609 787 1637 822; x_wconf 82' lang='grc' dir='ltr'>ὦ</span> <span class='ocrx_word' id='word_1_715' title='bbox 1656 790 1739 829; x_wconf 81' lang='grc' dir='ltr'>παῖ,</span> <span class='ocrx_word' id='word_1_716' title='bbox 1760 786 1916 834; x_wconf 87' lang='grc' dir='ltr'>λαμπρὸν</span> <span class='ocrx_word' id='word_1_717' title='bbox 1936 783 2096 833; x_wconf 81' lang='grc' dir='ltr'><strong>ἐξέπεμψ’</strong></span> <span class='ocrx_word' id='word_1_718' title='bbox 2125 807 2128 810; x_wconf 87' lang='lat'><strong>·</strong></span> 
     </span>
     <span class='ocr_line' id='line_1_109' title="bbox 1082 829 2095 881; baseline -0.002 -12"><span class='ocrx_word' id='word_1_719' title='bbox 1082 833 1151 881; x_wconf 87' lang='grc' dir='ltr'><strong>ἐγώ</strong></span> <span class='ocrx_word' id='word_1_720' title='bbox 1172 831 1272 867; x_wconf 91' lang='grc'>1130.</span> <span class='ocrx_word' id='word_1_721' title='bbox 1304 852 1344 858; x_wconf 90' lang='lat'><strong>--</strong></span> <span class='ocrx_word' id='word_1_722' title='bbox 1373 832 1461 871; x_wconf 76' lang='grc' dir='ltr'>ὅστις</span> <span class='ocrx_word' id='word_1_723' title='bbox 1507 829 1514 842; x_wconf 85' lang='lat'><em>&#39;</em></span> <span class='ocrx_word' id='word_1_724' title='bbox 1539 833 1625 880; x_wconf 85' lang='grc' dir='ltr'>ἐμοῦ</span> <span class='ocrx_word' id='word_1_725' title='bbox 1650 833 1778 869; x_wconf 82' lang='grc' dir='ltr'>δόλοισι</span> <span class='ocrx_word' id='word_1_726' title='bbox 1801 834 1857 869; x_wconf 84' lang='grc' dir='ltr'><strong>τὸν</strong></span> <span class='ocrx_word' id='word_1_727' title='bbox 1885 833 1957 880; x_wconf 87' lang='grc' dir='ltr'>βίον</span> <span class='ocrx_word' id='word_1_728' title='bbox 1978 832 2095 879; x_wconf 83' lang='grc' dir='ltr'>λαβὼν</span> 
     </span>
     <span class='ocr_line' id='line_1_110' title="bbox 1081 875 2095 930; baseline -0.002 -14"><span class='ocrx_word' id='word_1_729' title='bbox 1081 880 1318 927; x_wconf 82' lang='grc' dir='ltr'>ἀπεστέρηκας</span> <span class='ocrx_word' id='word_1_730' title='bbox 1347 882 1406 914; x_wconf 92' lang='lat' dir='ltr'><strong>Ph.</strong></span> <span class='ocrx_word' id='word_1_731' title='bbox 1441 880 1455 913; x_wconf 89' lang='lat'><strong>1</strong></span> <span class='ocrx_word' id='word_1_732' title='bbox 1507 879 1540 914; x_wconf 85' lang='lat'><strong>2.</strong></span> <span class='ocrx_word' id='word_1_733' title='bbox 1595 880 1634 915; x_wconf 83' lang='grc' dir='ltr'><strong>ἂν</strong></span> <span class='ocrx_word' id='word_1_734' title='bbox 1660 876 1684 930; x_wconf 73' lang='grc' dir='ltr'><em>ᾗ</em></span> <span class='ocrx_word' id='word_1_735' title='bbox 1712 880 1861 916; x_wconf 79' lang='grc' dir='ltr'>θέλουσα</span> <span class='ocrx_word' id='word_1_736' title='bbox 1885 875 1983 915; x_wconf 83' lang='grc' dir='ltr'>πάντ’</span> <span class='ocrx_word' id='word_1_737' title='bbox 2009 880 2095 926; x_wconf 88' lang='grc' dir='ltr'>ἐμοῦ</span> 
     </span>
     <span class='ocr_line' id='line_1_111' title="bbox 1081 926 2097 975; baseline -0.005 -11"><span class='ocrx_word' id='word_1_738' title='bbox 1081 928 1259 975; x_wconf 72' lang='grc' dir='ltr'>κομίζεται</span> <span class='ocrx_word' id='word_1_739' title='bbox 1283 930 1340 961; x_wconf 85' lang='lat' dir='ltr'><strong>OR</strong></span> <span class='ocrx_word' id='word_1_740' title='bbox 1366 926 1446 961; x_wconf 76' lang='lat'><strong>530.</strong></span> <span class='ocrx_word' id='word_1_741' title='bbox 1491 928 1578 974; x_wconf 88' lang='grc' dir='ltr'>ἐμοῦ</span> <span class='ocrx_word' id='word_1_742' title='bbox 1601 931 1700 972; x_wconf 90' lang='lat' dir='ltr'><strong>plane</strong></span> <span class='ocrx_word' id='word_1_743' title='bbox 1723 931 1833 962; x_wconf 87' lang='lat' dir='ltr'><strong>omitti</strong></span> <span class='ocrx_word' id='word_1_744' title='bbox 1860 930 1982 971; x_wconf 89' lang='lat' dir='ltr'><strong>potuit.</strong></span> <span class='ocrx_word' id='word_1_745' title='bbox 2028 929 2097 960; x_wconf 92' lang='lat' dir='ltr'><strong>Nec</strong></span> 
     </span>
     <span class='ocr_line' id='line_1_112' title="bbox 1082 974 2097 1022; baseline 0 -13"><span class='ocrx_word' id='word_1_746' title='bbox 1082 978 1306 1010; x_wconf 84' lang='lat' dir='ltr'><strong>necessarium</strong></span> <span class='ocrx_word' id='word_1_747' title='bbox 1325 981 1409 1014; x_wconf 69' lang='lat' dir='ltr'><strong>erat,</strong></span> <span class='ocrx_word' id='word_1_748' title='bbox 1443 979 1506 1009; x_wconf 84' lang='lat' dir='ltr'><strong>etsi</strong></span> <span class='ocrx_word' id='word_1_749' title='bbox 1533 978 1741 1010; x_wconf 87' lang='lat' dir='ltr'><strong>commodum</strong></span> <span class='ocrx_word' id='word_1_750' title='bbox 1758 982 1810 1009; x_wconf 86' lang='lat' dir='ltr'><strong>est</strong></span> <span class='ocrx_word' id='word_1_751' title='bbox 1826 974 1877 1010; x_wconf 76' lang='grc' dir='ltr'><strong>τίς</strong></span> <span class='ocrx_word' id='word_1_752' title='bbox 1894 974 1947 1010; x_wconf 85' lang='grc' dir='ltr'><strong>σοὶ</strong></span> <span class='ocrx_word' id='word_1_753' title='bbox 1965 986 2097 1022; x_wconf 82' lang='grc' dir='ltr'>μαρτυ-</span> 
     </span>
     <span class='ocr_line' id='line_1_113' title="bbox 1083 1021 2094 1071; baseline -0.002 -14"><span class='ocrx_word' id='word_1_754' title='bbox 1083 1024 1180 1071; x_wconf 86' lang='grc' dir='ltr'>ρήσει</span> <span class='ocrx_word' id='word_1_755' title='bbox 1194 1021 1286 1057; x_wconf 84' lang='grc' dir='ltr'>ταῦτ’</span> <span class='ocrx_word' id='word_1_756' title='bbox 1305 1021 1391 1068; x_wconf 86' lang='grc' dir='ltr'>ἐμοῦ</span> <span class='ocrx_word' id='word_1_757' title='bbox 1408 1021 1524 1057; x_wconf 83' lang='grc' dir='ltr'>κλύειν</span> <span class='ocrx_word' id='word_1_758' title='bbox 1542 1023 1651 1069; x_wconf 84' lang='grc' dir='ltr'>πάρα;</span> <span class='ocrx_word' id='word_1_759' title='bbox 1682 1025 1736 1056; x_wconf 89' lang='lat' dir='ltr'><strong>Tr.</strong></span> <span class='ocrx_word' id='word_1_760' title='bbox 1758 1021 1837 1056; x_wconf 87' lang='lat'><strong>421.</strong></span> <span class='ocrx_word' id='word_1_761' title='bbox 1880 1022 1916 1056; x_wconf 88' lang='grc' dir='ltr'><strong>σὲ</strong></span> <span class='ocrx_word' id='word_1_762' title='bbox 1934 1021 2094 1068; x_wconf 85' lang='grc' dir='ltr'>λίσσομαι</span> 
     </span>
     <span class='ocr_line' id='line_1_114' title="bbox 1083 1068 2093 1118; baseline -0.003 -11"><span class='ocrx_word' id='word_1_763' title='bbox 1083 1071 1162 1117; x_wconf 80' lang='grc' dir='ltr'>ἐμοὶ</span> <span class='ocrx_word' id='word_1_764' title='bbox 1186 1069 1349 1105; x_wconf 73' lang='grc' dir='ltr'>πιθέσθαι</span> <span class='ocrx_word' id='word_1_765' title='bbox 1373 1071 1426 1102; x_wconf 87' lang='lat' dir='ltr'><strong>El.</strong></span> <span class='ocrx_word' id='word_1_766' title='bbox 1455 1068 1535 1103; x_wconf 91' lang='lat'><strong>429.</strong></span> <span class='ocrx_word' id='word_1_767' title='bbox 1589 1069 1679 1105; x_wconf 85' lang='grc' dir='ltr'>ἀλλά</span> <span class='ocrx_word' id='word_1_768' title='bbox 1706 1082 1748 1116; x_wconf 91' lang='grc' dir='ltr'>με</span> <span class='ocrx_word' id='word_1_769' title='bbox 1781 1069 1894 1118; x_wconf 79' lang='grc' dir='ltr'>λόγοις</span> <span class='ocrx_word' id='word_1_770' title='bbox 1918 1068 2093 1111; x_wconf 78' lang='grc' dir='ltr'>ἀπώλλυς,</span> 
     </span>
     <span class='ocr_line' id='line_1_115' title="bbox 1082 1112 2097 1166; baseline -0.002 -13"><span class='ocrx_word' id='word_1_771' title='bbox 1082 1113 1150 1166; x_wconf 79' lang='grc' dir='ltr'>ἔργ’</span> <span class='ocrx_word' id='word_1_772' title='bbox 1168 1117 1260 1166; x_wconf 74' lang='grc' dir='ltr'>ἐγων</span> <span class='ocrx_word' id='word_1_773' title='bbox 1272 1112 1383 1163; x_wconf 78' lang='grc' dir='ltr'>ἥδιστ’</span> <span class='ocrx_word' id='word_1_774' title='bbox 1401 1117 1497 1163; x_wconf 82' lang='grc' dir='ltr'>ἐμοί;</span> <span class='ocrx_word' id='word_1_775' title='bbox 1519 1116 1619 1151; x_wconf 89' lang='grc'>1360.</span> <span class='ocrx_word' id='word_1_776' title='bbox 1648 1120 1676 1151; x_wconf 87' lang='grc' dir='ltr'>Ε</span> <span class='ocrx_word' id='word_1_777' title='bbox 1690 1121 1823 1159; x_wconf 89' lang='lat' dir='ltr'><strong>regione</strong></span> <span class='ocrx_word' id='word_1_778' title='bbox 1842 1120 1987 1160; x_wconf 82' lang='lat' dir='ltr'><strong>positum</strong></span> <span class='ocrx_word' id='word_1_779' title='bbox 2006 1115 2097 1151; x_wconf 87' lang='grc' dir='ltr'>ἀλλά</span> 
     </span>
     <span class='ocr_line' id='line_1_116' title="bbox 1084 1160 2097 1212; baseline -0.002 -13"><span class='ocrx_word' id='word_1_780' title='bbox 1084 1178 1126 1212; x_wconf 89' lang='grc' dir='ltr'>με</span> <span class='ocrx_word' id='word_1_781' title='bbox 1144 1160 1309 1200; x_wconf 73' lang='grc' dir='ltr'>ἀπῶλλυς</span> <span class='ocrx_word' id='word_1_782' title='bbox 1326 1176 1395 1198; x_wconf 90' lang='lat' dir='ltr'><strong>rem</strong></span> <span class='ocrx_word' id='word_1_783' title='bbox 1415 1167 1495 1198; x_wconf 88' lang='lat' dir='ltr'><strong>satis</strong></span> <span class='ocrx_word' id='word_1_784' title='bbox 1513 1167 1667 1198; x_wconf 83' lang='lat' dir='ltr'><strong>declarat.</strong></span> <span class='ocrx_word' id='word_1_785' title='bbox 1711 1165 1838 1199; x_wconf 86' lang='grc' dir='ltr'>θᾶσσον</span> <span class='ocrx_word' id='word_1_786' title='bbox 1856 1163 1895 1199; x_wconf 81' lang='grc' dir='ltr'><strong>ἂν</strong></span> <span class='ocrx_word' id='word_1_787' title='bbox 1912 1168 1975 1211; x_wconf 81' lang='grc' dir='ltr'>τῆς</span> <span class='ocrx_word' id='word_1_788' title='bbox 1995 1163 2097 1197; x_wconf 84' lang='grc' dir='ltr'>πλεῖ-</span> 
     </span>
     <span class='ocr_line' id='line_1_117' title="bbox 1083 1209 2098 1261; baseline -0.003 -13"><span class='ocrx_word' id='word_1_789' title='bbox 1083 1225 1160 1248; x_wconf 87' lang='grc' dir='ltr'>στον</span> <span class='ocrx_word' id='word_1_790' title='bbox 1179 1211 1343 1259; x_wconf 86' lang='grc' dir='ltr'>ἐχθίστης</span> <span class='ocrx_word' id='word_1_791' title='bbox 1362 1211 1441 1256; x_wconf 88' lang='grc' dir='ltr'>ἐμοὶ</span> <span class='ocrx_word' id='word_1_792' title='bbox 1453 1210 1589 1257; x_wconf 80' lang='grc' dir='ltr'>κλύοιμ’</span> <span class='ocrx_word' id='word_1_793' title='bbox 1606 1211 1745 1261; x_wconf 81' lang='grc' dir='ltr'>ἐχίδνης</span> <span class='ocrx_word' id='word_1_794' title='bbox 1758 1212 1818 1245; x_wconf 69' lang='grc' dir='ltr'><strong>Ρὶ.</strong></span> <span class='ocrx_word' id='word_1_795' title='bbox 1839 1209 1919 1245; x_wconf 82' lang='lat'><strong>631.</strong></span> <span class='ocrx_word' id='word_1_796' title='bbox 1949 1210 2098 1245; x_wconf 83' lang='grc' dir='ltr'>ἐνταῦθά</span> 
     </span>
     <span class='ocr_line' id='line_1_118' title="bbox 1084 1256 2096 1353; baseline -0.003 -11"><span class='ocrx_word' id='word_1_797' title='bbox 1084 1258 1272 1342; x_wconf 56' lang='grc' dir='ltr'><strong>ΐέἒιῖρῖῗ</strong></span> <span class='ocrx_word' id='word_1_798' title='bbox 1283 1271 1320 1341; x_wconf 72' lang='grc' dir='ltr'><strong>ἶῗ</strong></span> <span class='ocrx_word' id='word_1_799' title='bbox 1334 1256 2096 1353; x_wconf 51' lang='grc' dir='ltr'>ἒιῗῖνάὄῖἒρᾲὄεσυή”ἔῖἓ9ἶτῖκιῗῡὲῗ’λι’Σῖ</span> 
     </span>
     <span class='ocr_line' id='line_1_119' title="bbox 1085 1318 2097 1403; baseline -0.004 -14"><span class='ocrx_word' id='word_1_800' title='bbox 1085 1319 1345 1403; x_wconf 44' lang='grc' dir='ltr'>δικαίωέιεῖχοί,</span> <span class='ocrx_word' id='word_1_801' title='bbox 1367 1354 1414 1388; x_wconf 75' lang='grc' dir='ltr'><strong>ὡς</strong></span> <span class='ocrx_word' id='word_1_802' title='bbox 1428 1353 1575 1401; x_wconf 76' lang='grc' dir='ltr'>στέργειν</span> <span class='ocrx_word' id='word_1_803' title='bbox 1593 1352 1656 1399; x_wconf 85' lang='grc' dir='ltr'><strong>ἐμέ</strong></span> <span class='ocrx_word' id='word_1_804' title='bbox 1671 1355 1752 1386; x_wconf 89' lang='lat' dir='ltr'><strong>Ant.</strong></span> <span class='ocrx_word' id='word_1_805' title='bbox 1770 1351 1849 1386; x_wconf 83' lang='grc'>292.</span> <span class='ocrx_word' id='word_1_806' title='bbox 1881 1319 1982 1399; x_wconf 56' lang='grc' dir='ltr'>στίέγη</span> <span class='ocrx_word' id='word_1_807' title='bbox 2002 1318 2097 1387; x_wconf 47' lang='grc' dir='ltr'>τῖιίνέ</span> 
     </span>
     <span class='ocr_line' id='line_1_120' title="bbox 1085 1398 2097 1448; baseline -0.003 -11"><span class='ocrx_word' id='word_1_808' title='bbox 1085 1401 1268 1448; x_wconf 79' lang='grc' dir='ltr'>ἐκπορίζει,</span> <span class='ocrx_word' id='word_1_809' title='bbox 1290 1400 1381 1447; x_wconf 84' lang='grc' dir='ltr'>πλὴν</span> <span class='ocrx_word' id='word_1_810' title='bbox 1398 1401 1437 1436; x_wconf 88' lang='grc' dir='ltr'><strong>τὸ</strong></span> <span class='ocrx_word' id='word_1_811' title='bbox 1482 1402 1504 1448; x_wconf 78' lang='grc' dir='ltr'>ἡ</span> <span class='ocrx_word' id='word_1_812' title='bbox 1522 1404 1632 1435; x_wconf 85' lang='grc' dir='ltr'>νοσεῖν</span> <span class='ocrx_word' id='word_1_813' title='bbox 1652 1399 1715 1445; x_wconf 88' lang='grc' dir='ltr'><strong>ἐμέ</strong></span> <span class='ocrx_word' id='word_1_814' title='bbox 1732 1402 1793 1433; x_wconf 88' lang='lat' dir='ltr'><strong>Ph.</strong></span> <span class='ocrx_word' id='word_1_815' title='bbox 1806 1398 1886 1433; x_wconf 82' lang='lat'><strong>299.</strong></span> <span class='ocrx_word' id='word_1_816' title='bbox 1917 1413 1942 1446; x_wconf 84' lang='grc' dir='ltr'>μ</span> <span class='ocrx_word' id='word_1_817' title='bbox 1986 1399 2097 1446; x_wconf 78' lang='grc' dir='ltr'>παρῆς</span> 
     </span>
     <span class='ocr_line' id='line_1_121' title="bbox 1086 1401 2097 1495; baseline -0.004 -11"><span class='ocrx_word' id='word_1_818' title='bbox 1086 1452 1211 1484; x_wconf 84' lang='grc' dir='ltr'>σαυτοῦ</span> <span class='ocrx_word' id='word_1_819' title='bbox 1230 1448 1367 1495; x_wconf 81' lang='grc' dir='ltr'>βροτοῖς</span> <span class='ocrx_word' id='word_1_820' title='bbox 1385 1414 1525 1489; x_wconf 50' lang='grc' dir='ltr'>ὄνειδος,</span> <span class='ocrx_word' id='word_1_821' title='bbox 1547 1446 1660 1482; x_wconf 81' lang='grc' dir='ltr'>ἐκκλέ·</span> <span class='ocrx_word' id='word_1_822' title='bbox 1681 1460 1720 1486; x_wconf 82' lang='grc' dir='ltr'><strong>ας</strong></span> <span class='ocrx_word' id='word_1_823' title='bbox 1739 1447 1802 1494; x_wconf 83' lang='grc' dir='ltr'><strong>ἐμέ</strong></span> <span class='ocrx_word' id='word_1_824' title='bbox 1819 1445 1898 1480; x_wconf 85' lang='grc'>968.</span> <span class='ocrx_word' id='word_1_825' title='bbox 1928 1401 2016 1493; x_wconf 55' lang='grc' dir='ltr'>α16τη</span> <span class='ocrx_word' id='word_1_826' title='bbox 2033 1433 2097 1494; x_wconf 64' lang='grc' dir='ltr'>γὰρ</span> 
     </span>
     <span class='ocr_line' id='line_1_122' title="bbox 1084 1493 2098 1544; baseline -0.004 -14"><span class='ocrx_word' id='word_1_827' title='bbox 1084 1496 1126 1543; x_wconf 81' lang='grc' dir='ltr'><strong>ἦν</strong></span> <span class='ocrx_word' id='word_1_828' title='bbox 1145 1508 1196 1531; x_wconf 92' lang='grc' dir='ltr'><strong>σοι</strong></span> <span class='ocrx_word' id='word_1_829' title='bbox 1214 1495 1381 1544; x_wconf 74' lang='grc' dir='ltr'>πρόφασις</span> <span class='ocrx_word' id='word_1_830' title='bbox 1399 1495 1557 1542; x_wconf 77' lang='grc' dir='ltr'>ἐκβαλεῖν</span> <span class='ocrx_word' id='word_1_831' title='bbox 1575 1493 1640 1541; x_wconf 89' lang='grc' dir='ltr'><strong>ἐμέ</strong></span> <span class='ocrx_word' id='word_1_832' title='bbox 1679 1493 1759 1528; x_wconf 89' lang='grc'>034.</span> <span class='ocrx_word' id='word_1_833' title='bbox 1800 1497 1918 1536; x_wconf 84' lang='lat' dir='ltr'><strong>Inepte</strong></span> <span class='ocrx_word' id='word_1_834' title='bbox 1937 1497 2027 1528; x_wconf 91' lang='lat' dir='ltr'><strong>enim</strong></span> <span class='ocrx_word' id='word_1_835' title='bbox 2045 1496 2098 1526; x_wconf 92' lang='lat' dir='ltr'><strong>in-</strong></span> 
     </span>
     <span class='ocr_line' id='line_1_123' title="bbox 1085 1541 2098 1588; baseline -0.005 -11"><span class='ocrx_word' id='word_1_836' title='bbox 1085 1549 1137 1577; x_wconf 91' lang='lat' dir='ltr'><strong>ter</strong></span> <span class='ocrx_word' id='word_1_837' title='bbox 1155 1543 1218 1585; x_wconf 87' lang='grc' dir='ltr'>σοί,</span> <span class='ocrx_word' id='word_1_838' title='bbox 1240 1545 1269 1576; x_wconf 88' lang='lat' dir='ltr'><strong>si</strong></span> <span class='ocrx_word' id='word_1_839' title='bbox 1287 1546 1335 1576; x_wconf 87' lang='lat' dir='ltr'><strong>sic</strong></span> <span class='ocrx_word' id='word_1_840' title='bbox 1353 1545 1573 1584; x_wconf 87' lang='lat' dir='ltr'><strong>scriberetur,</strong></span> <span class='ocrx_word' id='word_1_841' title='bbox 1602 1548 1635 1575; x_wconf 90' lang='lat' dir='ltr'><strong>et</strong></span> <span class='ocrx_word' id='word_1_842' title='bbox 1661 1541 1725 1588; x_wconf 87' lang='grc' dir='ltr'><strong>ἐμέ</strong></span> <span class='ocrx_word' id='word_1_843' title='bbox 1750 1547 1967 1585; x_wconf 87' lang='lat' dir='ltr'><strong>quaereretur</strong></span> <span class='ocrx_word' id='word_1_844' title='bbox 1993 1543 2098 1583; x_wconf 81' lang='lat' dir='ltr'><strong>figura</strong></span> 
     </span>
     <span class='ocr_line' id='line_1_124' title="bbox 1085 1587 2099 1636; baseline -0.003 -12"><span class='ocrx_word' id='word_1_845' title='bbox 1085 1593 1254 1624; x_wconf 85' lang='lat' dir='ltr'><strong>antitheti.</strong></span> <span class='ocrx_word' id='word_1_846' title='bbox 1291 1589 1425 1636; x_wconf 79' lang='grc' dir='ltr'>ἄριστος</span> <span class='ocrx_word' id='word_1_847' title='bbox 1443 1588 1555 1625; x_wconf 85' lang='grc' dir='ltr'>ἐλθὼν</span> <span class='ocrx_word' id='word_1_848' title='bbox 1574 1589 1658 1636; x_wconf 73' lang='grc' dir='ltr'>πρὸς</span> <span class='ocrx_word' id='word_1_849' title='bbox 1673 1589 1834 1623; x_wconf 88' lang='grc' dir='ltr'>κάκιστον</span> <span class='ocrx_word' id='word_1_850' title='bbox 1852 1587 1944 1636; x_wconf 80' lang='grc' dir='ltr'>ἄνδρ’</span> <span class='ocrx_word' id='word_1_851' title='bbox 1961 1588 2024 1635; x_wconf 81' lang='grc' dir='ltr'><strong>ἐμέ</strong></span> <span class='ocrx_word' id='word_1_852' title='bbox 2041 1590 2099 1621; x_wconf 80' lang='lat' dir='ltr'><strong>OR</strong></span> 
     </span>
     <span class='ocr_line' id='line_1_125' title="bbox 1088 1632 2099 1685; baseline -0.002 -14"><span class='ocrx_word' id='word_1_853' title='bbox 1088 1637 1187 1671; x_wconf 90' lang='lat'><strong>1433.</strong></span> <span class='ocrx_word' id='word_1_854' title='bbox 1220 1637 1310 1684; x_wconf 89' lang='grc' dir='ltr'>μηδέ</span> <span class='ocrx_word' id='word_1_855' title='bbox 1329 1649 1371 1682; x_wconf 89' lang='grc' dir='ltr'>με</span> <span class='ocrx_word' id='word_1_856' title='bbox 1389 1632 1532 1685; x_wconf 57' lang='grc' dir='ltr'>φύλακ’</span> <span class='ocrx_word' id='word_1_857' title='bbox 1549 1636 1712 1683; x_wconf 74' lang='grc' dir='ltr'>ἐφορμῶν</span> <span class='ocrx_word' id='word_1_858' title='bbox 1732 1636 1815 1671; x_wconf 82' lang='grc' dir='ltr'>ἔνθα</span> <span class='ocrx_word' id='word_1_859' title='bbox 1830 1636 1900 1683; x_wconf 83' lang='grc' dir='ltr'>χρὴ</span> <span class='ocrx_word' id='word_1_860' title='bbox 1914 1635 2018 1670; x_wconf 86' lang='grc' dir='ltr'>ναίειν</span> <span class='ocrx_word' id='word_1_861' title='bbox 2037 1635 2099 1680; x_wconf 87' lang='grc' dir='ltr'><strong>ἐμέ</strong></span> 
     </span>
     <span class='ocr_line' id='line_1_126' title="bbox 1085 1677 2098 1731; baseline -0.004 -12"><span class='ocrx_word' id='word_1_862' title='bbox 1085 1687 1140 1719; x_wconf 92' lang='lat' dir='ltr'><strong>OC</strong></span> <span class='ocrx_word' id='word_1_863' title='bbox 1158 1684 1239 1718; x_wconf 88' lang='lat'><strong>812.</strong></span> <span class='ocrx_word' id='word_1_864' title='bbox 1283 1684 1346 1719; x_wconf 85' lang='grc' dir='ltr'><strong>κλέ</strong></span> <span class='ocrx_word' id='word_1_865' title='bbox 1375 1697 1414 1723; x_wconf 82' lang='grc' dir='ltr'><strong>ας</strong></span> <span class='ocrx_word' id='word_1_866' title='bbox 1435 1685 1494 1719; x_wconf 90' lang='grc' dir='ltr'><strong>τὸν</strong></span> <span class='ocrx_word' id='word_1_867' title='bbox 1515 1683 1630 1730; x_wconf 78' lang='grc' dir='ltr'>ἱκέτην</span> <span class='ocrx_word' id='word_1_868' title='bbox 1648 1682 1775 1731; x_wconf 89' lang='grc' dir='ltr'>γέροντ’</span> <span class='ocrx_word' id='word_1_869' title='bbox 1794 1683 1858 1728; x_wconf 90' lang='grc' dir='ltr'><strong>ἐμέ</strong></span> <span class='ocrx_word' id='word_1_870' title='bbox 1879 1682 1979 1717; x_wconf 83' lang='grc'>1008.</span> <span class='ocrx_word' id='word_1_871' title='bbox 2015 1683 2053 1716; x_wconf 91' lang='grc' dir='ltr'><strong>τὸ</strong></span> <span class='ocrx_word' id='word_1_872' title='bbox 2071 1677 2098 1715; x_wconf 82' lang='grc' dir='ltr'><strong>δ’</strong></span> 
     </span>
     <span class='ocr_line' id='line_1_127' title="bbox 1084 1728 2096 1779; baseline -0.003 -14"><span class='ocrx_word' id='word_1_873' title='bbox 1084 1732 1126 1779; x_wconf 82' lang='grc' dir='ltr'><strong>ἦν</strong></span> <span class='ocrx_word' id='word_1_874' title='bbox 1145 1728 1197 1779; x_wconf 81' lang='grc' dir='ltr'>ἄρ’</span> <span class='ocrx_word' id='word_1_875' title='bbox 1215 1731 1313 1767; x_wconf 85' lang='grc' dir='ltr'>οὐδὲν</span> <span class='ocrx_word' id='word_1_876' title='bbox 1363 1731 1426 1766; x_wconf 88' lang='grc' dir='ltr'><strong>λλο</strong></span> <span class='ocrx_word' id='word_1_877' title='bbox 1451 1731 1543 1778; x_wconf 83' lang='grc' dir='ltr'>πλὴν</span> <span class='ocrx_word' id='word_1_878' title='bbox 1560 1730 1676 1766; x_wconf 88' lang='grc' dir='ltr'>θανεῖν</span> <span class='ocrx_word' id='word_1_879' title='bbox 1703 1730 1766 1776; x_wconf 87' lang='grc' dir='ltr'><strong>ἐμέ</strong></span> <span class='ocrx_word' id='word_1_880' title='bbox 1790 1733 1845 1764; x_wconf 83' lang='lat' dir='ltr'><strong>Tr.</strong></span> <span class='ocrx_word' id='word_1_881' title='bbox 1870 1729 1972 1764; x_wconf 83' lang='lat'><strong>1172.</strong></span> <span class='ocrx_word' id='word_1_882' title='bbox 1994 1747 2096 1762; x_wconf 91' lang='lat'><strong>—.—</strong></span> 
     </span>
     <span class='ocr_line' id='line_1_128' title="bbox 1084 1778 2098 1823; baseline -0.003 -11"><span class='ocrx_word' id='word_1_883' title='bbox 1084 1778 1118 1812; x_wconf 90' lang='lat'><strong>2.</strong></span> <span class='ocrx_word' id='word_1_884' title='bbox 1140 1781 1154 1823; x_wconf 84' lang='grc' dir='ltr'><strong>ΙΙ</strong></span> <span class='ocrx_word' id='word_1_885' title='bbox 1173 1781 1296 1813; x_wconf 90' lang='lat' dir='ltr'><strong>Contra</strong></span> <span class='ocrx_word' id='word_1_886' title='bbox 1311 1781 1490 1812; x_wconf 86' lang='lat' dir='ltr'><strong>inclinatae</strong></span> <span class='ocrx_word' id='word_1_887' title='bbox 1503 1781 1626 1812; x_wconf 82' lang='lat' dir='ltr'><strong>formae</strong></span> <span class='ocrx_word' id='word_1_888' title='bbox 1639 1783 1786 1819; x_wconf 78' lang='lat' dir='ltr'><strong>exstant,</strong></span> <span class='ocrx_word' id='word_1_889' title='bbox 1807 1781 1866 1811; x_wconf 91' lang='lat' dir='ltr'><strong>ubi</strong></span> <span class='ocrx_word' id='word_1_890' title='bbox 1883 1780 2004 1811; x_wconf 90' lang='lat' dir='ltr'><strong>melius</strong></span> <span class='ocrx_word' id='word_1_891' title='bbox 2018 1788 2098 1810; x_wconf 90' lang='lat' dir='ltr'><strong>con-</strong></span> 
     </span>
     <span class='ocr_line' id='line_1_129' title="bbox 1085 1827 2098 1867; baseline -0.004 -7"><span class='ocrx_word' id='word_1_892' title='bbox 1085 1829 1200 1860; x_wconf 86' lang='lat' dir='ltr'><strong>venire</strong></span> <span class='ocrx_word' id='word_1_893' title='bbox 1217 1832 1346 1859; x_wconf 83' lang='lat' dir='ltr'><strong>rectum</strong></span> <span class='ocrx_word' id='word_1_894' title='bbox 1364 1831 1482 1859; x_wconf 91' lang='lat' dir='ltr'><strong>tonum</strong></span> <span class='ocrx_word' id='word_1_895' title='bbox 1499 1827 1639 1859; x_wconf 80' lang='lat' dir='ltr'><strong>dixeris.</strong></span> <span class='ocrx_word' id='word_1_896' title='bbox 1670 1828 1744 1858; x_wconf 90' lang='lat' dir='ltr'><strong>Huc</strong></span> <span class='ocrx_word' id='word_1_897' title='bbox 1761 1828 1849 1858; x_wconf 77' lang='lat' dir='ltr'><strong>refer</strong></span> <span class='ocrx_word' id='word_1_898' title='bbox 1866 1827 2098 1867; x_wconf 83' lang='lat' dir='ltr'><strong>exemplorum</strong></span> 
     </span>
     <span class='ocr_line' id='line_1_130' title="bbox 1085 1874 2097 1917; baseline -0.004 -10"><span class='ocrx_word' id='word_1_899' title='bbox 1085 1885 1170 1917; x_wconf 91' lang='lat' dir='ltr'><strong>quae</strong></span> <span class='ocrx_word' id='word_1_900' title='bbox 1187 1876 1388 1907; x_wconf 90' lang='lat' dir='ltr'><strong>inclinatum</strong></span> <span class='ocrx_word' id='word_1_901' title='bbox 1412 1878 1488 1915; x_wconf 91' lang='lat' dir='ltr'><strong>post</strong></span> <span class='ocrx_word' id='word_1_902' title='bbox 1503 1874 1785 1915; x_wconf 86' lang='lat' dir='ltr'><strong>praepositionem</strong></span> <span class='ocrx_word' id='word_1_903' title='bbox 1802 1882 1984 1914; x_wconf 87' lang='lat' dir='ltr'><strong>pronomen</strong></span> <span class='ocrx_word' id='word_1_904' title='bbox 2002 1882 2097 1904; x_wconf 91' lang='lat' dir='ltr'><strong>mon—</strong></span> 
     </span>
     <span class='ocr_line' id='line_1_131' title="bbox 1086 1919 2097 1963; baseline -0.004 -9"><span class='ocrx_word' id='word_1_905' title='bbox 1086 1927 1203 1963; x_wconf 87' lang='lat' dir='ltr'><strong>strant,</strong></span> <span class='ocrx_word' id='word_1_906' title='bbox 1227 1923 1283 1954; x_wconf 88' lang='lat' dir='ltr'><strong>Tr.</strong></span> <span class='ocrx_word' id='word_1_907' title='bbox 1304 1919 1384 1954; x_wconf 92' lang='lat'><strong>995.</strong></span> <span class='ocrx_word' id='word_1_908' title='bbox 1429 1922 1563 1954; x_wconf 89' lang='lat' dir='ltr'><strong>Deinde</strong></span> <span class='ocrx_word' id='word_1_909' title='bbox 1579 1931 1618 1953; x_wconf 90' lang='lat' dir='ltr'><strong>ea</strong></span> <span class='ocrx_word' id='word_1_910' title='bbox 1643 1925 1845 1962; x_wconf 86' lang='lat' dir='ltr'><strong>sequantur,</strong></span> <span class='ocrx_word' id='word_1_911' title='bbox 1873 1930 1957 1962; x_wconf 86' lang='lat' dir='ltr'><strong>quae</strong></span> <span class='ocrx_word' id='word_1_912' title='bbox 1974 1929 2097 1961; x_wconf 89' lang='lat' dir='ltr'><strong>prono-</strong></span> 
     </span>
     <span class='ocr_line' id='line_1_132' title="bbox 1087 1961 2099 2010; baseline -0.003 -8"><span class='ocrx_word' id='word_1_913' title='bbox 1087 1980 1164 2002; x_wconf 91' lang='lat' dir='ltr'><strong>men</strong></span> <span class='ocrx_word' id='word_1_914' title='bbox 1183 1970 1240 2001; x_wconf 88' lang='lat' dir='ltr'><strong>alii</strong></span> <span class='ocrx_word' id='word_1_915' title='bbox 1264 1970 1395 2001; x_wconf 89' lang='lat' dir='ltr'><strong>cuidam</strong></span> <span class='ocrx_word' id='word_1_916' title='bbox 1420 1969 1548 2001; x_wconf 88' lang='lat' dir='ltr'><strong>notioni</strong></span> <span class='ocrx_word' id='word_1_917' title='bbox 1571 1970 1762 2010; x_wconf 86' lang='lat' dir='ltr'><strong>oppositum</strong></span> <span class='ocrx_word' id='word_1_918' title='bbox 1785 1968 1921 2000; x_wconf 90' lang='lat' dir='ltr'><strong>habent.</strong></span> <span class='ocrx_word' id='word_1_919' title='bbox 1966 1961 2041 2000; x_wconf 81' lang='grc' dir='ltr'>ἀλλ’</span> <span class='ocrx_word' id='word_1_920' title='bbox 2058 1964 2099 1999; x_wconf 85' lang='grc' dir='ltr'><strong>ἔα</strong></span> 
     </span>
     <span class='ocr_line' id='line_1_133' title="bbox 1088 2008 2098 2062; baseline -0.005 -11"><span class='ocrx_word' id='word_1_921' title='bbox 1088 2028 1131 2062; x_wconf 88' lang='grc' dir='ltr'>με</span> <span class='ocrx_word' id='word_1_922' title='bbox 1146 2016 1206 2050; x_wconf 90' lang='grc' dir='ltr'><strong>καὶ</strong></span> <span class='ocrx_word' id='word_1_923' title='bbox 1221 2015 1285 2061; x_wconf 72' lang='grc' dir='ltr'><strong>τὴν</strong></span> <span class='ocrx_word' id='word_1_924' title='bbox 1304 2014 1340 2056; x_wconf 79' lang='grc' dir='ltr'><strong>ἐξ</strong></span> <span class='ocrx_word' id='word_1_925' title='bbox 1361 2014 1447 2060; x_wconf 88' lang='grc' dir='ltr'>ἐμοῦ</span> <span class='ocrx_word' id='word_1_926' title='bbox 1474 2013 1678 2061; x_wconf 81' lang='grc' dir='ltr'>δυσβουλίαν</span> <span class='ocrx_word' id='word_1_927' title='bbox 1704 2016 1786 2048; x_wconf 88' lang='lat' dir='ltr'><strong>Ant.</strong></span> <span class='ocrx_word' id='word_1_928' title='bbox 1815 2013 1871 2047; x_wconf 88' lang='lat'><strong>95.</strong></span> <span class='ocrx_word' id='word_1_929' title='bbox 1942 2013 1959 2061; x_wconf 60' lang='lat' dir='ltr'><em>J</em></span> <span class='ocrx_word' id='word_1_930' title='bbox 1977 2008 2003 2047; x_wconf 78' lang='grc' dir='ltr'><strong>δ’</strong></span> <span class='ocrx_word' id='word_1_931' title='bbox 2022 2012 2098 2047; x_wconf 84' lang='grc' dir='ltr'>ἐπι-</span> 
     </span>
     <span class='ocr_line' id='line_1_134' title="bbox 1087 2057 2097 2112; baseline -0.005 -14"><span class='ocrx_word' id='word_1_932' title='bbox 1087 2062 1202 2112; x_wconf 76' lang='grc' dir='ltr'>στήμῃ</span> <span class='ocrx_word' id='word_1_933' title='bbox 1222 2062 1260 2097; x_wconf 84' lang='grc' dir='ltr'><strong>σύ</strong></span> <span class='ocrx_word' id='word_1_934' title='bbox 1280 2075 1346 2109; x_wconf 92' lang='grc' dir='ltr'><strong>μου</strong></span> <span class='ocrx_word' id='word_1_935' title='bbox 1364 2061 1451 2109; x_wconf 84' lang='grc' dir='ltr'>πρού</span> <span class='ocrx_word' id='word_1_936' title='bbox 1479 2074 1529 2100; x_wconf 74' lang='lat' dir='ltr'><strong>ot&lt;</strong></span> <span class='ocrx_word' id='word_1_937' title='bbox 1545 2057 1624 2110; x_wconf 80' lang='grc' dir='ltr'>τάχ’</span> <span class='ocrx_word' id='word_1_938' title='bbox 1642 2061 1683 2096; x_wconf 82' lang='grc' dir='ltr'><strong>ἄν</strong></span> <span class='ocrx_word' id='word_1_939' title='bbox 1702 2073 1766 2096; x_wconf 92' lang='grc' dir='ltr'><strong>που</strong></span> <span class='ocrx_word' id='word_1_940' title='bbox 1781 2063 1839 2095; x_wconf 86' lang='lat' dir='ltr'><strong>OR</strong></span> <span class='ocrx_word' id='word_1_941' title='bbox 1854 2059 1956 2094; x_wconf 88' lang='lat'><strong>1115.</strong></span> <span class='ocrx_word' id='word_1_942' title='bbox 1982 2057 2097 2106; x_wconf 78' lang='grc' dir='ltr'>ἥσθην</span> 
     </span>
     <span class='ocr_line' id='line_1_135' title="bbox 1086 2073 2099 2189; baseline -0.003 -45"><span class='ocrx_word' id='word_1_943' title='bbox 1086 2109 1218 2157; x_wconf 88' lang='grc' dir='ltr'>πατέρα</span> <span class='ocrx_word' id='word_1_944' title='bbox 1234 2122 1270 2144; x_wconf 85' lang='grc' dir='ltr'><strong>τε</strong></span> <span class='ocrx_word' id='word_1_945' title='bbox 1286 2110 1344 2144; x_wconf 89' lang='grc' dir='ltr'><strong>τὸν</strong></span> <span class='ocrx_word' id='word_1_946' title='bbox 1362 2109 1444 2155; x_wconf 88' lang='grc' dir='ltr'>ἐμὸν</span> <span class='ocrx_word' id='word_1_947' title='bbox 1453 2073 1564 2189; x_wconf 61' lang='grc' dir='ltr'>ῖάμὸν</span> <span class='ocrx_word' id='word_1_948' title='bbox 1582 2111 1685 2142; x_wconf 89' lang='lat' dir='ltr'><strong>Dind.</strong></span> <span class='ocrx_word' id='word_1_949' title='bbox 1707 2120 1734 2142; x_wconf 91' lang='lat' dir='ltr'><strong>c.</strong></span> <span class='ocrx_word' id='word_1_950' title='bbox 1757 2107 1875 2154; x_wconf 86' lang='lat' dir='ltr'><strong>Tricl.]</strong></span> <span class='ocrx_word' id='word_1_951' title='bbox 1893 2106 2099 2154; x_wconf 86' lang='grc' dir='ltr'>εὐλογοῦντά</span> 
     </span>
     <span class='ocr_line' id='line_1_136' title="bbox 1087 2153 2097 2203; baseline -0.004 -11"><span class='ocrx_word' id='word_1_952' title='bbox 1087 2169 1123 2191; x_wconf 87' lang='grc' dir='ltr'><strong>σε</strong></span> <span class='ocrx_word' id='word_1_953' title='bbox 1139 2156 1240 2192; x_wconf 85' lang='grc' dir='ltr'>αὐτόν</span> <span class='ocrx_word' id='word_1_954' title='bbox 1258 2156 1296 2191; x_wconf 87' lang='grc' dir='ltr'><strong>τέ</strong></span> <span class='ocrx_word' id='word_1_955' title='bbox 1314 2169 1357 2203; x_wconf 88' lang='grc' dir='ltr'>με</span> <span class='ocrx_word' id='word_1_956' title='bbox 1374 2158 1434 2190; x_wconf 89' lang='lat' dir='ltr'><strong>Ph.</strong></span> <span class='ocrx_word' id='word_1_957' title='bbox 1480 2155 1560 2189; x_wconf 88' lang='lat'><strong>314.</strong></span> <span class='ocrx_word' id='word_1_958' title='bbox 1606 2158 1752 2189; x_wconf 84' lang='lat' dir='ltr'><strong>Brunck.</strong></span> <span class='ocrx_word' id='word_1_959' title='bbox 1781 2163 1815 2189; x_wconf 88' lang='lat' dir='ltr'><strong>et</strong></span> <span class='ocrx_word' id='word_1_960' title='bbox 1838 2158 1966 2189; x_wconf 89' lang='lat' dir='ltr'><strong>Buttm.</strong></span> <span class='ocrx_word' id='word_1_961' title='bbox 1995 2153 2097 2189; x_wconf 81' lang='grc' dir='ltr'>αὐτόν</span> 
     </span>
     <span class='ocr_line' id='line_1_137' title="bbox 1085 2200 2098 2250; baseline -0.004 -12"><span class='ocrx_word' id='word_1_962' title='bbox 1085 2200 1114 2238; x_wconf 82' lang='grc' dir='ltr'><strong>τ’</strong></span> <span class='ocrx_word' id='word_1_963' title='bbox 1131 2204 1206 2250; x_wconf 83' lang='grc' dir='ltr'>ἐμέ,</span> <span class='ocrx_word' id='word_1_964' title='bbox 1228 2206 1315 2247; x_wconf 89' lang='lat' dir='ltr'><strong>quod</strong></span> <span class='ocrx_word' id='word_1_965' title='bbox 1332 2206 1518 2247; x_wconf 90' lang='lat' dir='ltr'><strong>probarem,</strong></span> <span class='ocrx_word' id='word_1_966' title='bbox 1538 2206 1566 2236; x_wconf 88' lang='lat' dir='ltr'><strong>si</strong></span> <span class='ocrx_word' id='word_1_967' title='bbox 1583 2206 1659 2236; x_wconf 86' lang='lat' dir='ltr'><strong>libri</strong></span> <span class='ocrx_word' id='word_1_968' title='bbox 1675 2205 1980 2236; x_wconf 88' lang='lat' dir='ltr'><strong>subministrarent.</strong></span> <span class='ocrx_word' id='word_1_969' title='bbox 2004 2202 2098 2241; x_wconf 89' lang='lat' dir='ltr'><strong>Quod</strong></span> 
     </span>
     <span class='ocr_line' id='line_1_138' title="bbox 1087 2249 2097 2296; baseline -0.003 -12"><span class='ocrx_word' id='word_1_970' title='bbox 1087 2254 1201 2285; x_wconf 88' lang='lat' dir='ltr'><strong>Herm.</strong></span> <span class='ocrx_word' id='word_1_971' title='bbox 1223 2253 1314 2293; x_wconf 91' lang='lat' dir='ltr'><strong>dicit,</strong></span> <span class='ocrx_word' id='word_1_972' title='bbox 1335 2253 1427 2284; x_wconf 91' lang='lat' dir='ltr'><strong>aliud</strong></span> <span class='ocrx_word' id='word_1_973' title='bbox 1444 2262 1518 2284; x_wconf 86' lang='lat' dir='ltr'><strong>esse</strong></span> <span class='ocrx_word' id='word_1_974' title='bbox 1536 2249 1598 2296; x_wconf 82' lang='grc' dir='ltr'><strong>ἐμὲ</strong></span> <span class='ocrx_word' id='word_1_975' title='bbox 1615 2249 1730 2292; x_wconf 80' lang='grc' dir='ltr'>αὐτόν,</span> <span class='ocrx_word' id='word_1_976' title='bbox 1752 2252 1844 2283; x_wconf 90' lang='lat' dir='ltr'><strong>aliud</strong></span> <span class='ocrx_word' id='word_1_977' title='bbox 1861 2249 1962 2284; x_wconf 81' lang='grc' dir='ltr'>αὐτόν</span> <span class='ocrx_word' id='word_1_978' title='bbox 2007 2261 2034 2290; x_wconf 83' lang='grc' dir='ltr'>ε,</span> <span class='ocrx_word' id='word_1_979' title='bbox 2056 2250 2097 2281; x_wconf 88' lang='lat' dir='ltr'><strong>de</strong></span> 
     </span>
     <span class='ocr_line' id='line_1_139' title="bbox 1086 2291 2098 2343; baseline -0.003 -12"><span class='ocrx_word' id='word_1_980' title='bbox 1086 2301 1190 2332; x_wconf 84' lang='lat' dir='ltr'><strong>forma</strong></span> <span class='ocrx_word' id='word_1_981' title='bbox 1207 2310 1325 2331; x_wconf 84' lang='lat' dir='ltr'><strong>verum</strong></span> <span class='ocrx_word' id='word_1_982' title='bbox 1343 2304 1405 2331; x_wconf 89' lang='lat' dir='ltr'><strong>est.</strong></span> <span class='ocrx_word' id='word_1_983' title='bbox 1436 2316 1477 2322; x_wconf 92' lang='lat'><strong>--</strong></span> <span class='ocrx_word' id='word_1_984' title='bbox 1504 2298 1550 2335; x_wconf 82' lang='grc' dir='ltr'><strong>ὡς</strong></span> <span class='ocrx_word' id='word_1_985' title='bbox 1577 2295 1709 2343; x_wconf 86' lang='grc' dir='ltr'>μᾶλλον</span> <span class='ocrx_word' id='word_1_986' title='bbox 1727 2295 1767 2331; x_wconf 86' lang='grc' dir='ltr'><strong>ἂν</strong></span> <span class='ocrx_word' id='word_1_987' title='bbox 1786 2295 1898 2331; x_wconf 79' lang='grc' dir='ltr'>ἕλοιτό</span> <span class='ocrx_word' id='word_1_988' title='bbox 1918 2291 1952 2342; x_wconf 78' lang='grc' dir='ltr'><strong>μ’</strong></span> <span class='ocrx_word' id='word_1_989' title='bbox 1984 2299 2020 2329; x_wconf 80' lang='lat' dir='ltr'><strong>in</strong></span> <span class='ocrx_word' id='word_1_990' title='bbox 2038 2297 2098 2328; x_wconf 91' lang='lat' dir='ltr'><strong>LA</strong></span> 
     </span>
     <span class='ocr_line' id='line_1_140' title="bbox 1086 2339 2093 2391; baseline -0.004 -12"><span class='ocrx_word' id='word_1_991' title='bbox 1086 2348 1152 2379; x_wconf 88' lang='lat' dir='ltr'><strong>suit</strong></span> <span class='ocrx_word' id='word_1_992' title='bbox 1169 2357 1213 2379; x_wconf 91' lang='lat' dir='ltr'><strong>m.</strong></span> <span class='ocrx_word' id='word_1_993' title='bbox 1234 2357 1285 2388; x_wconf 89' lang='lat' dir='ltr'><strong>pr.</strong></span> <span class='ocrx_word' id='word_1_994' title='bbox 1308 2344 1385 2391; x_wconf 85' lang='grc' dir='ltr'>ἐμέ]</span> <span class='ocrx_word' id='word_1_995' title='bbox 1402 2343 1426 2390; x_wconf 88' lang='grc' dir='ltr'>ἢ</span> <span class='ocrx_word' id='word_1_996' title='bbox 1444 2344 1524 2382; x_wconf 84' lang='grc' dir='ltr'>τοὺς</span> <span class='ocrx_word' id='word_1_997' title='bbox 1549 2344 1678 2382; x_wconf 82' lang='grc' dir='ltr'>πάντας</span> <span class='ocrx_word' id='word_1_998' title='bbox 1696 2339 1873 2391; x_wconf 86' lang='grc' dir='ltr'>Ἀργείους</span> <span class='ocrx_word' id='word_1_999' title='bbox 1896 2343 2015 2390; x_wconf 89' lang='grc' dir='ltr'>λαβεῖν</span> <span class='ocrx_word' id='word_1_1000' title='bbox 2032 2344 2093 2375; x_wconf 87' lang='lat' dir='ltr'><strong>Ph.</strong></span> 
     </span>
     <span class='ocr_line' id='line_1_141' title="bbox 1084 2391 2098 2434; baseline -0.002 -9"><span class='ocrx_word' id='word_1_1001' title='bbox 1084 2391 1141 2426; x_wconf 84' lang='lat'><strong>47.</strong></span> <span class='ocrx_word' id='word_1_1002' title='bbox 1170 2395 1356 2425; x_wconf 89' lang='lat' dir='ltr'><strong>Hermanni</strong></span> <span class='ocrx_word' id='word_1_1003' title='bbox 1370 2394 1466 2433; x_wconf 89' lang='lat' dir='ltr'><strong>ratio,</strong></span> <span class='ocrx_word' id='word_1_1004' title='bbox 1485 2394 1675 2425; x_wconf 89' lang='lat' dir='ltr'><strong>encliticam</strong></span> <span class='ocrx_word' id='word_1_1005' title='bbox 1692 2402 1792 2434; x_wconf 90' lang='lat' dir='ltr'><strong>saepe</strong></span> <span class='ocrx_word' id='word_1_1006' title='bbox 1809 2393 1972 2434; x_wconf 82' lang='lat' dir='ltr'><strong>praeferri</strong></span> <span class='ocrx_word' id='word_1_1007' title='bbox 1984 2392 2098 2423; x_wconf 87' lang='lat' dir='ltr'><strong>dicen-</strong></span> 
     </span>
     <span class='ocr_line' id='line_1_142' title="bbox 1084 2440 2097 2482; baseline -0.003 -9"><span class='ocrx_word' id='word_1_1008' title='bbox 1084 2443 1138 2482; x_wconf 89' lang='lat' dir='ltr'><strong>tis,</strong></span> <span class='ocrx_word' id='word_1_1009' title='bbox 1161 2443 1218 2473; x_wconf 91' lang='lat' dir='ltr'><strong>ubi</strong></span> <span class='ocrx_word' id='word_1_1010' title='bbox 1235 2444 1390 2482; x_wconf 89' lang='lat' dir='ltr'><strong>apertum</strong></span> <span class='ocrx_word' id='word_1_1011' title='bbox 1406 2441 1483 2481; x_wconf 88' lang='lat' dir='ltr'><strong>sit,·</strong></span> <span class='ocrx_word' id='word_1_1012' title='bbox 1496 2441 1537 2472; x_wconf 87' lang='lat' dir='ltr'><strong>de</strong></span> <span class='ocrx_word' id='word_1_1013' title='bbox 1562 2450 1626 2481; x_wconf 93' lang='lat' dir='ltr'><strong>quo</strong></span> <span class='ocrx_word' id='word_1_1014' title='bbox 1644 2440 1792 2480; x_wconf 89' lang='lat' dir='ltr'><strong>dicatur,</strong></span> <span class='ocrx_word' id='word_1_1015' title='bbox 1814 2441 1926 2471; x_wconf 87' lang='lat' dir='ltr'><strong>nescio</strong></span> <span class='ocrx_word' id='word_1_1016' title='bbox 1942 2440 1978 2470; x_wconf 90' lang='lat' dir='ltr'><strong>in</strong></span> <span class='ocrx_word' id='word_1_1017' title='bbox 1995 2447 2097 2479; x_wconf 91' lang='lat' dir='ltr'><strong>quem</strong></span> 
     </span>
     <span class='ocr_line' id='line_1_143' title="bbox 1083 2486 2095 2528; baseline -0.003 -8"><span class='ocrx_word' id='word_1_1018' title='bbox 1083 2490 1193 2520; x_wconf 87' lang='lat' dir='ltr'><strong>locum</strong></span> <span class='ocrx_word' id='word_1_1019' title='bbox 1220 2498 1284 2520; x_wconf 87' lang='lat' dir='ltr'><strong>non</strong></span> <span class='ocrx_word' id='word_1_1020' title='bbox 1310 2488 1422 2527; x_wconf 88' lang='lat' dir='ltr'><strong>cadat,</strong></span> <span class='ocrx_word' id='word_1_1021' title='bbox 1461 2488 1520 2528; x_wconf 91' lang='lat' dir='ltr'><strong>qui</strong></span> <span class='ocrx_word' id='word_1_1022' title='bbox 1551 2488 1688 2528; x_wconf 91' lang='lat' dir='ltr'><strong>quidem</strong></span> <span class='ocrx_word' id='word_1_1023' title='bbox 1717 2496 1898 2527; x_wconf 87' lang='lat' dir='ltr'><strong>pronomen</strong></span> <span class='ocrx_word' id='word_1_1024' title='bbox 1923 2486 2095 2527; x_wconf 88' lang='lat' dir='ltr'><strong>personale</strong></span> 
     </span>
     <span class='ocr_line' id='line_1_144' title="bbox 1085 2530 2096 2580; baseline -0.004 -12"><span class='ocrx_word' id='word_1_1025' title='bbox 1085 2537 1265 2569; x_wconf 86' lang='lat' dir='ltr'><strong>contineat.</strong></span> <span class='ocrx_word' id='word_1_1026' title='bbox 1310 2533 1359 2580; x_wconf 83' lang='grc' dir='ltr'><strong>μή</strong></span> <span class='ocrx_word' id='word_1_1027' title='bbox 1379 2545 1443 2578; x_wconf 85' lang='grc' dir='ltr'><strong>μου</strong></span> <span class='ocrx_word' id='word_1_1028' title='bbox 1462 2533 1665 2579; x_wconf 78' lang='grc' dir='ltr'>προτάρβει,</span> <span class='ocrx_word' id='word_1_1029' title='bbox 1693 2533 1749 2568; x_wconf 90' lang='grc' dir='ltr'><strong>τὸν</strong></span> <span class='ocrx_word' id='word_1_1030' title='bbox 1776 2533 1833 2567; x_wconf 90' lang='grc' dir='ltr'><strong>σὸν</strong></span> <span class='ocrx_word' id='word_1_1031' title='bbox 1850 2531 1992 2578; x_wconf 79' lang='grc' dir='ltr'>ἐξόρθου</span> <span class='ocrx_word' id='word_1_1032' title='bbox 2011 2530 2096 2566; x_wconf 92' lang='grc' dir='ltr'>πότ-</span> 
     </span>
     <span class='ocr_line' id='line_1_145' title="bbox 1086 2579 2091 2628; baseline -0.004 -13"><span class='ocrx_word' id='word_1_1033' title='bbox 1086 2594 1150 2628; x_wconf 90' lang='grc' dir='ltr'><strong>μον</strong></span> <span class='ocrx_word' id='word_1_1034' title='bbox 1167 2584 1248 2614; x_wconf 91' lang='lat' dir='ltr'><strong>Ant.</strong></span> <span class='ocrx_word' id='word_1_1035' title='bbox 1270 2579 1327 2614; x_wconf 88' lang='grc'><strong>83.</strong></span> <span class='ocrx_word' id='word_1_1036' title='bbox 1357 2582 1488 2614; x_wconf 77' lang='lat' dir='ltr'><strong>Schaef.</strong></span> <span class='ocrx_word' id='word_1_1037' title='bbox 1509 2586 1639 2614; x_wconf 86' lang='lat' dir='ltr'><strong>rectum</strong></span> <span class='ocrx_word' id='word_1_1038' title='bbox 1657 2582 1793 2613; x_wconf 87' lang='lat' dir='ltr'><strong>restitui</strong></span> <span class='ocrx_word' id='word_1_1039' title='bbox 1808 2586 1924 2613; x_wconf 91' lang='lat' dir='ltr'><strong>tonum</strong></span> <span class='ocrx_word' id='word_1_1040' title='bbox 1942 2581 2091 2612; x_wconf 82' lang='lat' dir='ltr'><strong>volebat:</strong></span> 
     </span>
     <span class='ocr_line' id='line_1_146' title="bbox 1085 2628 2091 2669; baseline -0.003 -8"><span class='ocrx_word' id='word_1_1041' title='bbox 1085 2631 1218 2662; x_wconf 88' lang='lat' dir='ltr'><strong>videtur</strong></span> <span class='ocrx_word' id='word_1_1042' title='bbox 1234 2633 1347 2664; x_wconf 74' lang='lat' dir='ltr'><strong>autem</strong></span> <span class='ocrx_word' id='word_1_1043' title='bbox 1360 2630 1530 2669; x_wconf 84' lang='lat' dir='ltr'><strong>Antigona</strong></span> <span class='ocrx_word' id='word_1_1044' title='bbox 1547 2639 1599 2660; x_wconf 89' lang='lat' dir='ltr'><strong>res</strong></span> <span class='ocrx_word' id='word_1_1045' title='bbox 1617 2638 1694 2660; x_wconf 90' lang='lat' dir='ltr'><strong>suas</strong></span> <span class='ocrx_word' id='word_1_1046' title='bbox 1711 2629 1751 2660; x_wconf 89' lang='lat' dir='ltr'><strong>de</strong></span> <span class='ocrx_word' id='word_1_1047' title='bbox 1768 2628 1934 2660; x_wconf 84' lang='lat' dir='ltr'><strong>industria</strong></span> <span class='ocrx_word' id='word_1_1048' title='bbox 1950 2628 2091 2659; x_wconf 83' lang='lat' dir='ltr'><strong>elevare.</strong></span> 
     </span>
     <span class='ocr_line' id='line_1_147' title="bbox 1086 2673 2095 2722; baseline -0.003 -14"><span class='ocrx_word' id='word_1_1049' title='bbox 1086 2695 1126 2700; x_wconf 98' lang='lat'><strong>—</strong></span> <span class='ocrx_word' id='word_1_1050' title='bbox 1148 2677 1260 2717; x_wconf 87' lang='lat' dir='ltr'><strong>Longe</strong></span> <span class='ocrx_word' id='word_1_1051' title='bbox 1277 2677 1408 2708; x_wconf 87' lang='lat' dir='ltr'><strong>acutius</strong></span> <span class='ocrx_word' id='word_1_1052' title='bbox 1426 2676 1467 2708; x_wconf 91' lang='lat' dir='ltr'><strong>de</strong></span> <span class='ocrx_word' id='word_1_1053' title='bbox 1483 2676 1544 2707; x_wconf 91' lang='lat' dir='ltr'><strong>hac</strong></span> <span class='ocrx_word' id='word_1_1054' title='bbox 1561 2673 1659 2721; x_wconf 80' lang='grc' dir='ltr'>ἀδείᾳ</span> <span class='ocrx_word' id='word_1_1055' title='bbox 1676 2674 1838 2722; x_wconf 76' lang='grc' dir='ltr'>ποιητικῇ</span> <span class='ocrx_word' id='word_1_1056' title='bbox 1859 2679 1965 2707; x_wconf 88' lang='lat' dir='ltr'><strong>rectas</strong></span> <span class='ocrx_word' id='word_1_1057' title='bbox 1988 2678 2023 2706; x_wconf 91' lang='lat' dir='ltr'><strong>et</strong></span> <span class='ocrx_word' id='word_1_1058' title='bbox 2039 2675 2095 2705; x_wconf 91' lang='lat' dir='ltr'><strong>in-</strong></span> 
     </span>
     <span class='ocr_line' id='line_1_148' title="bbox 1084 2722 2096 2764; baseline -0.003 -9"><span class='ocrx_word' id='word_1_1059' title='bbox 1084 2725 1222 2756; x_wconf 88' lang='lat' dir='ltr'><strong>clinatas</strong></span> <span class='ocrx_word' id='word_1_1060' title='bbox 1243 2724 1479 2764; x_wconf 89' lang='lat' dir='ltr'><strong>pronominum</strong></span> <span class='ocrx_word' id='word_1_1061' title='bbox 1510 2724 1631 2755; x_wconf 75' lang='lat' dir='ltr'><strong>formas</strong></span> <span class='ocrx_word' id='word_1_1062' title='bbox 1663 2723 1887 2755; x_wconf 88' lang='lat' dir='ltr'><strong>commutandi</strong></span> <span class='ocrx_word' id='word_1_1063' title='bbox 1912 2722 2096 2763; x_wconf 84' lang='lat' dir='ltr'><strong>disputavit</strong></span> 
     </span>
     <span class='ocr_line' id='line_1_149' title="bbox 1083 2767 2096 2813; baseline -0.003 -10"><span class='ocrx_word' id='word_1_1064' title='bbox 1083 2772 1239 2813; x_wconf 88' lang='lat' dir='ltr'><strong>Apollon.</strong></span> <span class='ocrx_word' id='word_1_1065' title='bbox 1268 2771 1308 2802; x_wconf 89' lang='lat' dir='ltr'><strong>de</strong></span> <span class='ocrx_word' id='word_1_1066' title='bbox 1326 2771 1420 2810; x_wconf 87' lang='lat' dir='ltr'><strong>Synt.</strong></span> <span class='ocrx_word' id='word_1_1067' title='bbox 1442 2767 1476 2811; x_wconf 89' lang='lat'><strong>2,</strong></span> <span class='ocrx_word' id='word_1_1068' title='bbox 1500 2767 1554 2802; x_wconf 93' lang='grc'><strong>14.</strong></span> <span class='ocrx_word' id='word_1_1069' title='bbox 1590 2771 1632 2802; x_wconf 86' lang='lat' dir='ltr'><strong>de</strong></span> <span class='ocrx_word' id='word_1_1070' title='bbox 1657 2770 1756 2802; x_wconf 89' lang='lat' dir='ltr'><strong>Pron.</strong></span> <span class='ocrx_word' id='word_1_1071' title='bbox 1777 2780 1810 2811; x_wconf 91' lang='lat' dir='ltr'><strong>p.</strong></span> <span class='ocrx_word' id='word_1_1072' title='bbox 1832 2767 1875 2801; x_wconf 87' lang='lat'><strong>51</strong></span> <span class='ocrx_word' id='word_1_1073' title='bbox 1895 2779 1967 2811; x_wconf 92' lang='lat' dir='ltr'><strong>sqq.</strong></span> <span class='ocrx_word' id='word_1_1074' title='bbox 1996 2779 2096 2810; x_wconf 89' lang='lat' dir='ltr'><strong>quam</strong></span> 
     </span>
     <span class='ocr_line' id='line_1_150' title="bbox 1084 2814 2096 2859; baseline -0.003 -9"><span class='ocrx_word' id='word_1_1075' title='bbox 1084 2819 1208 2850; x_wconf 89' lang='lat' dir='ltr'><strong>Bernh.</strong></span> <span class='ocrx_word' id='word_1_1076' title='bbox 1238 2819 1335 2857; x_wconf 84' lang='lat' dir='ltr'><strong>synt.</strong></span> <span class='ocrx_word' id='word_1_1077' title='bbox 1364 2827 1398 2858; x_wconf 86' lang='lat' dir='ltr'><strong>p.</strong></span> <span class='ocrx_word' id='word_1_1078' title='bbox 1419 2814 1499 2849; x_wconf 79' lang='grc'>275.</span> <span class='ocrx_word' id='word_1_1079' title='bbox 1530 2835 1633 2850; x_wconf 92' lang='grc'><strong>-.-</strong></span> <span class='ocrx_word' id='word_1_1080' title='bbox 1653 2814 1686 2849; x_wconf 88' lang='grc'><strong>3.</strong></span> <span class='ocrx_word' id='word_1_1081' title='bbox 1715 2817 1729 2859; x_wconf 83' lang='grc' dir='ltr'><strong>ΙΙ</strong></span> <span class='ocrx_word' id='word_1_1082' title='bbox 1751 2817 1883 2850; x_wconf 88' lang='lat' dir='ltr'><strong>Deinde</strong></span> <span class='ocrx_word' id='word_1_1083' title='bbox 1907 2817 2096 2849; x_wconf 88' lang='lat' dir='ltr'><strong>inculcatur</strong></span> 
     </span>
     <span class='ocr_line' id='line_1_151' title="bbox 1083 2861 2094 2907; baseline 0 -10"><span class='ocrx_word' id='word_1_1084' title='bbox 1083 2875 1264 2907; x_wconf 88' lang='lat' dir='ltr'><strong>pronomen</strong></span> <span class='ocrx_word' id='word_1_1085' title='bbox 1299 2865 1433 2905; x_wconf 84' lang='lat' dir='ltr'><strong>saepius</strong></span> <span class='ocrx_word' id='word_1_1086' title='bbox 1465 2869 1597 2906; x_wconf 87' lang='lat' dir='ltr'><strong>praeter</strong></span> <span class='ocrx_word' id='word_1_1087' title='bbox 1628 2865 1877 2896; x_wconf 81' lang='lat' dir='ltr'><strong>necessitatem.</strong></span> <span class='ocrx_word' id='word_1_1088' title='bbox 1921 2861 1960 2897; x_wconf 85' lang='grc' dir='ltr'><strong>οὐ</strong></span> <span class='ocrx_word' id='word_1_1089' title='bbox 1986 2861 2094 2897; x_wconf 77' lang='grc' dir='ltr'>πολὺν</span> 
     </span>
     <span class='ocr_line' id='line_1_152' title="bbox 1082 2907 2090 2959; baseline -0.004 -13"><span class='ocrx_word' id='word_1_1090' title='bbox 1082 2910 1205 2959; x_wconf 88' lang='grc' dir='ltr'>χρόνον</span> <span class='ocrx_word' id='word_1_1091' title='bbox 1231 2909 1264 2956; x_wconf 84' lang='grc' dir='ltr'><strong>μ’</strong></span> <span class='ocrx_word' id='word_1_1092' title='bbox 1282 2909 1428 2958; x_wconf 90' lang='grc' dir='ltr'>ἐπέσχον</span> <span class='ocrx_word' id='word_1_1093' title='bbox 1454 2909 1503 2956; x_wconf 82' lang='grc' dir='ltr'><strong>μή</strong></span> <span class='ocrx_word' id='word_1_1094' title='bbox 1531 2922 1573 2956; x_wconf 85' lang='grc' dir='ltr'>με</span> <span class='ocrx_word' id='word_1_1095' title='bbox 1599 2908 1797 2944; x_wconf 86' lang='grc' dir='ltr'>ναυστολεῖν</span> <span class='ocrx_word' id='word_1_1096' title='bbox 1821 2909 1911 2957; x_wconf 85' lang='grc' dir='ltr'>ταχύ</span> <span class='ocrx_word' id='word_1_1097' title='bbox 1928 2911 1988 2943; x_wconf 84' lang='lat' dir='ltr'><strong>Ph.</strong></span> <span class='ocrx_word' id='word_1_1098' title='bbox 2011 2907 2090 2943; x_wconf 87' lang='lat'><strong>349.</strong></span> 
     </span>
     <span class='ocr_line' id='line_1_153' title="bbox 1083 2954 2090 3000; baseline -0.003 -8"><span class='ocrx_word' id='word_1_1099' title='bbox 1083 2962 1126 2992; x_wconf 90' lang='lat' dir='ltr'><strong>V.</strong></span> <span class='ocrx_word' id='word_1_1100' title='bbox 1147 2960 1264 2991; x_wconf 83' lang='lat' dir='ltr'><strong>Valck.</strong></span> <span class='ocrx_word' id='word_1_1101' title='bbox 1285 2959 1327 2990; x_wconf 88' lang='lat' dir='ltr'><strong>ad</strong></span> <span class='ocrx_word' id='word_1_1102' title='bbox 1343 2959 1467 2990; x_wconf 88' lang='lat' dir='ltr'><strong>Phoen.</strong></span> <span class='ocrx_word' id='word_1_1103' title='bbox 1489 2955 1568 2991; x_wconf 88' lang='lat'><strong>500.</strong></span> <span class='ocrx_word' id='word_1_1104' title='bbox 1606 2958 1767 2990; x_wconf 86' lang='lat' dir='ltr'><strong>Fritzsch.</strong></span> <span class='ocrx_word' id='word_1_1105' title='bbox 1789 2958 1853 2997; x_wconf 86' lang='lat' dir='ltr'><strong>Qu.</strong></span> <span class='ocrx_word' id='word_1_1106' title='bbox 1874 2960 1957 2990; x_wconf 86' lang='lat' dir='ltr'><strong>Luc.</strong></span> <span class='ocrx_word' id='word_1_1107' title='bbox 1978 2968 2012 3000; x_wconf 89' lang='lat' dir='ltr'><strong>p.</strong></span> <span class='ocrx_word' id='word_1_1108' title='bbox 2037 2954 2090 2989; x_wconf 91' lang='lat'><strong>14.</strong></span> 
     </span>
     <span class='ocr_line' id='line_1_154' title="bbox 1084 3006 2094 3046; baseline -0.002 -8"><span class='ocrx_word' id='word_1_1109' title='bbox 1084 3007 1157 3038; x_wconf 89' lang='lat' dir='ltr'><strong>Non</strong></span> <span class='ocrx_word' id='word_1_1110' title='bbox 1182 3016 1405 3038; x_wconf 87' lang='lat' dir='ltr'><strong>memoramus</strong></span> <span class='ocrx_word' id='word_1_1111' title='bbox 1438 3006 1602 3037; x_wconf 88' lang='lat' dir='ltr'><strong>crebriora</strong></span> <span class='ocrx_word' id='word_1_1112' title='bbox 1623 3006 1681 3037; x_wconf 86' lang='lat' dir='ltr'><strong>illa</strong></span> <span class='ocrx_word' id='word_1_1113' title='bbox 1706 3006 1882 3046; x_wconf 76' lang='lat' dir='ltr'><strong>exempla,</strong></span> <span class='ocrx_word' id='word_1_1114' title='bbox 1909 3006 1945 3036; x_wconf 91' lang='lat' dir='ltr'><strong>in</strong></span> <span class='ocrx_word' id='word_1_1115' title='bbox 1971 3006 2094 3046; x_wconf 86' lang='lat' dir='ltr'><strong>quibus</strong></span> 
     </span>
     <span class='ocr_line' id='line_1_155' title="bbox 1084 3053 2090 3094; baseline -0.002 -9"><span class='ocrx_word' id='word_1_1116' title='bbox 1084 3054 1289 3094; x_wconf 73' lang='lat' dir='ltr'><strong>copulativae</strong></span> <span class='ocrx_word' id='word_1_1117' title='bbox 1320 3053 1586 3084; x_wconf 86' lang='lat' dir='ltr'><strong>disiunctivaeve</strong></span> <span class='ocrx_word' id='word_1_1118' title='bbox 1610 3053 1792 3093; x_wconf 85' lang='lat' dir='ltr'><strong>particulae</strong></span> <span class='ocrx_word' id='word_1_1119' title='bbox 1816 3053 2090 3094; x_wconf 88' lang='lat' dir='ltr'><strong>interponuntur.</strong></span> 
     </span>
     <span class='ocr_line' id='line_1_156' title="bbox 1082 3095 2093 3144; baseline -0.001 -12"><span class='ocrx_word' id='word_1_1120' title='bbox 1082 3101 1152 3132; x_wconf 89' lang='lat' dir='ltr'><strong>Nec</strong></span> <span class='ocrx_word' id='word_1_1121' title='bbox 1169 3101 1294 3140; x_wconf 86' lang='lat' dir='ltr'><strong>Reisig.</strong></span> <span class='ocrx_word' id='word_1_1122' title='bbox 1321 3099 1508 3131; x_wconf 89' lang='lat' dir='ltr'><strong>audiendus</strong></span> <span class='ocrx_word' id='word_1_1123' title='bbox 1533 3100 1592 3140; x_wconf 91' lang='lat' dir='ltr'><strong>qui</strong></span> <span class='ocrx_word' id='word_1_1124' title='bbox 1616 3100 1669 3130; x_wconf 87' lang='lat' dir='ltr'><strong>El.</strong></span> <span class='ocrx_word' id='word_1_1125' title='bbox 1691 3095 1760 3131; x_wconf 91' lang='grc'><strong>648</strong></span> <span class='ocrx_word' id='word_1_1126' title='bbox 1792 3097 1841 3144; x_wconf 85' lang='grc' dir='ltr'><strong>μή</strong></span> <span class='ocrx_word' id='word_1_1127' title='bbox 1870 3110 1912 3144; x_wconf 85' lang='grc' dir='ltr'>με</span> <span class='ocrx_word' id='word_1_1128' title='bbox 1943 3096 2093 3132; x_wconf 80' lang='grc' dir='ltr'>πλούτου</span> 
     </span>
     <span class='ocr_line' id='line_1_157' title="bbox 1082 3139 2094 3193; baseline -0.002 -13"><span class='ocrx_word' id='word_1_1129' title='bbox 1082 3149 1143 3181; x_wconf 86' lang='grc' dir='ltr'><strong>τοῦ</strong></span> <span class='ocrx_word' id='word_1_1130' title='bbox 1160 3145 1326 3193; x_wconf 84' lang='grc' dir='ltr'>παρόντος</span> <span class='ocrx_word' id='word_1_1131' title='bbox 1344 3144 1375 3179; x_wconf 79' lang='grc' dir='ltr'>εἴ</span> <span class='ocrx_word' id='word_1_1132' title='bbox 1392 3156 1480 3183; x_wconf 87' lang='grc' dir='ltr'>τινες</span> <span class='ocrx_word' id='word_1_1133' title='bbox 1498 3144 1626 3179; x_wconf 87' lang='grc' dir='ltr'>δόλοισι</span> <span class='ocrx_word' id='word_1_1134' title='bbox 1645 3143 1863 3190; x_wconf 82' lang='grc' dir='ltr'>βουλεύουσιν</span> <span class='ocrx_word' id='word_1_1135' title='bbox 1883 3144 2042 3191; x_wconf 84' lang='grc' dir='ltr'>ἐκβαλεῖν</span> <span class='ocrx_word' id='word_1_1136' title='bbox 2060 3139 2094 3191; x_wconf 83' lang='grc' dir='ltr'><strong>μ’</strong></span> 
     </span>
     <span class='ocr_line' id='line_1_158' title="bbox 1083 3192 2095 3240; baseline -0.003 -13"><span class='ocrx_word' id='word_1_1137' title='bbox 1083 3192 1192 3240; x_wconf 79' lang='grc' dir='ltr'><strong>ἐφῇς</strong></span> <span class='ocrx_word' id='word_1_1138' title='bbox 1217 3194 1317 3225; x_wconf 88' lang='lat' dir='ltr'><strong>scribi</strong></span> <span class='ocrx_word' id='word_1_1139' title='bbox 1334 3194 1462 3225; x_wconf 86' lang='lat' dir='ltr'><strong>scilicet</strong></span> <span class='ocrx_word' id='word_1_1140' title='bbox 1487 3194 1656 3233; x_wconf 79' lang='lat' dir='ltr'><strong>antiquius</strong></span> <span class='ocrx_word' id='word_1_1141' title='bbox 1680 3203 1777 3234; x_wconf 88' lang='lat' dir='ltr'><strong>posse</strong></span> <span class='ocrx_word' id='word_1_1142' title='bbox 1803 3194 1916 3225; x_wconf 87' lang='lat' dir='ltr'><strong>nescio</strong></span> <span class='ocrx_word' id='word_1_1143' title='bbox 1933 3193 2095 3235; x_wconf 91' lang='lat' dir='ltr'><strong>quomodo</strong></span> 
     </span>
     <span class='ocr_line' id='line_1_159' title="bbox 1082 3236 2094 3285; baseline 0 -12"><span class='ocrx_word' id='word_1_1144' title='bbox 1082 3242 1174 3273; x_wconf 88' lang='lat' dir='ltr'><strong>dicit.</strong></span> <span class='ocrx_word' id='word_1_1145' title='bbox 1220 3242 1288 3273; x_wconf 82' lang='lat' dir='ltr'><strong>Vix</strong></span> <span class='ocrx_word' id='word_1_1146' title='bbox 1304 3241 1394 3272; x_wconf 84' lang='lat' dir='ltr'><strong>idem</strong></span> <span class='ocrx_word' id='word_1_1147' title='bbox 1412 3244 1502 3272; x_wconf 88' lang='lat' dir='ltr'><strong>recte</strong></span> <span class='ocrx_word' id='word_1_1148' title='bbox 1520 3241 1648 3271; x_wconf 86' lang='lat' dir='ltr'><strong>dederit</strong></span> <span class='ocrx_word' id='word_1_1149' title='bbox 1674 3238 1722 3284; x_wconf 86' lang='grc' dir='ltr'><strong>μή</strong></span> <span class='ocrx_word' id='word_1_1150' title='bbox 1744 3238 1775 3285; x_wconf 82' lang='grc' dir='ltr'><strong>μ’</strong></span> <span class='ocrx_word' id='word_1_1151' title='bbox 1793 3237 1914 3285; x_wconf 83' lang='grc' dir='ltr'>ἄτιμον</span> <span class='ocrx_word' id='word_1_1152' title='bbox 1933 3237 2042 3276; x_wconf 82' lang='grc' dir='ltr'>οὕτως</span> <span class='ocrx_word' id='word_1_1153' title='bbox 2086 3236 2094 3249; x_wconf 82' lang='lat'>⁷</span> 
     </span>
     <span class='ocr_line' id='line_1_160' title="bbox 1081 3283 2090 3334; baseline -0.003 -12"><span class='ocrx_word' id='word_1_1154' title='bbox 1081 3286 1156 3334; x_wconf 75' lang='grc' dir='ltr'><strong>ἀφῇ</strong></span> <span class='ocrx_word' id='word_1_1155' title='bbox 1173 3298 1210 3333; x_wconf 89' lang='grc' dir='ltr'>γε</span> <span class='ocrx_word' id='word_1_1156' title='bbox 1234 3287 1288 3320; x_wconf 91' lang='lat' dir='ltr'><strong>OC</strong></span> <span class='ocrx_word' id='word_1_1157' title='bbox 1309 3283 1398 3320; x_wconf 90' lang='grc'>1279</span> <span class='ocrx_word' id='word_1_1158' title='bbox 1425 3288 1490 3318; x_wconf 89' lang='lat' dir='ltr'><strong>etsi</strong></span> <span class='ocrx_word' id='word_1_1159' title='bbox 1515 3287 1574 3318; x_wconf 86' lang='lat' dir='ltr'><strong>LA</strong></span> <span class='ocrx_word' id='word_1_1160' title='bbox 1599 3287 1634 3318; x_wconf 87' lang='lat' dir='ltr'><strong>id</strong></span> <span class='ocrx_word' id='word_1_1161' title='bbox 1656 3286 1776 3318; x_wconf 87' lang='lat' dir='ltr'><strong>habet:</strong></span> <span class='ocrx_word' id='word_1_1162' title='bbox 1814 3298 1847 3318; x_wconf 74' lang='lat' dir='ltr'><strong>V.</strong></span> <span class='ocrx_word' id='word_1_1163' title='bbox 1876 3288 1992 3319; x_wconf 88' lang='lat' dir='ltr'><strong>Herm.</strong></span> <span class='ocrx_word' id='word_1_1164' title='bbox 2023 3285 2056 3330; x_wconf 91' lang='lat' dir='ltr'><strong>[o</strong></span> <span class='ocrx_word' id='word_1_1165' title='bbox 2083 3312 2090 3319; x_wconf 91' lang='lat'><strong>.</strong></span> 
     </span>
     <span class='ocr_line' id='line_1_161' title="bbox 1082 3330 2094 3382; baseline -0.003 -14"><span class='ocrx_word' id='word_1_1166' title='bbox 1082 3333 1156 3382; x_wconf 75' lang='grc' dir='ltr'><strong>ἀφῇ</strong></span> <span class='ocrx_word' id='word_1_1167' title='bbox 1173 3345 1215 3379; x_wconf 87' lang='grc' dir='ltr'>με</span> <span class='ocrx_word' id='word_1_1168' title='bbox 1232 3332 1367 3378; x_wconf 90' lang='lat' dir='ltr'><strong>Dind.].</strong></span> <span class='ocrx_word' id='word_1_1169' title='bbox 1389 3351 1492 3365; x_wconf 91' lang='lat'><strong>-.—</strong></span> <span class='ocrx_word' id='word_1_1170' title='bbox 1512 3330 1546 3365; x_wconf 93' lang='lat'><strong>4.</strong></span> <span class='ocrx_word' id='word_1_1171' title='bbox 1568 3333 1582 3375; x_wconf 86' lang='grc' dir='ltr'><strong>ΙΙ</strong></span> <span class='ocrx_word' id='word_1_1172' title='bbox 1600 3333 1704 3374; x_wconf 85' lang='lat' dir='ltr'><strong>Saepe</strong></span> <span class='ocrx_word' id='word_1_1173' title='bbox 1731 3344 1807 3379; x_wconf 89' lang='grc' dir='ltr'><strong>μοι</strong></span> <span class='ocrx_word' id='word_1_1174' title='bbox 1829 3338 1864 3365; x_wconf 88' lang='lat' dir='ltr'><strong>et</strong></span> <span class='ocrx_word' id='word_1_1175' title='bbox 1889 3332 1993 3379; x_wconf 83' lang='grc' dir='ltr'>ἧμιν</span> <span class='ocrx_word' id='word_1_1176' title='bbox 2012 3334 2094 3366; x_wconf 81' lang='lat' dir='ltr'><strong>ethi-</strong></span> 
     </span>
     <span class='ocr_line' id='line_1_162' title="bbox 1081 3380 2093 3423; baseline -0.002 -10"><span class='ocrx_word' id='word_1_1177' title='bbox 1081 3392 1164 3423; x_wconf 86' lang='lat' dir='ltr'><strong>cam,</strong></span> <span class='ocrx_word' id='word_1_1178' title='bbox 1187 3391 1287 3422; x_wconf 87' lang='lat' dir='ltr'><strong>quam</strong></span> <span class='ocrx_word' id='word_1_1179' title='bbox 1305 3384 1439 3421; x_wconf 87' lang='lat' dir='ltr'><strong>vocant,</strong></span> <span class='ocrx_word' id='word_1_1180' title='bbox 1468 3382 1537 3412; x_wconf 77' lang='lat' dir='ltr'><strong>vim</strong></span> <span class='ocrx_word' id='word_1_1181' title='bbox 1560 3380 1705 3422; x_wconf 89' lang='lat' dir='ltr'><strong>habent,</strong></span> <span class='ocrx_word' id='word_1_1182' title='bbox 1734 3390 1801 3413; x_wconf 89' lang='lat' dir='ltr'><strong>non</strong></span> <span class='ocrx_word' id='word_1_1183' title='bbox 1823 3382 1860 3412; x_wconf 91' lang='lat' dir='ltr'><strong>in</strong></span> <span class='ocrx_word' id='word_1_1184' title='bbox 1885 3381 1997 3422; x_wconf 90' lang='lat' dir='ltr'><strong>aliqua</strong></span> <span class='ocrx_word' id='word_1_1185' title='bbox 2021 3389 2093 3412; x_wconf 87' lang='lat' dir='ltr'><strong>ser-</strong></span> 
     </span>
     <span class='ocr_line' id='line_1_163' title="bbox 1081 3428 2089 3469; baseline -0.002 -8"><span class='ocrx_word' id='word_1_1186' title='bbox 1081 3429 1190 3462; x_wconf 89' lang='lat' dir='ltr'><strong>monis</strong></span> <span class='ocrx_word' id='word_1_1187' title='bbox 1207 3428 1426 3469; x_wconf 84' lang='lat' dir='ltr'><strong>necessitate,</strong></span> <span class='ocrx_word' id='word_1_1188' title='bbox 1457 3428 1515 3460; x_wconf 89' lang='lat' dir='ltr'><strong>sed</strong></span> <span class='ocrx_word' id='word_1_1189' title='bbox 1535 3428 1693 3460; x_wconf 83' lang='lat' dir='ltr'><strong>insensu</strong></span> <span class='ocrx_word' id='word_1_1190' title='bbox 1709 3428 1921 3469; x_wconf 86' lang='lat' dir='ltr'><strong>loquentium</strong></span> <span class='ocrx_word' id='word_1_1191' title='bbox 1937 3429 2089 3468; x_wconf 85' lang='lat' dir='ltr'><strong>positam,</strong></span> 
     </span>
    </p>
   </div>
   <div class='ocr_carea' id='block_1_12' title="bbox 1774 3482 1817 3518">
    <p class='ocr_par' dir='ltr' id='par_1_12' title="bbox 1774 3482 1817 3518">
     <span class='ocr_line' id='line_1_164' title="bbox 1774 3482 1817 3518; baseline 0.023 -1"><span class='ocrx_word' id='word_1_1192' title='bbox 1774 3482 1817 3518; x_wconf 84' lang='lat'><strong>13</strong></span> 
     </span>
    </p>
   </div>
  </div>
 </body>
</html>
