2288 3600
297 123 393 171 130

364 235 530 285 Βρόχος
551 240 655 269 restis.
685 235 803 283 βρόγῳ
831 234 971 281 μιτώδει
995 218 1067 313 σξνδ
1090 242 1147 268 νος
1166 233 1311 280 καθημ-

294 283 400 331 μένην
427 286 508 316 Ant.
532 281 634 317 1222.
663 295 695 316 v.
725 277 831 316 Stanl.
861 284 901 315 ad
927 284 1015 314 Aesc
1043 308 1049 315 .
1079 283 1198 324 Suppl.
1226 280 1307 314 406.

293 334 346 364 De
364 337 442 364 tono
459 343 490 363 v.
511 333 588 364 Arc.
611 342 642 373 p.
665 329 723 372 84,
744 328 801 363 29.
962 328 992 373 (1
1011 340 1043 371 p.
1065 327 1134 362 323
1152 330 1212 361 lin.
1233 327 1312 373 25.)

363 388 556 437 Βρόάζω.
587 387 858 436 βρυαζούσης
874 386 1029 434 λεαίνης;
1053 387 1088 422 ἐν
1103 382 1308 434 Ἀθάμαντι,

293 436 535 484 ἀκμαζούσης,
572 434 595 482 ἢ
631 435 834 484 ἐγκύμονος.
862 436 1009 475 Hesych.
1059 437 1175 468 Altera
1201 436 1312 476 expli-

293 488 376 519 catio
395 487 520 527 verior;
558 486 600 518 cf.
622 485 721 516 Eust.
743 495 778 526 p.
802 481 909 524 1631,
933 480 990 515 62.
1025 484 1127 515 Plane
1144 484 1312 514 incertum

292 538 363 574 est,
393 533 551 573 Aeschyli
576 530 633 576 (fr.
655 529 694 576 4]
718 542 760 563 an
787 531 957 572 Sophoclis
974 528 1032 573 (fr.
1057 539 1060 543 ’
1157 532 1214 562 sit.
1260 530 1311 572 [In

295 581 440 620 Hesychi
467 580 578 611 verbis
603 589 663 620 pro
681 576 904 624 ἀκμαζούσης
923 579 1010 610 bene
1068 603 1074 609 .
1097 578 1258 610 Schmidt.
1287 574 1310 621 ἢ

294 625 486 675 βραζούσης
512 627 600 668 quod
626 631 661 658 et
684 628 725 658 de
750 636 903 658 ursarum
921 635 1000 658 voce
1026 625 1154 657 dictum
1178 625 1313 656 adnotat

295 670 536 718 Iuba..]x‘'“N

364 726 521 780 Βρύκω
538 733 682 775 mordeo,
702 734 822 764 crucio.
842 730 866 776 ἡ
886 726 913 764 δ’
932 729 974 765 αὖ
994 729 1099 777 μιαρὰ
1117 729 1235 777 βρύκει
1253 731 1309 763 Tr.

294 777 362 814 987
396 791 450 813 an.
480 783 614 813 morbus
638 781 795 812 Herculis
826 780 1057 811 acerbissimos
1086 779 1213 810 dolores
1236 788 1314 819 pro-

295 839 411 861 creans
428 829 570 870 dicitur,
600 829 718 860 miram
734 828 883 859 Passovii
895 827 1156 867 explicationem
1169 827 1313 858 convicit

295 877 410 908 Herm.
432 873 604 922 βρύκομαι
621 873 728 912 τάλας
744 875 805 906 Ρ11.
827 871 907 906 745.
944 875 1047 905 Dind.
1069 884 1111 906 ex
1130 876 1206 906 Vat.
1229 870 1313 918 βρύ-

294 935 413 969 κομαι,
429 924 553 964 reliqui
567 921 750 970 βρύχομαι.
781 922 888 954 Schol.
903 934 910 952 z
934 919 1068 969 βρύχο
1082 931 1174 966 μαι,
1196 918 1313 954 ἐσθίο-

297 982 370 1016 μαι,
387 968 693 1015 καταναλίσκομαι.
714 971 837 1001 Moeris
855 967 903 1014 βρ
916 967 1003 1001 ύκω
1023 971 1174 1009 atticum,
1193 966 1312 1014 βρύχω

295 1028 471 1050 commune
496 1019 589 1050 dicit.
635 1019 680 1049 At
704 1018 821 1048 Herm.
853 1026 895 1047 ex
914 1017 1129 1048 Valckenarii
1147 1016 1312 1047 adnotatis

295 1067 335 1097 ad
354 1067 465 1098 Amm.
486 1076 519 1107 p.
542 1062 599 1106 32,
620 1065 746 1096 collatis
765 1074 841 1095 cum
859 1065 908 1096 eis
927 1073 1011 1105 quae
1027 1064 1131 1095 Piers.
1150 1064 1190 1095 ad
1205 1064 1308 1094 Moer.

298 1124 329 1154 p.
351 1109 396 1145 99
414 1117 449 1144 et
465 1113 626 1152 Hesychii
651 1113 766 1153 Intpp.
787 1112 962 1151 dederint,
990 1111 1076 1142 illud
1095 1114 1244 1142 constare
1262 1111 1314 1141 vi-

296 1162 367 1192 deri
385 1161 486 1201 dicit,
513 1159 659 1191 mordere
678 1155 831 1205 βρύκειν,
860 1158 1010 1199 frendere
1030 1151 1167 1204 βρύχειν
1185 1158 1313 1189 dictum

297 1218 371 1240 esse
383 1234 390 1248 ,
412 1217 474 1239 nec
491 1208 674 1249 quidquam
692 1208 800 1246 egisse
819 1207 1066 1237 Buttmannum
1083 1208 1123 1237 ad
1140 1206 1201 1237 Ph.
1222 1206 1245 1236 l.
1267 1215 1311 1245 c.,

297 1257 355 1296 qui
373 1257 541 1286 incertum
555 1256 732 1286 verborum
750 1263 823 1285 esse
842 1254 1022 1285 discrimen
1040 1254 1212 1284 affirmans
1230 1245 1315 1297 βρύ-

295 1313 369 1349 χειν
386 1301 568 1334 mandendi
582 1302 826 1341 significatione
841 1301 982 1342 reperiri
997 1302 1131 1332 notabat
1144 1301 1179 1331 in
1190 1300 1310 1340 Eurip.

298 1350 388 1390 Uycl.
410 1361 442 1381 v.
464 1346 532 1381 358
550 1354 584 1380 et
601 1345 681 1380 372.
719 1349 784 1382 Sed
811 1341 946 1393 βρύκειν
973 1348 1071 1388 longe
1089 1348 1245 1379 testatius
1263 1351 1315 1378 est

297 1397 386 1439 apud
403 1398 508 1430 Arist.
528 1398 608 1436 Lys.
630 1393 709 1428 301.
731 1392 810 1427 367.
840 1396 916 1427 Pac.
940 1391 1041 1427 1315.
1071 1396 1135 1426 Av.
1156 1391 1201 1427 26
1219 1398 1315 1426 etex

297 1446 358 1476 hoc
382 1454 481 1476 versu
507 1445 610 1476 etiam
635 1454 689 1485 ap.
715 1443 810 1476 Suid.
840 1454 870 1474 ν.
899 1436 1073 1488 βρύκουσα
1097 1445 1131 1473 et
1158 1442 1256 1473 Eust.
1278 1452 1311 1482 p.

300 1487 402 1533 1859,
423 1488 480 1524 38.
525 1492 569 1523 Et
594 1492 685 1522 hunc
710 1492 738 1522 si
762 1494 890 1522 attente
915 1491 1046 1531 legeris,
1069 1499 1111 1521 ne
1130 1490 1316 1521 Hermanni

299 1539 435 1580 quidem
453 1540 658 1570 sententiam
674 1539 847 1579 probabis,
871 1538 929 1569 sed
947 1537 1130 1569 Moeridem
1148 1537 1313 1578 sequeris,

301 1579 452 1634 βρύχειν,
473 1589 552 1618 utut
569 1586 710 1626 dicatur,
723 1587 763 1617 ab
771 1586 894 1617 Atticis
908 1585 1168 1616 abiudicantem.
1182 1584 1315 1625 Quippe

302 1626 437 1680 βρύκειν
463 1643 575 1675 neque
600 1637 652 1665 est
675 1632 766 1664 edere
794 1642 905 1673 neque
930 1631 1076 1663 mordere
1101 1633 1312 1672 simpliciter,

299 1681 378 1722 sed,
407 1681 494 1722 quod
518 1685 608 1712 recte
631 1684 746 1712 monet
771 1681 889 1721 Eust.,
918 1677 1076 1726 τραχέως
1102 1677 1188 1724 μετὰ
1215 1680 1315 1712 ποιοῦ

297 1734 389 1762 τινος
410 1725 502 1775 ἤχου
528 1724 669 1767 ἐσθίειν;
706 1722 796 1759 unde
830 1731 865 1759 et
885 1727 1059 1758 mordendi
1084 1730 1119 1758 et
1143 1725 1318 1767 frendendz'

300 1777 561 1815 significationes
579 1775 742 1816 quomodo
759 1784 802 1806 ex
816 1783 884 1806 una
898 1775 993 1816 quasi
1007 1775 1115 1805 radice
1128 1778 1317 1814 procreatae

298 1823 379 1864 sint,
400 1824 498 1854 facile
516 1826 567 1854 est
584 1823 625 1855 ad
642 1822 913 1861 intelligendum.
943 1822 1005 1852 His
1022 1822 1147 1862 optime
1166 1822 1319 1860 congruit

299 1870 365 1902 EM
381 1880 415 1911 p.
436 1867 516 1911 216,
541 1866 603 1902 12:
642 1867 748 1926 βρυγ
794 1867 858 1906 όςε
894 1867 919 1913 ἡ
939 1861 1104 1913 σύντομος
1130 1866 1258 1912 ἐδωδὴ.
1292 1864 1316 1912 ἢ

298 1917 438 1963 τρισμὸς
465 1915 631 1957 ὀδόντων,
660 1927 684 1961 η
712 1928 757 1962 μυ
784 1919 831 1949 ὦν
850 1913 1030 1961 ἀκόνησις·
1065 1914 1106 1949 ἐκ
1121 1917 1182 1949 τοῦ
1202 1908 1318 1961 βρύκω

301 1962 470 2011 βρυγμός,
499 1963 547 2002 ὡς
563 1958 676 1997 νύσσω
694 1962 838 2010 νυγμός,
859 1967 895 1995 et
919 1957 1084 2008 βρύκω;
1112 1962 1151 1996 τὸ
1170 1961 1320 2008 συνερεί-

300 2011 367 2045 δειν
384 2011 464 2046 τοὺς
481 2009 622 2048 ὀδόντας
641 2009 727 2055 μετὰ
744 2009 858 2058 ψόφου
870 2036 878 2051 ,
901 2021 986 2052 quae
1002 2011 1072 2042 fere
1090 2011 1206 2042 eadem
1219 2010 1319 2042 habet

300 2060 466 2099 Hesych.:
506 2052 696 2106 βρύκων;
734 2055 934 2104 συνερείδων
960 2056 1040 2095 τοὺς
1065 2055 1206 2094 ὀδόντας
1232 2055 1319 2101 μετὰ

300 2105 425 2153 ψόφου,
446 2110 481 2138 et
499 2099 630 2152 βρύκε
642 2117 698 2139 ιν;
719 2101 857 2157 λὴιβρῷς
874 2101 1011 2145 ἐσθίειν,
1034 2103 1102 2138 ἀπὸ
1118 2107 1179 2138 τοῦ
1194 2103 1317 2149 τρίζειν

298 2153 379 2191 τοὺς
405 2151 564 2195 ὀδόντας,
591 2163 677 2194 quae
702 2158 870 2195 postrema
893 2153 1050 2194 inprimis
1074 2152 1215 2194 pulchre
1242 2162 1316 2183 cum

299 2201 471 2234 Eustathii
483 2202 594 2233 verbis
609 2201 803 2241 concinunt,
824 2210 886 2231 nec
899 2200 1054 2239 indigent
1067 2201 1314 2239 emendatione,

301 2249 388 2280 sicut
405 2248 557 2283 Sallierio
581 2249 694 2280 visum
718 2248 759 2279 ad
776 2248 877 2279 Moer.
895 2248 918 2279 1.
936 2257 963 2279 c.
993 2247 1181 2287 Etymologi
1203 2251 1317 2278 autem

301 2297 400 2328 verba
426 2297 552 2328 fontem
575 2296 700 2327 habent
723 2295 951 2334 Phrynichum
968 2295 1058 2335 App.
1080 2294 1181 2334 Soph.
1201 2304 1234 2335 p.
1258 2291 1314 2334 30,

301 2339 365 2375 28;
396 2341 600 2390 βρυγμόςι
622 2341 646 2388 ἡ
665 2335 832 2387 σύντομος
849 2339 981 2386 ἐδωδὴ,
1003 2339 1060 2374 ἐπὶ
1076 2345 1145 2374 τῶν
1162 2339 1319 2387 τραχέως

301 2386 498 2431 ἐσθιόντων,
518 2388 612 2436 παρὰ
627 2388 666 2423 τὸ
685 2381 831 2435 βρύκειν,
850 2386 934 2435 ὅπερ
952 2387 1041 2423 ἐστὶν
1060 2386 1197 2422 ἐσθίειν.
1230 2389 1319 2419 Haec

301 2440 392 2469 recte
408 2440 648 2479 perspexerat,
675 2438 772 2468 cuius
797 2440 831 2468 et
847 2437 956 2477 ipsius
973 2445 1039 2468 non
1058 2436 1125 2467 nisi
1143 2440 1317 2477 excerptos

301 2489 334 2516 et
351 2485 515 2517 breviatos
532 2485 693 2516 habemus
711 2485 976 2524 commentarios,
996 2484 1196 2515 Ammonius
1207 2508 1215 2523 ,
1237 2484 1318 2514 dum

301 2537 390 2564 recte
408 2533 628 2573 intelligatur,
650 2537 684 2562 et
702 2531 842 2562 Moeris:
872 2542 904 2562 v.
922 2528 1118 2578 βρυχῶμαι.
1148 2530 1235 2561 Η1116
1252 2531 1318 2561 iam

300 2579 398 2610 Hom.
420 2577 692 2625 111111116βρύκειν
717 2579 805 2610 dixit
831 2579 873 2609 de
898 2579 978 2618 equi
1002 2578 1099 2609 malis
1127 2577 1316 2608 frendenti-

301 2628 382 2668 bus,
419 2628 515 2658 cuius
540 2630 690 2658 mentem
724 2626 864 2656 minime
887 2626 1060 2656 intellexit
1077 2625 1252 2657 Sallierius
1277 2625 1318 2655 ad

301 2673 431 2706 Moerin
448 2674 470 2706 1.
492 2683 519 2705 c.
535 2685 542 2705 :
571 2674 650 2705 inde
675 2673 792 2713 tragici
815 2682 973 2714 accepere
991 2673 1032 2704 de
1052 2673 1240 2704 morborum
1257 2672 1316 2703 do-

302 2721 370 2752 lore
387 2721 558 2753 mordente
584 2724 805 2761 usurpantes,
835 2721 929 2751 velut
955 2721 1055 2751 etiam
1072 2720 1213 2758 Erycius
1230 2719 1318 2750 dixit

301 2768 439 2800 Anthol.
460 2767 529 2800 Pal.
551 2764 584 2809 9,
605 2764 694 2807 233,
723 2768 765 2798 cf.
787 2767 910 2798 Iacobs.
932 2767 973 2799 ad
990 2766 1106 2809 Epigr.
1128 2767 1258 2797 Delect.
1279 2775 1312 2806 p.

302 2811 382 2846 430.
419 2815 521 2856 Apud
538 2815 698 2847 Thomam
723 2815 826 2854 igitur
851 2811 1034 2861 βρύκειν
1059 2811 1141 2846 τοὺς
1161 2811 1312 2853 ὀδόντας,

230 2853 255 2864 ”⁸
303 2860 342 2894 οὐ
359 2860 481 2908 τρίζειν
500 2863 724 2894 scribentum:
755 2861 911 2900 vulgatur
935 2859 984 2906 βρ
996 2858 1074 2908 ύχε
1086 2871 1134 2893 ιν.
1166 2861 1236 2892 Ηο6
1253 2860 1315 2892 etsi

303 2910 543 2940 recentioribus
569 2909 850 2950 relinquendum,
886 2913 998 2940 tamen
1021 2908 1110 2948 apud
1133 2908 1193 2938 hos
1216 2908 1316 2938 etiam

303 2956 445 2987 alterum
469 2965 534 2987 non
560 2957 772 2996 inauditum,
802 2956 895 2987 velut
920 2955 1080 2996 Lycophr.
1110 2954 1202 2987 Cass.
1233 2951 1312 2986 545.

304 3003 435 3034 Aelian.
458 3003 519 3034 HA
537 3000 571 3043 4,
592 2999 647 3034 34.
685 3003 779 3041 Quod
797 3006 911 3042 erant,
933 3004 992 3043 qui
1010 2999 1130 3048 βρύχω
1148 3006 1182 3033 et
1200 2999 1316 3047 βρύκω

304 3051 547 3090 significatione
565 3051 834 3091 distinguerent,
855 3050 934 3080 inde
952 3051 1098 3089 factum,
1127 3049 1215 3090 quod
1233 3045 1317 3093 βρυ-

303 3094 434 3144 χᾶσθαι
449 3101 484 3128 et
500 3095 652 3142 βέβρυχα
670 3106 742 3128 esse
761 3106 862 3128 sensu
881 3097 996 3128 affinia
1014 3096 1264 3128 existimabant.

376 3163 516 3213 Βρῦτο
528 3179 554 3204 ς.
578 3166 635 3200 τὸν
654 3165 691 3199 δὲ
709 3164 862 3212 κρίθινον
877 3164 967 3199 οἶνον
980 3164 1039 3198 καὶ
1057 3163 1213 3210 βρῦτόν
1230 3170 1318 3198 τινες

303 3211 476 3249 καλοῦσιν.
505 3213 551 3251 ὡς
574 3211 660 3260 Σοφ.
689 3213 724 3248 ἐν
751 3211 914 3259 Τριπτολ.
935 3212 992 3256 (fr.
1015 3210 1123 3255 533)·
1157 3210 1316 3258 βρῦτον

305 3259 350 3294 δὲ
374 3261 447 3294 τὸν
471 3263 694 3307 χερσαῖον.
731 3261 855 3292 Athen.
879 3258 932 3291 10.
963 3270 994 3300 p.
1024 3257 1092 3291 447
1117 3261 1147 3290 b.
1178 3269 1211 3299 p.
1232 3255 1311 3290 991.

305 3309 396 3339 Ante
419 3309 519 3340 Dind.
549 3306 671 3354 βρυτόν
705 3309 930 3347 scribebatur,
965 3307 1052 3347 quod
1086 3307 1209 3337 falsum
1242 3315 1315 3337 esse

304 3356 430 3386 Athen.
447 3357 567 3394 arguit.
597 3355 694 3395 Apud
713 3355 768 3386 Gr.
788 3355 892 3386 Bekk.
912 3364 945 3395 p.
963 3351 1044 3392 222,
1065 3351 1086 3384 5
1104 3353 1316 3384 scribendum

306 3400 461 3447 βρῦτος
474 3426 483 3442 ,
503 3399 617 3441 ζῦθος.
651 3402 756 3441 Vulgo
774 3399 907 3446 βρύτος.
1021 3400 1053 3442 (Ι
1070 3410 1103 3440 p.
1126 3397 1195 3431 324
1211 3398 1319 3443 extr.)

1099 116 1283 185 Βρόχος
1311 147 1372 154 --
1401 117 1556 174 Βυθός

2047 129 2075 173 [1
2090 139 2124 172 p.
2141 103 2288 163 323-2-33

1420 233 1683 284 Βρῡχάομαι
1707 239 1821 277 rufio,
1841 238 1957 269 clamo.
2002 236 2177 278 Proprium
2199 236 2240 268 de
2257 236 2288 267 le

1348 293 1427 315 voce
1445 284 1632 316 secundum
1649 285 1804 316 Ammon.
1826 294 1860 326 p.
1875 281 1940 316 32:
1962 284 2054 325 apud
2069 292 2170 325 quem
2186 292 2262 322 cum
2281 292 2288 313 1

1348 333 1446 362 batur
1463 329 1601 377 βρύχειν
1621 329 1658 363 δὲ
1673 329 1728 364 διὰ
1744 334 1805 364 τοῦ
1822 342 1858 378 χ,
1880 329 1937 364 ἐπὶ
1949 328 2089 368 λέοντος
2105 330 2143 364 τὸ
2161 327 2288 376 βρύχεσ

1347 382 1554 419 postremum
1576 383 1666 410 recte
1691 379 1883 410 emendavit
1909 375 2164 426 βρυχᾶσθαι
2186 377 2288 419 scribe

1348 426 1465 457 Valck.
1482 438 1489 467 ;
1519 426 1577 457 sed
1591 427 1627 456 in
1642 427 1763 458 ceteris
1777 426 1910 458 erravit.
1941 426 2016 458 Una
2033 426 2125 457 enim
2142 425 2272 464 virgula

1347 470 1486 510 λέοντος
1517 474 1625 514 posita
1659 473 2004 514 6111616611116106116,
2038 474 2135 505 cuius
2160 475 2288 503 sentem

1349 521 1553 561 perspicies,
1584 521 1612 551 si
1638 522 1833 552 memineris
1856 522 1904 552 sic
1930 522 2031 552 moris
2048 529 2123 551 esse
2141 527 2288 559 gramma

1350 567 1554 608 contrahere,
1576 568 1663 607 quod
1677 569 1879 608 explicatius
1892 569 2016 600 dicitur
2032 564 2168 613 ἤγουν
2193 564 2239 599 τὸ
2258 563 2276 610 β

1348 611 1527 661 χᾶσθαι.
1564 611 1712 661 Βρύχειν
1730 619 1844 647 autem
1862 616 2002 648 verbum
2020 615 2153 646 nullum
2172 613 2257 653 fuit;

1350 663 1509 693 malicum
1534 666 1585 693 est
1607 664 1812 704 poniturque
1846 661 2104 703 technographis
2128 664 2264 702 propter
2285 669 2288 699 j

1350 711 1476 741 fectum
1491 707 1656 756 βέβρυχα,
1678 711 1774 741 cuius
1786 711 1834 741 rei
1848 711 2013 742 rationem
2023 709 2163 741 eandem
2177 717 2252 739 esse
2265 716 2285 748 q

1351 758 1385 788 in
1413 754 1552 802 μέμυκα
1570 762 1604 788 et
1622 754 1759 803 οἴχωκα
1782 758 1956 789 intellexit
1980 758 2110 789 Buttm.
2140 755 2249 787 Lexil.
2280 751 2288 785 5

1353 801 1431 844 123,
1453 805 1516 835 etsi
1533 805 1568 835 in
1589 806 1708 835 ceteris
1726 814 1853 837 errans.
1900 804 1995 844 Quod
2019 813 2062 836 ex
2080 803 2264 843 Hermippo
2281 812 2288 832 1

1350 856 1430 882 runt
1448 862 1499 892 ap.
1522 852 1610 883 Plut.
1634 852 1753 884 Pericl.
1774 849 1837 893 33,
1859 853 2073 884 scribendum
2091 847 2246 896 βρύκεις,
2274 857 2288 879 1]

1350 900 1450 931 attico
1467 903 1577 939 poeta.
1594 917 1634 921 —
1648 899 1830 939 Sophoclea
1847 900 1929 931 haec
1946 903 2045 931 sunt:
2073 900 2199 943 ταῦρος
2216 896 2263 932 ὡς
2282 893 2288 940 fi

1348 946 1507 992 χώμενος
1524 947 1579 977 Α1.
1601 943 1670 978 322
1686 956 1797 987 apogr.
1827 946 2030 992 μυκώμενος
2042 971 2050 986 ,
2077 946 2202 986 quippe
2219 952 2288 984 quo

1351 994 1437 1025 tauri
1463 995 1595 1033 mugitu
1621 994 1688 1025 dici
1713 995 1848 1034 ferunt;
1879 994 2084 1036 exquisitius
2113 992 2197 1023 illud
2223 991 2288 1022 alte

1350 1042 1427 1072 libri
1445 1043 1548 1072 ceteri
1572 1045 1712 1072 tuentur
1737 1045 1772 1072 et
1789 1042 1886 1073 Eust.
1914 1051 1947 1082 p.
1972 1037 2083 1081 1145,
2111 1036 2144 1071 3.
2183 1034 2288 1078 1140,

1351 1089 1423 1120 6011.
1461 1089 1585 1119 Iacobs.
1622 1089 1662 1119 ad
1693 1088 1849 1120 Philostr.
1885 1098 1919 1129 p.
1949 1085 2030 1120 531.
2067 1103 2109 1111 --·
2145 1083 2288 1132 βρυχώμ

1351 1137 1537 1180 σπασμοῖσι
1562 1136 1616 1167 Tr.
1646 1132 1727 1167 805.
1769 1134 1920 1215 βρυγᾶτο
1943 1132 2023 1167 904.
2062 1131 2154 1166 δεινὰ
2178 1131 2288 1180 βρυχη

1350 1183 1408 1214 OR
1428 1179 1530 1214 1265.
1577 1180 1730 1229 βέβρυχα
1746 1194 1768 1215 κ
1781 1176 1863 1216 (άων
1882 1183 1938 1215 Tr.
1961 1179 2071 1222 1072,
2096 1180 2183 1222 quo‘d
2202 1189 2278 1211 cum

1349 1239 1472 1261 morem
1489 1230 1629 1271 flebilem
1646 1230 1797 1262 muliebri
1813 1231 1952 1261 similem
1969 1229 2150 1270 significet,
2170 1227 2265 1259 velut
2283 1225 2288 1270 1

1350 1279 1438 1324 χᾶτο
1457 1277 1497 1308 116
1514 1278 1675 1308 Deianira
1692 1278 1817 1308 dicitur
1834 1289 1864 1308 v.
1882 1273 1964 1318 904,
1983 1274 2196 1324 κατάχρησιν
2215 1274 2288 1306 usit:

1351 1327 1470 1356 simam
1490 1328 1670 1365 monstrat;
1701 1326 1728 1356 si
1748 1326 1824 1365 quis
1842 1325 1882 1356 ad
1898 1325 2065 1356 abiectum
2081 1322 2167 1354 illud
2183 1326 2219 1353 et
2232 1322 2288 1353 dan

1352 1376 1426 1403 tum
1459 1369 1578 1418 βρύχω
1610 1373 1831 1412 revocaverit,
1874 1373 1969 1413 quasi
2004 1370 2155 1412 frendere
2185 1368 2288 1409 signif

1352 1420 1566 1460 ineptissima
1584 1420 1754 1450 sententia
1771 1423 1834 1452 est.
1872 1419 1959 1457 Quid
1978 1419 2094 1450 enim?
2119 1426 2201 1449 num
2219 1414 2288 1456 frea

1352 1468 1523 1506 virginum
1540 1467 1759 1507 potissimum
1768 1471 1820 1497 est
1829 1470 1844 1497 ⁶?
1870 1467 1914 1497 At
1926 1467 2058 1507 plorare
2075 1468 2127 1496 est
2143 1468 2178 1495 et
2195 1464 2288 1495 elam

1353 1515 1482 1554 tolLere,
1509 1519 1547 1545 ut
1573 1518 1662 1546 recte
1690 1524 1763 1546 sese
1788 1515 1898 1545 dolore
1916 1515 2044 1545 victum
2069 1522 2145 1544 eum
2169 1511 2288 1542 mulier

1353 1566 1520 1602 comparet
1537 1562 1712 1593 Hercules.

1424 1629 1455 1665 B
1466 1624 1549 1678 ρύω
1563 1634 1707 1672 pullulo.
1738 1629 1877 1678 βρύει,
1900 1629 1981 1678 ρέει,
1998 1629 2155 1678 πηγάζει,
2172 1626 2288 1673 ἀναβλ1

1354 1677 1467 1725 πηδᾷ,
1490 1677 1609 1721 ἀνθεῖ,
1630 1677 1780 1724 ἀνίησιν,
1802 1676 1949 1718 αὔξεται.
1972 1679 2117 1718 Hesych.
2162 1677 2288 1709 Horum

1355 1731 1479 1758 strema
1497 1728 1538 1758 ad
1556 1727 1656 1768 Soph.
1679 1728 1825 1767 faciunt3
1855 1727 2028 1767 proprium
2053 1730 2105 1757 est
2126 1726 2218 1756 enim
2236 1724 2276 1755 de

1355 1775 1406 1806 bis
1423 1779 1457 1805 et
1474 1775 1564 1805 omni
1583 1775 1774 1815 plantarum
1792 1782 1915 1814 genere
1938 1774 2039 1805 feraci
2057 1773 2125 1805 solo
2144 1780 2263 1812 magna
2280 1780 2288 1801 ‹

1356 1823 1453 1853 fusis.
1491 1823 1533 1853 V.
1554 1823 1635 1854 Abr.
1657 1822 1699 1853 ad
1715 1821 1838 1853 Aesch.
1861 1821 1962 1852 Eum.
1983 1817 2064 1852 925.
2101 1820 2219 1851 Blomf.
2240 1819 2283 1858 gl.

1357 1865 1435 1902 163,
1458 1886 1498 1891 -
1518 1866 1589 1902 ἄνω
1610 1866 1767 1913 βλαστεῖν
1786 1861 1932 1914 βρύοντα
1949 1865 2078 1902 θαλλόν
2104 1867 2157 1899 ΕΙ.
2179 1862 2259 1898 422.

1357 1927 1413 1962 ρος
1433 1909 1544 1961 βρύων
1564 1914 1708 1962 δάφνης,
1730 1914 1846 1955 ἐλάας,
1864 1913 2022 1960 ἀμπέλου
2037 1915 2092 1947 OC
2106 1911 2159 1946 16.
2190 1913 2288 1946 Genii

1355 1964 1496 1995 offendit
1515 1964 1649 2004 Elmsl.,
1671 1963 1730 1995 sed
1747 1968 1842 1995 tutus
1860 1967 1911 1994 est
1928 1966 2064 2004 propter
2080 1961 2202 1993 Aesch.
2218 1959 2287 1992 cho

1355 2011 1619 2051 Melanippidem
1647 2011 1776 2043 Stobaei
1804 2011 1877 2041 Eel.
1905 2006 1940 2042 2.
1975 2020 2008 2051 p.
2040 2005 2147 2049 1006,
2189 2007 2288 2039 Alexi

1355 2059 1522 2089 Athenaei
1546 2068 1580 2099 p.
1603 2054 1670 2090 367
1697 2060 1719 2089 f.
1764 2058 1851 2090 Vide
1877 2057 1979 2089 etiam
2005 2057 2136 2090 Schaef.
2156 2054 2234 2087 Mel.
2257 2053 2288 2086 G]

1356 2102 1434 2136 138.
1472 2106 1561 2144 Quin
1580 2107 1676 2137 Voss.
1699 2105 1823 2144 Hymn.
1846 2104 1919 2136 Cer.
1941 2100 2022 2136 456.
2051 2114 2084 2145 p.
2108 2099 2175 2135 133
2191 2111 2288 2143 persu

1353 2154 1478 2184 iniuria
1502 2153 1683 2193 expulsum
1710 2163 1782 2184 esse
1808 2163 1827 2183 a
1852 2152 2054 2184 Ruhnkenio
2080 2147 2245 2197 βρυσὲμεν
2263 2145 2286 2180 ἀ

1352 2193 1460 2246 χύων.
1516 2200 1599 2231 Nam
1625 2204 1761 2241 propter
1784 2199 1956 2241 prosodiae
1983 2199 2145 2230 rationem
2171 2199 2261 2228 certe
2285 2209 2288 2222 ⁴

1356 2256 1421 2278 non
1448 2251 1500 2278 est
1526 2245 1734 2292 βρισέμεν
1769 2246 1905 2286 corrigi,
1944 2250 1978 2277 et
2011 2243 2138 2291 βρίθειν
2171 2244 2211 2276 de
2245 2243 2288 2284 pla

1356 2296 1500 2326 ubertim
1519 2295 1809 2326 succrescentibus
1826 2294 1999 2334 proprium
2017 2303 2091 2324 esse
2107 2293 2240 2324 falsum.

1426 2362 1592 2410 Βρῶσις
1610 2356 1710 2396 albus.
1740 2362 1850 2410 ἐρινὸς
1867 2361 2008 2410 ἀχρεῖος
2026 2361 2074 2396 ὢν
2092 2361 2127 2400 ἐς
2146 2360 2270 2408 βρῶσιν

1355 2413 1395 2443 fr.
1420 2409 1496 2452 190,
1517 2410 1550 2443 2.

1426 2467 1583 2504 Batoi:
1615 2469 1646 2504 οἱ
1666 2467 1845 2515 μουσικοί,
1869 2467 1892 2514 ἢ
1911 2466 2049 2515 κροῦμά
2064 2479 2109 2501 τι.
2136 2466 2280 2506 Hesych.

1355 2528 1430 2549 cum
1449 2514 1582 2563 Κρησίν
1600 2519 1762 2558 scriptum
1780 2518 1841 2557 sit,
1868 2518 2041 2549 dubitatur
2058 2520 2174 2547 utrum
2192 2510 2288 2560 Κρίσι

1353 2559 1419 2598 Ἀκ
1444 2564 1518 2611 ισίῳ
1546 2567 1729 2606 corrigatur
1753 2558 1841 2607 (ὔῖ).
1887 2565 1988 2596 Dind.
2015 2564 2055 2595 ad
2077 2563 2119 2595 fr.
2149 2558 2205 2593 79.
2237 2556 2288 2603 [Κ

1355 2614 1395 2643 fr.
1441 2610 1485 2644 32
1505 2612 1622 2654 Dind.]

1452 2667 1666 2713 [*Βυθίζω
1692 2670 1854 2710 demeryO.
1902 2666 2110 2714 βυθίζωνε
2139 2664 2287 2706 ποντίζω

1355 2715 1456 2763 βυθῷ
1473 2714 1599 2751 σκῠθαι
1617 2717 1761 2757 Hesych.
1778 2743 1786 2755 ,
1813 2718 1847 2748 in
1875 2727 1941 2758 qua
1966 2720 2121 2757 corrupta
2142 2716 2249 2755 glossa
2264 2713 2288 2744 la

1355 2775 1474 2797 nomen
1504 2766 1636 2796 fabulae
1665 2758 1798 2798 Σκύθαι
1824 2765 1948 2797 Schow.
1982 2767 2017 2795 et
2042 2764 2086 2794 M.
2115 2761 2276 2795 Schmidt.

1355 2816 1438 2844 tant.
1470 2813 1594 2844 Nauck.
1617 2816 1717 2843 totam
1736 2813 1775 2843 ad
1794 2812 1895 2852 Soph.
1918 2812 2088 2851 pertinere
2106 2806 2237 2854 negat]

1425 2879 1568 2918 Βυθός
1594 2882 1742 2922 fundus,
1770 2891 1904 2921 voi-ayo.
1950 2881 2088 2921 Proprie
2113 2881 2239 2911 dictum
2263 2887 2288 2910 s«

1354 2933 1424 2960 est:
1462 2928 1632 2966 στενωπὸς
1654 2922 1777 2961 (Ἀιδου
1806 2928 1865 2961 καὶ
1888 2926 2070 2974 παλιρροία
2095 2923 2203 2971 βυθοῦ
2230 2928 2270 2958 fr.

1355 2974 1434 3008 716.
1481 2977 1638 3008 Flumina
1665 2977 1848 3006 inferorum
1867 2977 2110 3015 significantur.
2156 2974 2288 3005 Proxim

1354 3023 1414 3054 hac
1431 3024 1676 3063 significatione
1694 3024 1775 3054 haec
1797 3025 1938 3054 absunt:
1968 3020 2065 3054 πόλιν
2091 3019 2126 3059 ἐξ
2143 3018 2268 3066 ούρίων
2284 3017 2288 3048 ἶ

1355 3072 1484 3115 μοῦσαν
1511 3069 1546 3107 ἐς
1572 3068 1676 3114 βυθὸν
1703 3072 1817 3102 πεσεῖν
1844 3071 1897 3100 Αἰ.
1931 3066 2042 3108 1083,
2073 3077 2203 3108 pessum
2231 3069 2288 3098 itui

1355 3118 1564 3149 Sententiam
1591 3118 1669 3148 Lob.
1700 3118 1893 3148 illustravit.
1931 3114 2027 3152 πόλις
2045 3108 2180 3148 σαλεύει
2195 3112 2288 3147 κάνοιΙ

1382 3163 1449 3197 ἱσαι
1465 3162 1556 3209 κάρα
1574 3162 1688 3208 βυθῶν
1715 3158 1759 3195 ἔτ’
1790 3161 1855 3209 οὐχ
1878 3161 1934 3196 οἰά
1957 3174 1993 3195 τε
2022 3160 2153 3208 φοινίου
2180 3159 2285 3195 σάλου

1377 3209 1398 3243 4
1416 3223 1434 3242 a
1452 3212 1551 3242 maris
1572 3212 1751 3242 iactatione
1776 3212 1930 3241 tralatum
1960 3211 2018 3241 hoc
2044 3211 2084 3240 ad
2112 3210 2217 3240 morbi
2244 3217 2288 3239 ma

1354 3259 1519 3290 divinitus
1542 3259 1697 3288 immissi.
1728 3275 1767 3280 —-
1797 3255 1925 3302 φοίνιον
1956 3250 2025 3289 τόδ’
2048 3255 2087 3289 ἐκ
2114 3253 2221 3300 βυθοῦ
2242 3265 2288 3302 κη

1354 3303 1442 3350 αἷμα
1459 3305 1519 3336 Ρ11.
1542 3302 1628 3342 783,
1659 3306 1699 3335 de
1723 3305 1888 3345 profundo
1914 3305 2065 3335 vulnere.
2088 3321 2128 3326 —
2150 3303 2282 3342 Tonus,

1354 3353 1607 3393 periecticorum
1633 3355 1704 3389 est,
1740 3353 1779 3382 ab
1802 3352 1879 3383 Arc.
1901 3361 1934 3391 p.
1956 3348 2019 3390 49,
2050 3348 2092 3382 10
2122 3353 2257 3380 notatur
2279 3357 2288 3380 1

1355 3397 1476 3443 βυσσός
1494 3399 1594 3430 schol.
1624 3399 1663 3429 Il.
1685 3411 1714 3430 ω
1730 3395 1787 3429 82.
2042 3395 2073 3440 (1
2092 3407 2124 3438 p.
2147 3393 2215 3427 326
2233 3397 2288 3427 lin.
