2288 3600
290 143 387 190 124

286 261 447 293 miniculo
460 271 554 293 usus.
576 261 604 295 ὦ
622 259 786 299 θανόντας
805 259 989 306 βλέποντες
1006 260 1198 307 ἐμφυλίους
1214 259 1303 294 1264

286 319 331 341 111.
360 307 467 342 κακὸν
491 302 562 342 τόδ’
586 306 673 343 ἄλλο
698 306 855 355 δεύτερον
881 307 999 354 βλέπω
1029 306 1117 341 1295
1134 320 1180 341 m.
1208 308 1250 343 τὰ
1275 306 1302 342 δ’

287 353 485 402 ἀντίπρῳρα
510 353 553 400 δή
580 367 633 390 σοι
658 354 795 402 βλέπειν
820 355 962 401 πάρεστι
986 358 1040 388 Tr.
1062 354 1132 388 224
1149 357 1200 388 ch.
1228 354 1303 390 ἐπεί

285 414 336 436 νιν
365 395 495 448 ᾧκτισα
521 401 695 448 βλέπουσα
711 401 791 436 313.
811 402 908 437 τόνδε
932 402 996 448 γὰρ
1023 402 1141 449 βλέπω
1158 401 1302 449 θυραῖον

287 448 356 497 ἥδη
375 447 455 483 594.
478 449 565 484 ὥστε
590 449 730 496 πρίονος
755 449 947 497 ἐκβρώματ’
973 449 1013 485 ἂν
1041 449 1202 497 βλέψειας
1219 448 1298 483 700.

286 495 317 531 εἴ
347 509 407 531 του
442 495 551 543 φίλων
577 496 732 544 βλέψειεν
766 497 910 532 οἰκετῶν
943 497 1049 544 δέμας
1074 495 1154 531 908.
1192 496 1303 535 οὐδεὶς

287 542 327 588 ἂν
352 543 454 591 τλαίη
481 543 617 590 βλέπειν
644 542 789 592 φυσῶντ’
815 543 886 579 ἄνω
911 547 966 578 Α1.
988 543 1068 577 917.
1098 544 1214 591 βλέπω
1238 543 1302 592 γὰρ

286 589 413 638 ἐχθρὸν
441 597 540 637 φῶτα
565 590 665 625 1042.
695 595 784 625 Hinc
810 592 859 637 μὴ
879 591 1062 638 βλέποντες
1079 596 1165 625 caeci
1182 603 1303 625 vocan-

285 644 353 680 tur,
390 638 526 685 βλέπων
552 645 684 680 autem,
722 642 875 682 quisquis
910 642 1081 673 oculorum
1114 641 1303 672 ministerio

286 688 405 719 utitur.
435 686 464 721 εἰ
488 685 548 721 καὶ
573 686 622 733 μὴ
649 685 787 732 βλέπεις
813 688 869 720 OR
887 686 966 720 302.
1004 686 1034 721 εἰ
1059 686 1087 720 δ’
1118 686 1303 735 ἐτύγγανες

287 731 424 778 βλέπων
442 732 522 767 348.
543 734 657 780 ὥσπερ
671 732 761 779 ἡνίκ’
779 733 923 780 ἔβλεπον
945 733 1046 767 1470.
1067 733 1126 768 καὶ
1151 733 1202 772 τίς
1214 728 1303 780 πρὸς

286 779 407 827 ἀνδρὸς
433 780 482 827 μὴ
511 780 697 827 βλέποντος
720 780 874 829 άρκεσις,
905 783 959 815 OC
979 780 1035 815 73.
1072 783 1206 814 Deinde
1223 783 1303 814 hinc

287 833 395 861 ortum
414 834 486 870 est,
516 831 604 871 quod
629 832 740 871 aliquo
759 832 858 862 vultu
874 840 939 861 esse
957 831 1142 870 significat:
1172 842 1204 861 v.
1226 831 1297 862 Erf.

287 877 327 908 ad
343 877 403 908 Ph.
429 874 506 909 110.
527 880 602 915 πῶς
621 875 680 910 οὖν
708 874 844 921 βλέπων
862 888 912 914 τις
928 880 1036 911 ταῦτα
1052 875 1221 922 τολμήσει
1237 875 1302 910 λα-

285 921 379 964 λεῖν,
409 924 469 955 Ρ11.
494 922 570 957 110.
601 922 665 958 οὐκ
690 919 753 959 οἷδ’
778 922 928 969 ὄμμασιν
946 923 1058 962 ποίοις
1078 922 1214 969 βλέπων
1233 936 1302 957 πα-

283 969 367 1016 τέρα
391 965 465 1004 ‘troz'
493 969 533 1005 ἂν
557 970 738 1017 προσεῖδον
762 972 819 1004 OR
839 969 939 1004 1371.
968 973 1067 1004 Porro
1085 973 1172 1013 quod
1189 972 1302 1012 adspi-

285 1028 355 1050 cere
378 1020 480 1050 oculis
513 1030 539 1051 s.
569 1021 681 1051 oculos
713 1021 823 1060 aliquo
849 1020 996 1060 conferre
1021 1020 1156 1051 dicitur.
1187 1017 1298 1059 οὗτος,

287 1062 381 1112 βλέφ’
403 1064 470 1099 ὦδε
489 1067 544 1098 Tr.
563 1064 642 1098 402.
666 1078 697 1098 v.
719 1067 833 1108 Apitz.
851 1077 884 1107 p.
901 1064 978 1099 185.
1001 1065 1100 1111 δεῦρό
1120 1078 1178 1111 μοι
1196 1066 1302 1111 φώνει

286 1110 423 1156 βλέπων
447 1114 505 1146 OR
525 1111 626 1146 1121.
653 1108 734 1147 κάπ’
768 1112 846 1158 ἐμοὶ
872 1111 1001 1160 βλέψας
1031 1115 1084 1145 Α1.
1106 1111 1187 1146 345.
1216 1112 1302 1159 πρὸς

284 1159 375 1205 ἴτρια
400 1158 518 1204 βλέπω
544 1161 638 1193 Erid.
666 1162 706 1193 fr.
731 1158 808 1193 199.
846 1162 1015 1193 Postremo
1033 1162 1111 1193 inde
1130 1162 1302 1193 deflexum

286 1210 338 1240 est
360 1206 383 1252 ἡ
408 1207 501 1253 κακὴ
529 1207 571 1254 σὴ
599 1206 654 1241 διὰ
683 1212 805 1254 μυχῶν
841 1203 1002 1253 βλέπουσ’
1035 1207 1089 1241 ἀεὶ
1113 1206 1210 1255 ψυχή
1237 1209 1297 1240 Ph.

287 1251 395 1295 1013,
435 1266 516 1296 quae
548 1265 672 1296 semper
705 1256 829 1297 aliquid
861 1258 1023 1288 rimatur:
1051 1268 1082 1288 v.
1112 1258 1237 1296 Musgr.
1269 1259 1302 1287 et

285 1303 402 1334 Herm.
425 1321 466 1326 —
492 1302 506 1344 ΙΙ
532 1304 652 1335 Animo
670 1313 784 1344 cerno,
815 1304 1062 1343 animadverto,
1090 1305 1232 1335 observo.
1262 1301 1300 1336 σὺ

283 1347 343 1383 καὶ
361 1347 526 1395 δέδορκας
549 1349 613 1384 κού
653 1348 780 1390 λέπεις,
801 1347 842 1383 ἵν’
867 1348 897 1383 εἷ
913 1353 1023 1384 κακοῦ
1042 1351 1100 1383 OR
1117 1348 1197 1382 413.
1220 1348 1302 1395 βλέ-

284 1408 393 1430 ποντα
417 1399 476 1431 νῦν
495 1396 557 1442 μὲν
582 1395 621 1443 ὄρ
647 1395 655 1407 ’
683 1395 800 1431 ἔπειτα
821 1396 859 1431 δὲ
877 1397 996 1431 σκότον
1015 1395 1095 1438 419,
1117 1399 1205 1439 quod
1221 1399 1302 1429 illu-

285 1448 436 1476 strarunt
452 1445 578 1485 Musgr.
600 1450 634 1477 et
650 1446 774 1485 Iacobs⁷
795 1445 850 1477 hic
866 1447 906 1477 ad
923 1447 1061 1477 Anthol.
1084 1446 1141 1478 Gr.
1162 1443 1196 1477 2.
1217 1456 1250 1487 p.
1265 1442 1297 1476 3.

284 1502 318 1533 p.
340 1488 421 1524 203.
451 1490 491 1525 ού
517 1490 582 1538 γὰρ
609 1491 801 1539 φρονοῦντά
826 1487 854 1524 σ’
878 1491 915 1526 εὖ
942 1491 1060 1538 βλέπω
1086 1490 1166 1525 626.
1196 1491 1302 1526 ἐκπε-

284 1537 482 1585 πληγμένον
507 1542 622 1573 κεῖνον
649 1538 831 1584 βλέποντες
850 1537 929 1572 923.
950 1538 1011 1574 καὶ
1035 1544 1109 1573 πῶς
1125 1534 1246 1586 γένοιτ’
1262 1537 1301 1572 ἂν

283 1584 382 1620 τῶνδ’
401 1581 446 1620 ἔτ’
464 1584 574 1634 ἐγθίω
594 1585 748 1631 βλέπειν;
780 1587 833 1619 ΕΙ.
853 1585 961 1620 1189;
984 1589 1069 1619 mala
1088 1598 1148 1620 sua
1166 1588 1303 1619 Electra

285 1629 537 1666 memoraverat.
566 1633 647 1680 ὁρᾷ.
679 1632 775 1679 βλέπ’
802 1634 831 1668 εί
847 1633 965 1680 καίρια
990 1632 1133 1681 φθέγγει
1149 1635 1212 1666 ΡΙ1.
1233 1631 1302 1666 862

285 1691 329 1712 m.
347 1683 521 1721 ingeniose
530 1682 654 1719 Herm„
676 1682 765 1714 Videt
779 1681 817 1725 (i.
834 1692 863 1714 e.
881 1681 1154 1726 expergiscitur).
1172 1682 1304 1714 adverte

284 1730 406 1768 ἰρὶίιιν,
442 1739 524 1760 num
549 1731 736 1770 tempestiva
759 1729 860 1761 dieas.
897 1730 1001 1762 Dind.
1031 1740 1074 1762 ex
1100 1731 1159 1761 LA
1185 1727 1304 1774 βλέπει

284 1773 403 1821 καίρια
436 1773 585 1822 φθέγγει,
621 1781 660 1808 ut
694 1774 812 1822 βλέπει
841 1778 1029 1809 secundum
1055 1776 1121 1823 ὁρᾷ
1140 1778 1240 1818 plane
1259 1777 1304 1808 sit

283 1823 438 1855 otiosum.
458 1824 703 1856 Brunck.coni.
725 1823 819 1867 ὁρᾶς,
843 1822 972 1869 βλέπει.
997 1822 1084 1869 [ὅρα,
1106 1818 1202 1869 βλέπ’
1220 1823 1249 1857 εἰ
1266 1835 1299 1856 κ.

284 1870 330 1901 Μ.
348 1870 466 1913 Seyff.]
488 1889 529 1895 —
550 1868 718 1909 πολλάκις
738 1858 866 1917 ἔβλεψα
882 1869 1010 1916 ταύτην
1027 1871 1091 1917 τὴν
1108 1869 1302 1918 γυναικείαν

285 1915 384 1963 φύσιν
403 1918 479 1950 Ter.
502 1920 542 1950 fr.
564 1916 644 1959 517,
666 1916 699 1951 2.
729 1920 782 1951 Ex
808 1919 870 1951 hac
895 1920 1140 1960 significatione
1165 1920 1222 1950 illa
1239 1920 1302 1950 de-

284 1966 384 2006 flexa,
405 1966 493 2006 quod
507 1963 644 2010 βλέπειν
663 1967 823 1998 dicuntur
836 1967 980 1998 homines
996 1976 1129 2006 sayaces
1141 1970 1171 1998 et
1188 1968 1300 1998 acuti:

284 2010 402 2049 δεινῶς
415 2009 553 2056 ἀθυμῶ,
576 2013 624 2058 μὴ
645 2011 782 2058 βλέπων
796 2012 813 2048 ὁ
834 2012 953 2058 μάντις
971 2006 992 2061 ᾖ
1007 2014 1064 2046 OR
1076 2011 1144 2045 747
1153 2015 1197 2054 gl.
1211 2011 1301 2058 ἀλη-

284 2056 363 2104 θής,
385 2057 587 2106 ἀληθεύωνι
625 2066 659 2093 et
682 2063 800 2092 mentis
817 2065 978 2101 compotes
1004 2063 1181 2093 universe:
1211 2055 1301 2104 ἡνίκ’

283 2104 326 2150 ἦν
345 2106 380 2141 ἐν
427 2106 442 2112 ”
472 2105 583 2153 νόσῳ,
615 2105 716 2141 αὐτὸς
745 2107 806 2152 μὲν
831 2106 936 2153 ἥδετο
953 2107 1049 2153 ἡμᾶς
1067 2106 1104 2141 δὲ
1121 2106 1201 2145 τοὺς
1220 2106 1301 2152 βλέ-

285 2164 410 2191 ποντας
454 2152 509 2188 νία
527 2153 633 2194 ξυνών
650 2156 705 2187 Ai.
724 2153 792 2187 273
804 2153 849 2199 [si
867 2160 956 2188 recte
975 2166 1010 2187 se
1025 2156 1127 2187 habet
1138 2156 1226 2196 quod
1243 2164 1301 2196 pro

284 2203 492 2246 φρονοῦντας
506 2212 568 2234 scr.
584 2203 683 2234 schol.
697 2214 750 2248 γρ.
765 2200 980 2248 βλέπονταςῚ.
994 2204 1043 2235 Ne
1053 2203 1186 2244 proprie
1197 2203 1300 2234 intel-

284 2249 417 2289 ligatur,
438 2249 500 2280 hoc
517 2250 608 2290 facit,
630 2252 717 2291 quod
729 2252 918 2290 elegantius
936 2251 1125 2282 antitheton
1143 2253 1195 2281 est
1211 2243 1301 2293 ἡνίκ’

282 2293 326 2340 ἦν
345 2294 380 2329 ἐν
397 2295 440 2342 τῇ
452 2294 541 2341 νόσῳ
559 2300 594 2328 et
618 2294 712 2341 ἡμᾶς
734 2296 814 2335 τοὺς
834 2295 1034 2341 βλέποντας.
1068 2298 1200 2329 Deinde
1220 2294 1301 2342 βλέ-

283 2353 358 2376 πειν
383 2348 434 2375 est
460 2344 570 2384 aliquo
594 2345 729 2377 consilio
748 2345 874 2386 aliquid
895 2347 1059 2385 respicere,
1083 2354 1214 2384 curare,
1245 2353 1301 2375 em—

282 2393 436 2430 spectare,
465 2384 543 2423 ὥστ’
561 2388 640 2438 οὐχὶ
659 2390 819 2435 μαντείας
843 2389 871 2438 γ’
890 2389 929 2425 ἂν
948 2389 1026 2425 οὔτε
1042 2386 1115 2438 τῇδ’
1134 2391 1201 2437 ἐγὼ
1220 2389 1302 2436 βλέ-

283 2434 382 2482 ψαιμ’
405 2434 445 2471 ἂν
472 2432 593 2478 οὕνεκ’,
624 2436 701 2472 οὔτε
718 2433 790 2486 τῇδ’
814 2436 854 2473 ἂν
882 2436 1020 2485 ὕστερον
1054 2439 1112 2472 OR
1128 2437 1216 2479 858,
1247 2440 1301 2471 cui

285 2485 450 2526 exemplo,
467 2485 556 2526 quod
566 2486 654 2517 viam
669 2487 867 2519 traducendi
880 2488 972 2519 verbi
986 2490 1159 2526 monstrat,
1177 2487 1301 2518 similia

283 2531 410 2563 addidit
427 2533 552 2572 Musgr.
581 2530 723 2578 ἡγεῖσθε
749 2532 787 2567 δὲ
814 2531 950 2579 βλέπειν
978 2531 1040 2577 μὲν
1065 2531 1200 2577 (θεοὺς)
1216 2532 1300 2578 πρὸς

281 2577 338 2612 τὸν
364 2576 487 2625 εὐσεβῆ
514 2577 664 2624 βροτῶν,
695 2579 831 2625 βλέπειν
857 2579 894 2614 δὲ
920 2580 1004 2626 πρὸς
1028 2579 1108 2618 τοὺς
1127 2578 1300 2624 δυσσεβεῖς

283 2625 338 2658 OC
356 2623 437 2658 279.
464 2625 497 2659 τί
521 2625 591 2673 χρή
620 2638 662 2670 με
688 2627 724 2665 ἐς
748 2626 851 2665 θεοὺς
876 2626 925 2661 ἔτι
952 2626 1087 2671 βλέπειν
1113 2630 1194 2661 Ant.
1216 2624 1296 2659 923.

284 2671 363 2718 ἐμοὶ
387 2670 451 2718 γὰρ
475 2669 586 2707 οὐκέτ’
612 2673 701 2709 ἐστὶν
727 2674 775 2712 εἰς
801 2673 818 2708 ὅ
842 2686 874 2708 τι
893 2673 1010 2720 βλέπω
1035 2676 1092 2707 Α1.
1115 2673 1194 2708 514.
1217 2673 1252 2712 ἐς
1268 2672 1301 2707 τί

285 2730 343 2764 μοι
361 2718 516 2766 βλέψασα
534 2718 597 2765 [sic
613 2731 724 2762 apogr.
740 2735 747 2754 z
768 2720 926 2768 κλέψασα
945 2720 1018 2766 LA]
1037 2723 1091 2754 El.
1112 2720 1193 2763 888,
1214 2731 1300 2763 quae

283 2768 347 2799 tria
364 2769 520 2809 exempla
532 2770 691 2809 praesidii
704 2771 757 2802 vel
777 2771 898 2801 auxilii
912 2770 1131 2811 exspectandi
1149 2770 1300 2809 adsigni-

283 2815 472 2846 ficationem
498 2816 539 2846 ha
564 2821 639 2857 ent,
669 2818 723 2848 cui
749 2817 850 2848 affine
877 2818 977 2848 etiam
1004 2817 1090 2848 illud
1123 2813 1201 2850 οὔτε
1234 2814 1299 2861 γὰρ

282 2858 372 2894 θεῶν
388 2860 484 2907 γένος
498 2817 568 2899 ab}
585 2861 736 2909 ἁμερίων
754 2860 798 2896 ἔτ’
816 2861 909 2903 ἄξιος
927 2861 1062 2908 βλέπειν
1076 2857 1136 2896 τιν’
1153 2862 1200 2900 εἰς
1218 2861 1300 2896 ὄνα-

285 2918 335 2941 σιν
360 2906 553 2954 ἀνθρώπων
587 2911 641 2942 Α1.
668 2907 737 2942 400
755 2921 799 2942 111.
828 2912 976 2943 illustrat
994 2912 1074 2942 Lob.
1111 2909 1159 2948 εἰς
1188 2909 1225 2943 σὲ
1255 2908 1298 2955 δὴ

283 2952 414 2999 βλέπω,
442 2953 537 2994 ὅπως
561 2956 618 2990 τὸν
637 2955 821 3004 αὐτόχειρα
848 2956 896 3003 μὴ
920 2955 1146 3001 κατοκνήσεις
1163 2959 1298 2990 κτανεῖν

283 3003 337 3033 El.
359 2999 429 3034 954
445 3005 638 3043 ten'ntueor‚
668 3006 691 3036 i.
713 3014 742 3036 e.
764 3015 782 3036 a
798 3009 832 3036 te
850 3008 1019 3046 exspecto.
1050 3004 1098 3042 εἰς
1114 3001 1176 3038 τίν’
1200 3002 1300 3038 ἐλπί-

283 3046 351 3082 δων
376 3043 517 3095 βλέψασ’
543 3046 589 3082 ἔτ’
618 3049 726 3096 ὀρθήν
752 3053 804 3083 El.
826 3048 905 3083 959.
921 3069 962 3074 -
989 3051 1003 3093 ll
1029 3052 1186 3093 Denique
1211 3051 1300 3092 quod

283 3097 351 3127 vivi
369 3106 532 3128 sensuum
542 3101 576 3128 et
584 3100 708 3130 mentis
722 3102 888 3140 compotes
906 3102 997 3139 sunt,
1012 3096 1148 3143 βλέπειν
1167 3099 1299 3140 simpli-

283 3143 365 3175 citer
390 3147 442 3175 est
467 3145 502 3175 ἰη
527 3146 611 3175 vivis
636 3155 722 3177 esse:
757 3147 854 3177 cuius
879 3156 961 3177 usus
986 3156 1092 3186 pauca
1115 3143 1167 3189 (et
1191 3155 1298 3177 unum

283 3191 453 3231 Sophoclis
470 3191 524 3222 OC
546 3188 652 3236 1438)
669 3193 825 3233 exempla
841 3193 957 3224 attulit
973 3193 1086 3224 Monk.
1109 3193 1149 3224 ad
1166 3193 1294 3224 Alcest.

284 3234 362 3269 144.
382 3235 422 3270 οὐ
439 3235 503 3283 γάρ
523 3234 556 3281 μ’
574 3236 622 3271 ἔτι
641 3233 797 3283 βλέποντ’
815 3233 973 3284 ἐσόψεσθ’
998 3237 1097 3276 αὖθις
1115 3239 1171 3271 OC
1192 3236 1292 3271 1438.

281 3278 310 3316 α’
342 3282 479 3319 εἰσιδεῖν
509 3283 680 3319 ἀνώδυνον
710 3284 880 3331 βλέποντα
911 3280 1119 3330 κάμπνέοντ’
1153 3283 1202 3318 ἔτι
1231 3286 1293 3319 Ρ11.

280 3328 360 3363 883.
413 3331 442 3364 ὦ
475 3330 614 3376 στυγνὸς
646 3331 750 3373 αἰών,
786 3331 818 3366 τί
850 3344 911 3377 με,
940 3332 973 3367 τί
1003 3330 1076 3378 δῆτ’
1109 3331 1201 3380 ἔγεις
1224 3330 1296 3366 ἀνω

281 3375 451 3422 βλέποντα
478 3376 578 3412 1349.
614 3378 668 3412 κεί
699 3377 869 3424 βλέποντα
894 3378 943 3424 μὴ
966 3378 1106 3414 ’πόθουν
1136 3375 1190 3412 Ᾱί.
1212 3376 1291 3411 962.

281 3423 310 3458 εἰ
335 3423 400 3471 γὰρ
426 3423 611 3471 βλέποντος
646 3425 695 3471 μὴ
726 3420 936 3473 ’δυνήθημεν
968 3429 1126 3473 κρατεῖν,
1159 3425 1295 3464 πάντως

1122 142 1438 211 Βλέφαρον-
1467 141 1571 210 Βοή

2033 153 2067 200 [1
2082 165 2116 197 p.
2134 151 2288 188 308—31

1339 259 1504 341 θῖοιινιὲνὸρδ
1518 258 1561 341 γ’11
1571 259 1718 307 ἄρξομεν
1746 258 1846 294 1067.
1874 260 1913 295 τό
1936 272 1973 295 τε
2000 260 2050 308 μὴ
2076 259 2213 306 βλέπειν
2230 259 2288 296 έτο

1384 336 1391 342 .
1522 319 1539 340 C
1568 334 1574 340 .

1409 358 1567 413 Βλέφὸῖ
1575 379 1660 413 ρον.
1689 367 1703 410 ΙΙ
1724 368 1891 408 palpebra.
1921 365 1983 412 βλέ
2011 378 2092 413 αρον
2116 364 2285 415 κέκληταί

1340 415 1386 453 ὡς
1412 412 1604 461 καπηλείου
1631 412 1734 461 θύραι
1757 415 1856 447 Ρ11111.
1878 416 1919 447 fr.
1941 379 2021 447 635.
2041 418 2058 453 11
2073 416 2198 447 oculus.
2228 415 2285 448 Sin

1339 464 1417 495 laris
1444 463 1547 495 semel
1571 463 1689 494 tralate
1714 463 1856 503 dicitur,
1892 466 1932 494 ut
1965 463 2012 494 sol
2036 466 2173 495 vocetur
2203 472 2288 509 ypuo

1340 508 1472 555 ἁμέρας
1490 507 1660 556 βλέφαρον
1678 510 1759 542 Ant.
1784 506 1850 541 104
1868 510 1920 542 011.
1936 522 1943 541 :
1975 510 2029 541 cni
2047 510 2202 552 exemplo
2220 504 2288 542 'Lu1

1338 557 1459 595 νυκτὸς
1477 556 1622 604 ἀφεγγὲς
1641 555 1812 603 βλέφαρον
1831 560 1980 589 vocatam
1997 557 2255 598 Eurip.Phoen.
2269 553 2288 589 5

1339 610 1415 645 apte
1442 606 1591 637 Erfurdt.
1621 605 1777 636 contulit.
1815 604 1866 636 Cf.
1887 604 2031 636 Boeckh.
2061 604 2163 645 Expl.
2191 605 2286 636 Pind.

1342 649 1420 684 138.
1457 653 1603 684 Pluralis
1627 652 1872 684 usitatissimus
1897 652 1938 683 de
1956 652 2061 683 oculis
2077 651 2243 684 hominis:
2278 664 2288 682 x

1340 693 1368 731 δ’
1392 697 1538 746 ἐναργὴς
1565 697 1746 745 βλεφάρων
1768 696 1888 745 ἵμερος
1913 696 2098 744 εὐλέκτρου
2115 695 2251 745 νύμφας
2267 699 2288 730 Α

1340 743 1407 779 795
1418 748 1469 779 ch.
1490 745 1565 780 λύει
1581 744 1723 780 κελαινὰ
1741 743 2221 791 βλέφαρα1302,1]11011501101.
2242 744 2288 779 ἀπ

1338 792 1438 827 λυται
1454 796 1718 836 interpretatur:
1739 805 1771 824 v.
1789 791 1874 827 λύω.
1896 789 2014 838 ἦρασᾶ
2035 791 2184 839 ἐπαίρων
2199 790 2287 839 βλέφ

1338 842 1396 874 OR
1417 838 1517 874 1276.
1540 841 1705 874 σκοτώσω
1729 838 1885 887 βλέφαρα
1909 839 1969 874 καὶ
1991 838 2178 886 δεδορκότα
2209 841 2265 872 Ai.

1339 883 1455 922 οὔποτ’
1472 887 1620 928 εὐνάζειν
1647 886 1847 930 ἀδακρύτων
1874 886 2055 933 βλεφάρων
2081 885 2189 922 πόθον
2208 888 2264 920 Tr.

1339 937 1391 968 ch.
1421 934 1582 970 σκεδάσαι
1614 933 1694 980 τῷδ’
1727 934 1796 969 ἀπὸ
1820 934 1945 981 κρατὸς
1976 933 2158 981 βλεφάρων
2183 928 2216 968 θ’
2249 931 2288 967 ὕτι

1339 980 1408 1016 990
1426 995 1470 1015 m.
1494 1003 1534 1008 —
1554 985 1605 1016 De
1623 987 1702 1015 tono
1720 985 1797 1015 Arc.
1818 994 1852 1024 p.
1877 979 1955 1023 122,
1976 978 2033 1014 29.
2152 979 2184 1025 (Ι
2201 992 2235 1023 p.
2256 979 2288 1014 3}

1409 1039 1469 1076 Βλ
1482 1040 1567 1081 ίζω.
1598 1040 1744 1087 [βλίσαιε
1773 1041 1812 1076 τὸ
1829 1040 1872 1075 τὰ
1887 1039 1994 1087 κηρία
2009 1038 2130 1087 θλίψαι
2147 1044 2214 1074 τῶν
2234 1038 2288 1086 με)

1340 1094 1419 1123 σῶν.
1448 1088 1516 1123 ἀπὸ
1541 1092 1602 1123 τοῦ
1630 1088 1726 1135 μέλι,
1758 1087 1886 1134 μελίζω
1911 1087 1970 1122 καὶ
1994 1086 2084 1122 κατὰ
2101 1087 2276 1134 συγκοπὴν

1338 1136 1469 1183 τροπὴν
1511 1135 1629 1182 βλίζω.
1658 1135 1717 1170 καὶ
1768 1133 1925 1174 Αττικῶς
1958 1134 2097 1181 βλίττω·
2125 1133 2184 1169 καὶ
2210 1133 2288 1180 βλίτ

1338 1185 1376 1220 τὸ
1394 1182 1554 1230 ἀφαιρεῖν
1579 1184 1618 1218 τὸ
1638 1182 1717 1228 μέλι
1742 1182 1810 1218 ἀπὸ
1834 1188 1903 1217 τῶν
1928 1181 2078 1230 κηρίων,
2104 1181 2276 1216 τουτέστιν

1338 1230 1464 1271 πιέζειν
1491 1231 1550 1266 καὶ
1581 1230 1733 1276 θλίβειν.
1762 1229 1819 1265 ἐπὶ
1847 1230 1887 1265 τὸ
1920 1228 2092 1265 κινεῖσθαί
2120 1241 2205 1267 πως.
2235 1231 2288 1263 ΕΝ

1337 1277 1418 1319 200,
1441 1277 1485 1311 33
1520 1280 1624 1312 Gaisf.
1655 1281 1778 1320 quibus
1803 1279 1896 1310 addit
1914 1279 1982 1311 cod.
2005 1280 2101 1311 Voss.
2123 1287 2150 1310 s.
2172 1288 2203 1309 v.
2226 1275 2288 1324 βλιγ

1339 1326 1423 1366 ζειντ
1448 1323 1533 1372 Σοφ.
1555 1324 1713 1371 (11856)
1735 1324 1758 1371 ἢ
1787 1337 1839 1372 σφ
1879 1324 1978 1359 κίαν
2005 1323 2288 1371 βλίττουσινι

1339 1373 1463 1420 ρόντε
1476 1385 1491 1411 ς
1514 1373 1623 1408 τινά.
1651 1372 1744 1419 παρὰ
1765 1372 1803 1408 τὸ
1823 1337 1918 1416 μέλω
1935 1371 2015 1417 (scr.
2037 1370 2134 1418 μέλι)
2152 1370 2280 1417 μελίζω

1337 1420 1427 1456 κατὰ
1445 1421 1621 1467 συγκοπὴν
1647 1420 1840 1467 καὶιτροπῇ
1864 1423 1924 1454 τοῦ
1945 1433 1969 1466 μ
1986 1419 2034 1457 εἰς
2053 1418 2072 1465 β
2095 1418 2155 1453 καὶ
2179 1421 2240 1453 τοῦ
2265 1418 2285 1459 ζ

1339 1467 1399 1503 δύο
1417 1480 1456 1502 ττ
1474 1467 1598 1513 βλίττω
1615 1465 1792 1506 Ἀττικῶς.
1811 1469 1863 1501 Cf.
1887 1468 1989 1500 schol.
2009 1468 2049 1499 ad
2068 1468 2261 1509 Hippocrat.
2281 1469 2288 1505 1

1338 1518 1554 1556 Daremberg.
1575 1518 1611 1548 in
1628 1517 1762 1548 Notices
1781 1521 1814 1548 et
1830 1517 1929 1548 Extr.
1950 1516 2009 1547 des
2027 1515 2089 1547 Ms.
2106 1515 2194 1547 med.
2219 1511 2248 1554 1,
2269 1511 2288 1547 2

1340 1562 1719 1611 ἐβλιμοίσθηε...παρὰ
1740 1562 1779 1597 τὸ
1806 1561 1949 1608 βλίττειν
1976 1560 1994 1595 ὅ
2020 1560 2091 1595 ἐστι
2117 1559 2288 1606 μαλάττει-

1339 1610 1398 1645 καὶ
1418 1610 1504 1659 Σοφ.
1529 1610 1700 1658 μέμνηται
1715 1614 1779 1656 τῆς
1795 1609 1922 1651 λέξεως
1940 1608 1975 1644 ἐν
1994 1606 2175 1655 Πανδώρᾳ.
2196 1608 2253 1652 (fr.
2269 1606 2288 1642 4

1341 1664 1374 1691 et
1399 1661 1464 1691 EM
1490 1661 1651 1691 Laurent.
1680 1660 1805 1690 Milleri
1830 1669 1865 1700 p.
1887 1655 1943 1690 66.
1979 1658 2126 1696 Hesych.
2149 1667 2180 1688 v.
2211 1654 2288 1701 βλίσ

1341 1707 1561 1740 Scribendum
1573 1710 1685 1739 autem
1704 1704 1753 1750 βλ
1763 1704 1773 1739 ί
1783 1704 1825 1744 ζο
1838 1716 1858 1739 υ
1869 1716 1932 1738 σιν
1942 1731 1950 1746 ,
1972 1705 2060 1746 quod
2073 1704 2247 1736 sciolorum
2260 1705 2288 1745 ig

1339 1756 1446 1787 rantia
1464 1754 1668 1794 obliteravit,
1689 1764 1732 1785 ne
1751 1753 1852 1794 Soph.
1870 1762 1935 1784 non
1954 1753 2055 1784 attice
2072 1752 2277 1792 loqueretur.

1340 1802 1476 1833 Ruhnk.
1499 1802 1536 1833 ad
1558 1802 1645 1832 Tim.
1666 1811 1700 1842 p.
1723 1798 1778 1832 63.
1812 1800 1930 1842 [Dind.
1959 1799 1999 1831 ad
2016 1800 2057 1831 fr.
2078 1795 2148 1831 856
2173 1799 2288 1831 dialect

1340 1850 1499 1889 tragicam
1518 1846 1711 1894 βλίσσουσιν
1728 1848 1898 1889 postulare
1916 1844 2115 1888 contendit]

1410 1905 1550 1941 Βοάω.
1570 1907 1584 1949 ΙΙ
1602 1909 1719 1939 clamo.
1749 1905 1851 1952 βοῶν,
1873 1903 2042 1944 στενάζων
2059 1905 2120 1936 Ρ11.
2138 1902 2191 1937 11.
2213 1902 2283 1950 βοᾷ

1338 1954 1455 1989 λωπὸν
1483 1953 1565 1988 ἰωάν
1591 1952 1659 1988 216
1678 1955 1728 1986 ch.
1766 1952 1857 1999 βοῶν
1889 1952 1953 1999 γὰρ
1978 1950 2168 1986 εἰσέπαισεν
2192 1947 2288 1990 Oiatai

1338 1999 1509 2036 0111252.
1532 2001 1635 2047 βοῶν,
1659 2000 1760 2040 ἰύζων
1780 2002 1834 2033 Tr.
1849 1999 1918 2034 787
1935 2001 1985 2032 ch.
2011 1999 2054 2042 [v.
2075 1999 2192 2031 Herm.
2208 2000 2250 2031 ad
2265 1999 2288 2032 h

1339 2048 1498 2095 ἐμμανὴς
1517 2047 1584 2094 βοᾷ
1602 2050 1655 2081 El.
1676 2045 1756 2081 295.
1777 2047 1866 2082 κατά
1892 2059 1951 2094 μοι
1976 2045 2099 2092 βόασον
2123 2044 2260 2093 οἰκτρὰν
2282 2059 2288 2076 ι

1340 2095 1429 2130 1066
1447 2098 1497 2128 ch.
1521 2095 1649 2142 βοᾷτις
1666 2094 1761 2129 ἔνδον
1782 2093 1882 2128 1406.
1911 2094 1978 2141 βοᾷ
1995 2105 2064 2134 τιςς
2101 2094 2209 2126 Acris.
2230 2095 2271 2126 fr.

1341 2143 1370 2177 1.
1400 2146 1489 2177 Hinc
1515 2148 1566 2175 est
1591 2154 1666 2175 curn
1690 2145 1830 2175 clamore
1854 2152 1992 2175 vocare:
2018 2138 2236 2187 Εὐρύσακες,
2263 2137 2288 2176 ὦ

1340 2191 1391 2225 σοὶ
1411 2190 1478 2237 βοᾷ
1498 2192 1552 2223 Ai.
1575 2188 1653 2223 340.
1684 2187 1832 2224 ἐνταῦθα
1856 2188 1899 2235 δὴ
1927 2184 2043 2235 ’βόησε
2065 2187 2123 2222 τὸν
2141 2186 2288 2232 δυσδαίμ

1338 2237 1450 2285 Λίγαν
1476 2239 1531 2270 Τ1.
1555 2235 1623 2270 772
1649 2238 1690 2269 cf.
1711 2239 1818 2269 Iacob.
1849 2239 1889 2270 ad
1914 2237 2054 2269 Lucian.
2076 2236 2197 2268 Toxar.
2229 2245 2263 2277 p.
2285 2243 2288 2267 1

1338 2291 1372 2318 et
1389 2279 1464 2317 cum
1481 2286 1620 2317 clamore
1638 2285 1765 2317 iubere:
1786 2283 1853 2330 βοᾷ
1872 2281 2009 2329 διοίγειν
2026 2280 2167 2329 κλῇθρα
2177 2283 2235 2316 OR
2246 2279 2288 2315 1'2

1338 2352 1379 2358 —
1400 2334 1413 2375 ΙΙ
1431 2334 1472 2365 de
1491 2334 1631 2364 clamore
1647 2334 1782 2372 mystico
1801 2336 1835 2364 et
1853 2331 2040 2374 sacrificiall
2064 2331 2203 2362 dictum.
2232 2327 2288 2362 ἂψ

1339 2374 1452 2426 βοῶσ’,
1482 2377 1725 2424 ἀλαλαζομένη
1751 2376 1827 2423 ἦμα
1845 2380 1977 2411 Rhizot.
1999 2379 2040 2410 fr.
2060 2374 2142 2430 479,
2163 2374 2196 2410 6.
2219 2374 2288 2420 -ll

1337 2428 1486 2460 cantibus
1503 2431 1532 2459 et
1550 2428 1688 2468 hymnis.
1712 2425 1814 2472 βοᾶτε
1829 2425 1890 2460 τὰν
1905 2424 2099 2471 ὁμόσπορον
2126 2421 2276 2470 Αρτεμιν

1336 2473 1405 2507 212
1415 2477 1467 2507 ch.
1491 2472 1580 2520 μέλη
1601 2472 1691 2518 βοῶν
1710 2471 1842 2508 ἄναυδα
1857 2471 1917 2507 καὶ
1935 2471 2102 2520 ρακτήρια
2117 2472 2178 2504 Ρ11.
2196 2472 2284 2507 Τ101.

1337 2520 1402 2554 631
1430 2534 1461 2554 v.
1484 2520 1683 2568 ῥακτήριος.
1703 2540 1743 2545 -
1773 2520 1786 2562 ΙΙ
1812 2521 1852 2552 de
1877 2522 1972 2561 yram·
1989 2521 2234 2551 lamentatione.
2261 2513 2288 2552 T

1337 2581 1422 2615 κρου
1450 2567 1599 2613 βοῶντος
1624 2566 1710 2613 ἄτης
1733 2562 1830 2611 τῆσδ’
1856 2565 2043 2601 ἐπίσκοπον
2069 2564 2174 2611 μέλος
2191 2566 2246 2598 Ai.
2265 2560 2287 2598 9

1338 2618 1426 2658 quod
1444 2617 1538 2649 Suid.
1560 2618 1656 2648 affert
1673 2627 1704 2647 ν.
1728 2613 1933 2655 ἐπίσκοπον,
1969 2614 2118 2654 explicat
2139 2614 2219 2645 Lob.

1338 2658 1366 2696 δ’
1391 2660 1553 2697 ἔκτοσθεν
1580 2661 1663 2706 βοᾶν
1690 2660 1730 2696 ἔα
1751 2661 1794 2695 τά
1819 2659 1850 2695 θ’
1876 2659 1983 2708 αὑτῆς
2007 2659 2067 2694 καὶ
2089 2659 2133 2694 τὰ
2154 2664 2222 2694 τῶν
2269 2656 2280 2678 ’·

1336 2709 1428 2744 κακά
1445 2712 1498 2742 El.
1519 2707 1598 2742 802.
2051 2706 2084 2751 (Ι
2100 2718 2134 2749 p.
2157 2704 2224 2739 310
2241 2713 2288 2739 me

1406 2766 1496 2814 Βοή
1525 2771 1666 2808 clamor,
1705 2778 1778 2800 cum
1798 2767 2018 2799 exclamantis
2035 2767 2246 2805 vocantisve,
2273 2767 2288 2796 t

1337 2817 1513 2857 gaudentis
1531 2820 1589 2847 aut
1607 2816 1764 2847 dolentis.
1785 2812 1870 2860 βοῆς
1887 2826 1923 2847 τε
1946 2812 2006 2847 καὶ
2030 2810 2215 2857 δυσοσμίας
2231 2809 2288 2857 γέμ

1336 2864 1396 2896 Ρ11.
1418 2860 1498 2895 876.
1526 2861 1576 2899 τίς
1602 2859 1749 2907 θόρυβος
1774 2860 1907 2895 ἵσταται
1934 2859 2035 2906 βοῆςς
2068 2857 2170 2892 1263.
2199 2857 2284 2907 βοῆς

1335 2913 1397 2956 τῆς
1415 2913 1478 2947 σ”ς
1496 2911 1554 2943 OR
1570 2907 1650 2942 420.
1670 2907 1804 2943 άπυστα
1821 2912 1946 2955 φωνῶν
1965 2906 2055 2953 μηδὲ
2074 2904 2236 2952 μηκύνων
2261 2903 2288 2953 βε

1335 2958 1390 2990 OC
1399 2922 1480 2998 4879,
1500 2960 1591 2989 recte
1605 2957 1646 2988 de
1664 2958 1771 2988 tacitis
1784 2956 1933 2997 precibus
1948 2956 2161 2987 intellectum
2178 2954 2217 2985 ab
2230 2955 2288 2994 Int,

1335 3009 1468 3046 praeter
1485 3004 1639 3036 Doederl.
1662 3004 1757 3044 Spec.
1778 3014 1811 3044 p.
1833 2999 1890 3043 93,
1912 3004 2028 3042 lonyas
2040 3010 2151 3042 preces
2174 3001 2288 3042 expli&

1334 3056 1416 3092 tem,
1453 3062 1539 3092 quae
1565 3051 1663 3082 nihili
1689 3052 1771 3082 ratio
1795 3054 1862 3089 est,
1901 3050 1966 3080 etsi
1989 3049 2181 3081 scholiastes
2207 3046 2288 3080 ean'd

1335 3100 1423 3131 viam
1443 3099 1531 3130 iniit.
1561 3095 1611 3134 τίς
1638 3091 1717 3131 ποθ’
1747 3094 1864 3139 [ποθεν
1891 3097 1964 3128 sine
1982 3106 2048 3128 acc.
2070 3092 2145 3138 LA]
2162 3091 2275 3173 ’1ῚὲοῂΔ

1334 3143 1414 3177 887.
1452 3143 1548 3190 οἶμαι
1582 3142 1744 3189 αὐτάρκει
1776 3138 1853 3190 τάχ’
1887 3140 2039 3188 ἐμμίξειν
2074 3139 2142 3187 βοᾷ
2177 3139 2193 3172 1
2222 3139 2242 3173 5

1334 3191 1549 3235 (Theseum).
1571 3193 1689 3223 clamor
1707 3195 1745 3223 ut
1761 3192 1900 3223 bellicus
1918 3200 1976 3231 pro
1993 3199 2106 3231 pugna
2123 3191 2273 3223 conserta

1334 3243 1437 3271 catur.
1474 3234 1544 3272 οὐδ’
1569 3232 1614 3271 ἔτ’
1640 3238 1772 3284 ὠρώρει
1796 3236 1860 3283 βοή
1888 3237 1942 3269 OC
1964 3233 2064 3268 1622.
2092 3234 2144 3278 τῷ
2170 3228 2200 3267 δ’
2222 3230 2288 3271 o'tffll

1332 3284 1451 3332 ἄσημα
1483 3282 1668 3330 περιβαίνει
1698 3283 1787 3362 βοῆς
1817 3286 1897 3316 Ant.
1930 3280 2018 3315 1209
2042 3294 2074 3314 v.
2112 3281 2258 3328 ἄσημος.
2284 3305 2288 3312 .

1334 3331 1445 3390 μάτην
1469 3330 1581 3390 πολλὴ
1611 3330 1696 3390 βοήν
1718 3329 1797 3364 252,
1827 3329 1979 3387 ἀνιάπαυιε
1999 3328 2083 3385 βοήν
2102 3331 2156 3383 ΤΞ.
2182 3324 2270 3360 1262

1331 3375 1915 3471 25⁹3331²⁰ss²1335til?*{22s3.3l};
1934 3386 2049 3470 2εέἓῖ
2062 3372 2253 3464 ”S'fflf
2271 3470 2277 3477 ι
