2288 3600
52 208 80 219 .-
92 187 334 236 .'609—612.]

82 297 123 330 ri
149 306 216 330 non
234 306 353 339 posse,
382 306 458 329 oum
484 296 565 339 quia
591 306 652 329 nec
670 297 742 329 fleri
764 300 876 339 potest
893 307 956 330 nec
981 299 1020 330 nt

40 347 162 387 fluam,
200 347 240 376 ut
254 345 346 376 inter
377 343 406 377 ὧ
439 347 473 376 et
497 341 602 378 πόποι
627 344 757 385 virgula
774 345 1016 386 distinguatur,

44 394 75 420 'tu
99 391 185 434 quod
204 394 362 425 acrentus
380 391 546 434 prohibet,
577 391 619 424 de
637 401 702 433 quo
721 392 907 424 secundum
920 401 1019 434 prae-

46 442 107 476 :eta
129 439 317 480 generatim
342 439 383 471 ab
399 438 576 480 Apollonio
603 439 786 471 constituta
811 439 853 471 de
880 439 953 471 adv.
982 449 1017 481 p.

45 482 91 529 .';‚
109 482 167 519 23.
197 486 382 519 communis
408 486 559 518 omnium
585 495 771 518 consensus
798 490 870 519 est:
901 497 932 519 v.
954 485 1021 518 EM

37 568 39 571 Α
83 557 91 575 ,
109 529 167 566 29.
212 533 300 566 Gud.
328 543 361 575 p.
384 529 463 574 579,
495 529 551 566 56.
594 532 798 573 Theognost.
827 543 881 575 ap.
911 533 1016 565 Bekk.

39 580 138 613 aed.
157 590 192 622 p.
214 576 315 613 1433.
335 597 376 604 -
395 578 453 612 OR
473 576 540 612 167
557 579 787 622 diphthongus
804 581 992 623 corripitur.

6 672 7 675 ’
80 658 321 701 Ποππύζω.
366 660 583 707 [poppyamos
643 667 794 694 n'ostrum
840 660 1022 707 achnalze]

4 746 7 747 ⁷
55 716 57 718 ·
96 717 131 741 e
154 713 246 742 recte
271 710 359 742 verti
381 711 580 742 vocabulum
605 719 703 752 posse
728 710 865 750 negavit
889 710 1020 742 Gellius

43 759 76 785 ¹·
95 760 121 789 t.
142 757 214 789 Att.
235 753 270 797 9,
290 754 323 789 9.
355 756 492 799 [factum
510 757 614 796 igitur
632 761 672 789 ut
688 757 776 789 Plin.
803 766 1015 798 poppyamua,

48 804 187 836 venalis
211 813 396 845 poppysma
425 804 624 836 vocabulum
661 804 774 846 ipsum
807 803 1014 846 ponerent.]:

36 853 49 884 ss
87 864 95 879 ·-
123 854 302 891 cognatum
327 852 414 884 illud
431 851 665 883 Theocriteum
687 849 952 885 ποππυλιάσδω.
976 869 1017 876 -

63 900 66 902 ’
109 895 222 938 ύζεται
240 895 462 944 ζευγηλατρίς
482 898 584 940 Soph.
605 908 658 940 ap.
680 899 761 931 Poll.
779 896 813 939 7,
836 896 913 931 185.
931 896 1015 942 (inc.

46 948 71 982 7‘4
83 944 111 990 .)
134 945 222 987 quod
240 946 293 977 vel
309 946 448 978 stridulo
467 947 600 986 linquae
621 955 700 978 sono
725 947 858 986 siynum
885 947 1017 987 accipit,

37 991 50 1000 ““
68 994 69 998 ’
80 992 282 1035 deponentis
299 993 334 1024 in
353 993 491 1025 modum
504 993 593 1025 dicto
610 994 711 1026 verbo
727 992 867 1025 stridore
883 994 1020 1034 linquae

97 1054 104 1069 ι
129 1064 137 1080 ,
166 1040 355 1080 significare
373 1040 519 1073 videtur.

51 1117 240 1169 [flopeiv
270 1122 362 1162 dare,
387 1122 552 1163 praebere.
598 1118 692 1160 ὅπως
721 1119 816 1155 λύσιν
849 1123 909 1155 τιν’
936 1120 1020 1167 ἥμιν

67 1176 69 1178 ’
132 1167 242 1215 πόρῃς
267 1169 325 1202 OR
338 1165 404 1202 921
424 1170 536 1201 minus
553 1170 640 1201 bene
663 1167 782 1215 πόροις
801 1178 911 1211 apogr.
934 1179 1022 1201 com-

69 1225 106 1249 ra
123 1219 158 1248 et
173 1216 271 1249 Eust.
292 1226 325 1258 p.
349 1213 450 1256 1112,
472 1214 528 1248 37.
557 1214 652 1261 ἡμᾶς
678 1214 780 1263 ἔγχος
799 1214 939 1255 ἐξαιτῶν
957 1227 1022 1250 πο-

48 1304 51 1305 ⁷
100 1259 201 1296 1255.
231 1261 275 1297 πό
299 1275 348 1301 οις
421 1261 531 1309 δαμού
548 1274 609 1309 Ὦοις
625 1262 686 1297 τὸν
710 1256 853 1309 εύαγρον
879 1261 1021 1297 τελειῶ-

48 1311 64 1357 Ἰ,
81 1307 188 1358 λόχον
205 1310 261 1344 OG
293 1308 363 1343 086
373 1311 425 1343 ch.
454 1309 508 1345 σοὶ
527 1274 603 1345 θεοὶ
619 1309 757 1356 πόροιεν
775 1311 822 1348 ὡς
841 1309 908 1356 ἐγὼ
926 1308 1021 1345 θέλω

51 1361 71 1397 5¹
87 1371 92 1378 Δ
107 1382 114 1390 .
150 1357 197 1395 ὡς
214 1356 233 1392 ὁ
257 1356 338 1391 τάδε
355 1358 470 1403 πορὼν
496 1355 611 1392 ὄλοιτο
629 1359 683 1391 ΕΙ.
707 1356 772 1391 126
790 1359 842 1390 ch.
872 1355 924 1396 οἷς
941 1354 1021 1395 θεὸς

56 1421 68 1452 '.
113 1399 359 1451 αςὈλύμπιος
382 1403 523 1450 ποίνιμα
545 1402 659 1439 πάθεα
683 1404 809 1440 παθεῖν
835 1403 935 1451 πόροι
951 1402 1021 1437 209

3 1460 5 1462 ·
56 1469 119 1494 ,-
138 1453 188 1485 De
206 1452 334 1484 homine
357 1453 485 1485 dictum
502 1457 556 1485 est
571 1455 701 1493 copiam
716 1455 787 1485 eius
804 1452 926 1493 facere.
954 1452 1021 1483 ad-

66 1519 87 1525 ι-
131 1524 138 1532 .
165 1503 239 1537 πῶς
271 1497 323 1540 ἄν,
360 1497 393 1532 εἷ
417 1510 467 1537 τις
497 1497 652 1541 ἔντοπος,
686 1499 745 1534 τὸν
771 1498 867 1533 πάντ’
885 1496 1020 1546 ἄριστον

57 1557 110 1600 '⁵1⁰
127 1542 244 1592 Θησέα
268 1544 388 1592 πόροι;
415 1546 471 1579 OG
492 1544 592 1579 1458.
612 1565 660 1571 ——
685 1547 815 1579 Passivi
831 1548 1020 1588 perfectum

59 1593 181 1636 ’τσίρίἰ
198 1594 306 1627 solum
323 1595 488 1626 usitatum
505 1604 574 1626 rem
590 1598 673 1626 sorte
690 1596 742 1626 vel
762 1593 837 1634 fato
853 1597 975 1626 certam
991 1597 1021 1626 et

233 1641 437 1682 significans.
456 1640 520 1687 τὴν
535 1639 766 1687 πεπρωμένην
785 1639 855 1686 ἔριν
873 1641 928 1674 OG
936 1638 1016 1673 421.

63 1684 139 1722 {LA
161 1692 213 1720 est
233 1692 302 1722 τῶν
329 1686 598 1734 πεπραγμένων,
625 1689 754 1722 litteris
779 1700 803 1734 η
830 1692 866 1721 et
886 1700 910 1733 η
937 1699 955 1720 a
973 1698 1016 1720 m.

44 1736 52 1761 ἱ
80 1735 133 1768 vel
149 1746 168 1767 a
185 1735 352 1768 diorthota
369 1746 471 1777 supra
489 1736 650 1778 scriptia]
679 1747 749 1769 πεπ
772 1734 912 1781 ωμένης
1036 1711 1040 1780 Ι

52 1782 94 1808 ,-
137 1782 217 1815 Ant.
242 1779 343 1815 1337.
760 1784 790 1814 11
809 1794 842 1824 p.
864 1745 1021 1827 61οῗυὲῗῖ

48 1847 332 1898 ’Πορευτὲος
364 1852 503 1886 candus.
531 1851 554 1898 ἡ
591 1846 619 1886 δ’
652 1851 732 1891 ὁδὸς
762 1851 933 1899 πορευτέα
955 1853 1015 1885 Ph.

57 1923 87 1955 Ἰ,
115 1896 184 1946 ἔγω
200 1897 265 1945 γὰρ
283 1895 347 1945 εἶμ’
370 1895 484 1941 ἐκείσ’,
514 1898 592 1934 ὅποι
608 1898 792 1948 πορευτέον
811 1901 866 1933 Ai.
888 1897 968 1933 690.

2 1981 3 1984 ’
58 1964 108 2013 ’,Π
120 1981 138 2004 ο
149 1967 269 2016 ρεύω.
291 1970 306 2012 ΙΙ
322 1971 479 2004 Activum
496 1971 694 2012 adducendi,
717 1972 819 2003 etiam
837 1971 1020 2003 advehendi

2 2052 7 2058 ‚,
49 2030 66 2062 Ιτ,
96 2031 113 2045 ι·
135 2017 301 2056 avertendi,
329 2028 406 2050 cum
424 2019 465 2050 de
481 2019 635 2058 homine,
671 2019 853 2060 afferendi,
883 2028 959 2051 cum
977 2018 1019 2050 de

2 2064 10 2099 i
66 2065 197 2105 icitur,
219 2064 466 2104 significatione
483 2066 672 2107 praeditum
689 2070 752 2099 est.
783 2059 837 2099 ἐπ’
854 2062 1017 2099 εύστόλου

93 2109 144 2150 ίας
171 2112 256 2150 νεὼς
286 2107 482 2157 πορεύσαιμ’
517 2109 557 2146 ἂν
585 2111 619 2150 ἐς
648 2111 777 2158 δόμους
794 2113 855 2144 Ph.
878 2109 946 2145 516
963 2112 1014 2145 ch.

5 2161 6 2164 ’
56 2159 79 2206 f,
91 2169 135 2205 τα
148 2159 266 2205 χώρας
281 2157 388 2205 τῆσδέ
403 2170 454 2196 τις
472 2158 672 2205 πορευσάτω
690 2157 860 2193 001476.
881 2157 1019 2192 ἐπιστο-

9 2230 13 2234 -
53 2225 76 2254 4
93 2205 194 2252 πατρὶ
221 2208 322 2253 ταχεῖ
344 2199 524 2252 ’πόρευσαν
549 2205 609 2240 σὺν
633 2206 747 2252 χρόνῳ
778 2204 878 2240 1602.
916 2205 954 2244 ὃς

60 2251 159 2298 ]·μὸν
185 2250 320 2299 Εὔηνον
346 2251 489 2300 βροτοὺς
516 2250 640 2298 μισθοῦ
668 2248 800 2299 ’πόρευε
815 2251 932 2300 χερσίν
958 2254 1015 2286 Tr.

56 2296 89 2346 '5-
122 2302 183 2334 τοῦ
208 2298 437 2346 πορεύσαντος
471 2299 567 2341 ξένου
601 2302 654 2334 El.
675 2299 755 2334 801.
785 2304 841 2343 qui
866 2304 896 2332 te
912 2303 1014 2333 misit.

7 2381 12 2384 ,
84 2367 89 2372 .
135 2344 280 2385 ίλαντος.
307 2345 554 2393 πορεύομαι
571 2346 651 2393 ἐγὼ,
671 2347 729 2382 καὶ
753 2346 925 2394 πορεύω
943 2345 1018 2381 ἕτε-

6 2404 9 2406 ·
52 2409 90 2438 ,ᾗ
116 2391 190 2428 ἀντὶ
203 2397 265 2429 τοῦ
288 2392 362 2440 ἄγω
380 2395 502 2427 deinde
519 2395 634 2427 addita
651 2396 800 2428 Platonis
818 2396 1017 2427 auctoritate

4 2445 8 2476 ’,
62 2443 112 2476 ῒιι.
133 2459 174 2466 -
199 2441 214 2483 ΙΙ
238 2442 436 2482 Pass1vum,
465 2443 555 2483 quod
581 2443 732 2475 medium
756 2444 856 2483 vulgo
884 2447 1014 2484 vocant,

62 2501 90 2524 «ι
98 2489 162 2521 mis
179 2492 232 2522 est
245 2490 292 2520 ire
303 2513 311 2528 ,
339 2490 394 2521 vel
410 2490 458 2521 sic
475 2489 674 2531 simpliciter
685 2517 693 2531 ‚
722 2491 775 2522 vel
792 2490 934 2530 prodire,
956 2489 1019 2521 ab-

8 2533 12 2568 ’.
75 2533 77 2535 ’
91 2538 93 2540 “
129 2535 253 2577 fici-aci.
282 2537 420 2569 Praeter
438 2537 594 2568 futurum
612 2547 678 2569 non
696 2538 823 2577 legitur
839 2547 892 2579 ap.
914 2537 1015 2577 Soph.

8 2586 14 2625 ζ
83 2591 267 2624 „praesens
303 2583 442 2615 Passiva
459 2585 554 2616 verbi
572 2588 694 2616 natura
710 2586 836 2626 optime
854 2585 1018 2625 perspici-

10 2644 11 2647 *
64 2629 136 2664 Ai.
159 2626 265 2662 1254:
296 2627 378 2674 βοῦς
394 2627 460 2664 ὑπὸ
478 2634 624 2675 σμικρᾶς
650 2628 746 2675 ὅμως
769 2630 932 2676 μάστιγος
958 2629 976 2664 ὀ
999 2648 1019 2654 -

72 2674 142 2714 κείς
170 2674 247 2711 ὁδὸν
272 2675 470 2723 πορεύεται,
499 2680 627 2717 coyitur
649 2681 687 2710 ut
711 2682 773 2710 eat.
803 2682 838 2711 et
855 2678 910 2711 OC
928 2641 1014 2710 846:

9 2729 19 2775 ji
118 2720 192 2768 βίαν
217 2722 418 2769 πορεύομαι,
447 2726 481 2755 vi
498 2724 718 2782 abduc-onqk—
737 2723 928 2770 πορεύομαι
945 2722 1019 2758 Πυ·-

10 2792 26 2883 3·
111 2768 1020 2865 ιῩΒπῖῗῖόοῙίαίῗὲρσῐιἙῖμέΐτῗνέςοὲῗέἷξῖἱᾶἱῖλιὲἷ

10 2872 35 2909 ...χ’
77 2909 82 2912 Α
133 2861 169 2898 οἷ
194 2863 386 2910 πορεύομαι
415 2864 502 2909 πρὸς
528 2864 609 2903 τοὺς
638 2864 792 2912 ἐμαυτῆς
825 2867 907 2899 Ant.
935 2863 1015 2898 892.

117 2908 210 2946 έσθω
236 2910 355 2958 στέγας
386 2912 438 2943 Tr.
464 2909 543 2945 329.
580 2911 793 2959 αὐτόκλητος
829 2910 869 2946 ἐκ
902 2911 1019 2957 δόμων

117 2967 188 2991 εται
218 2954 298 2991 392.
328 2955 475 3003 ἄμισθος
509 2957 527 2992 ὁ
562 2957 655 2999 ξένος
683 2958 863 3006 πορεύεται
878 2962 920 2992 fr.
948 2961 1015 2992 inc.

49 3004 158 3046 fst—
179 3002 392 3051 πορεύσομαι
415 3006 473 3038 OR
490 3003 569 3038 676.
599 3009 635 3039 in
660 3009 810 3040 eac-silium
836 3018 882 3039 so.
910 3005 941 3040 εί
958 3004 1020 3040 θέ-

8 3050 13 3067 ”
56 3057 109 3098 'j‘
134 3050 184 3097 μὴ
202 3050 404 3098 πορεύσεται
420 3052 475 3085 OC
485 3050 565 3086 827.
598 3054 671 3096 [LA
688 3055 788 3086 habet
805 3064 824 3087 σ
841 3056 877 3086 in
895 3051 1020 3098 πορεύ-

13 3101 17 3122 ”-
169 3099 337 3132 diorthota
352 3098 550 3179 insertum}
575 3098 683 3146 τάφον
705 3095 855 3147 χώσουσ’
877 3098 1020 3147 ἀδελφῷ

15 3147 18 3155 '
55 3155 166 3193 41:411»
188 3144 399 3192 πορεύσομαι
424 3147 507 3179 Ant.
553 3146 584 3179 1.
607 3165 649 3172 —
677 3147 802 3188 Semel,
829 3153 869 3180 ut
895 3145 1020 3193 βαίνειν

59 3201 160 3236 ,gs-m,
181 3194 301 3226 tralate
318 3193 449 3225 dictum
466 3194 506 3226 de
523 3195 595 3226 vita
614 3198 649 3226 et
666 3196 826 3228 moribus.
855 3193 884 3228 εἰ
909 3193 946 3228 δέ
968 3205 1020 3232 τις

77 3233 95 3273 J,
109 3248 188 3273 πτα
203 3238 319 3287 χερσὶν
342 3237 366 3284 ἢ
383 3237 476 3286 λόγῳ
494 3239 674 3286 πορεύεται
691 3242 750 3274 OR
765 3239 836 3275 884
853 3242 903 3274 ch.
933 3242 1018 3275 Sen-

128 3289 144 3319 ῐ
158 3283 191 3319 Εἴ
205 3297 255 3324 τις
272 3283 362 3333 ἔργῳ
379 3284 402 3332 ἢ
419 3286 469 3332 νῷ
486 3284 672 3334 ὑβριστικῷ
690 3291 829 3336 χρῆται.

81 3355 105 3402 ἕ]
113 3365 143 3409 ,ιο
149 3365 168 3411 ρ
178 3353 264 3390 θέω
281 3357 425 3389 devasto.
452 3355 496 3391 τὰ
510 3354 635 3404 Τροίας
652 3356 752 3392 πεδία
764 3355 940 3405 πορθῆσαι
955 3357 1018 3390 Ph.

84 3407 94 3445 ’ἶῖ
108 3398 181 3447 few
198 3401 355 3449 πορθῶσι
369 3403 488 3450 χώραν
505 3403 568 3450 τὴν
596 3403 684 3450 ἐμήν
705 3402 805 3437 1405.
836 3403 915 3438 ὅταν
933 3414 1021 3450 πορ-

89 3455 101 3512 ξ’
113 3446 212 3495 γαῖαν
232 3447 333 3483 1441.
360 3452 462 3485 τοῦτο
478 3449 539 3485 καὶ
555 3449 673 3490 πόλεις
690 3449 816 3499 πορθεῖ
832 3452 914 3484 Ant.
935 3449 1017 3486 297.

726 181 964 234 Ποππύζω
991 210 1054 216 —-
1084 181 1310 247 Πορσύνω

1968 182 2068 230 645

1059 295 1200 343 πορθῶν
1219 295 1257 331 δὲ
1280 295 1383 343 τήνδε
1408 298 1474 344 γῆν
1494 293 1573 329 518.
1603 297 1748 329 conandi
1764 298 2068 339 adsignificatione,

1058 341 1202 391 πορθεῖν
1229 343 1353 390 ζητῶν.

1128 411 1187 450 Ilo
1199 412 1375 460 ρθμεύω
1400 414 1511 446 avcho.
1549 411 1638 448 ἀλλά
1666 409 1697 459 μ’
1731 412 1770 448 ἔκ
1799 426 1837 459 γε
1869 413 1975 461 τῆσδε
2008 419 2072 462 γῆς

1058 459 1278 509 πόρθμευσον
1295 461 1343 500 ὡς
1359 459 1505 509 τάχιστα
1522 461 1577 494 Tr.
1598 458 1679 494 802.

1130 529 1344 579 Πορθμός
1369 531 1383 574 ΙΙ
1408 533 1573 564 abstracta
1597 542 1624 565 S.
1654 533 1794 564 mentali
1828 533 2072 573 significatione

1057 582 1163 612 vectio
1181 590 1208 612 s.
1230 581 1438 612 transvectio.
1466 576 1599 613 τοσόνδ’
1616 577 1734 625 ὀνήσει
1757 583 1826 613 τῶν
1845 578 1938 624 ἐμῶν
1956 578 2070 625 πορθ-

1086 630 1132 660 ῶν
1152 627 1207 659 Tr.
1229 624 1309 658 571.
1337 627 1352 669 ΙΙ
1378 630 1532 659 concreta
1547 626 1672 666 fretum
1691 637 1718 659 s.
1737 636 1839 660 mare.
1874 624 2073 674 προφάνηθι

1059 686 1111 753 11OE
1127 671 1380 754 ἔῖῗίᾚῖιῖὲιρ-
1397 670 1565 754 *iffi*
1581 671 1973 755 sititifssssiiisse
1986 676 2072 755 Αέἔζ

1057 766 1154 813 βοίας
1179 747 1228 806 εἰς
1255 744 1435 809 Βοιωτίαν,
1464 731 1496 801 οἳ
1521 732 1571 802 δέ),
1581 766 1644 813 τὴν
1664 764 1851 813 Σικελικὴν
1879 766 2066 802 θάλασσαν.

1056 816 1156 848 Haud
1171 817 1273 848 dubie
1290 816 1342 847 illi
1355 816 1492 855 rectius,
1515 817 1542 847 si
1561 816 1699 856 quidem
1714 812 1826 849 Νύσια
1842 813 1908 862 ὅρη
1925 819 1960 848 et
1975 813 2071 862 χλω-

1057 861 1100 909 ρὰ
1115 861 1205 908 ἀκτή
1223 863 1372 904 priorum
1390 863 1514 902 Nysam
1532 863 1688 895 Euboeae
1714 867 1879 905 spectant.

1126 918 1351 967 **Πορίζω
1376 921 1517 954 adduco.
1563 918 1596 954 εἴ
1626 931 1662 954 σε
1691 919 1772 959 θεὸς
1802 919 1958 966 ἐπόρισεν
1987 920 2072 966 πρὸς

1056 967 1208 1014 ἁμέτερα
1240 966 1400 1014 μέλαθρα
1432 969 1486 1001 El.
1519 966 1617 1000 1267.
1663 970 1719 1000 LA
1746 979 1790 1000 m.
1818 979 1870 1010 pr.
1914 966 2068 1014 ἐπόρσεν,

1057 1027 1140 1051 corr.
1168 1015 1322 1062 ἐπῶρσεν
1347 1021 1386 1048 ut
1411 1020 1466 1048 est
1490 1017 1525 1048 in
1543 1016 1762 1058 apographis,
1792 1017 1934 1048 minime
1951 1025 2074 1048 conve-

1058 1065 1156 1096 niens
1175 1067 1294 1104 metro,
1316 1063 1485 1105 siquidem
1504 1073 1622 1095 versus
1639 1063 1854 1095 dochmiaeus
1872 1068 1935 1095 est.
1968 1064 2071 1095 Recte

1057 1111 1230 1143 intellexit
1243 1111 1359 1143 Herm.
1374 1120 1449 1143 esse
1466 1111 1559 1142 illam
1578 1110 1836 1151 explicationem
1849 1111 1973 1143 veteris
1987 1111 2070 1142 scri-

1056 1162 1188 1200 pturae,
1209 1159 1342 1199 qualem
1360 1158 1551 1189 ministrare
1569 1157 1760 1196 Hesychius
1774 1157 1909 1189 videtur
1933 1155 2040 1191 έπού
2053 1176 2071 1182 -

1059 1215 1198 1250 ρισεν,
1245 1204 1424 1250 ὥρμησεν,
1463 1202 1666 1250 ἀπέπεμψεν
1701 1205 1962 1246 interpretatus;
2004 1214 2071 1237 non

1058 1254 1170 1284 minus
1199 1256 1289 1284 certa
1317 1253 1449 1284 videtur
1479 1252 1646 1283 Dindorssi
1676 1252 1868 1283 emendatio
1900 1250 2068 1293 ἐπόρισεν,

1057 1301 1213 1332 similiter
1229 1300 1320 1332 dicto
1338 1301 1438 1331 verbo
1456 1310 1492 1331 ac
1509 1300 1628 1344 πορεῖν
1647 1298 1702 1331 00
1722 1295 1830 1339 1458;
1860 1309 1899 1331 ea
1915 1300 2070 1340 aliquan-

1057 1352 1130 1379 tum
1147 1347 1303 1388 ponderis
1321 1357 1340 1378 a
1356 1356 1406 1387 pr.
1429 1357 1474 1379 m.
1495 1347 1566 1379 cod.
1588 1347 1645 1378 LA
1663 1346 1882 1385 nanciscitur,
1911 1356 1997 1387 quae
2017 1350 2072 1378 est

1056 1392 1212 1439 &nopai-m.
1789 1391 1838 1436 (11
1851 1403 1884 1434 p.
1899 1390 1977 1433 611,
1998 1391 2072 1436 10.)

1131 1449 1330 1498 [Πόρκης
1360 1462 1393 1484 n.
1415 1462 1465 1493 pr.
1500 1452 1547 1484 Eo
1581 1452 1718 1483 nomine
1752 1452 1880 1482 dictum
1913 1451 2021 1482 fuisse
2053 1463 2072 1482 a

1059 1500 1160 1541 Soph.
1190 1501 1334 1531 alterum
1353 1509 1509 1539 anguem,
1544 1499 1603 1540 qui
1621 1499 1840 1530 Laocoontem
1860 1498 1969 1539 petiit,
1992 1508 2074 1530 con-

1057 1548 1138 1579 iecit
1164 1548 1291 1579 Nauck.
1313 1547 1387 1579 coll.
1411 1546 1447 1578 C.
1469 1546 1575 1578 Keilii
1593 1546 1679 1576 anal.
1703 1546 1808 1587 epigr.
1831 1556 1862 1586 p.
1887 1541 1983 1589 191.]

1128 1602 1269 1652 Πόρος
1287 1604 1422 1644 vadum,
1444 1606 1578 1644 fretum.
1610 1602 1651 1637 ἰὼ
1676 1602 1775 1651 πόροι
1801 1601 1979 1650 ἁλίρροθοι
2014 1604 2067 1636 Ai.

1056 1650 1126 1685 412
1143 1664 1186 1685 m.
1217 1652 1312 1685 Suid.
1333 1653 1369 1684 in
1388 1663 1419 1683 v.
1442 1649 1548 1698 πόρος
1573 1655 1608 1683 et
1625 1651 1785 1692 Harpoor.
1816 1661 1846 1682 V.
1869 1649 1987 1696 πόριος
2005 1660 2071 1683 ex-

1056 1701 1183 1742 plicant
1201 1698 1351 1744 ποταμοὶ
1377 1697 1426 1736 είς
1443 1698 1506 1745 τὴν
1533 1695 1709 1732 θάλασσαν
1730 1696 1876 1744 ῥέοντες,
1905 1699 1994 1739 quod
2011 1708 2070 1730 ve—

1057 1758 1131 1780 rum
1149 1757 1225 1779 esse
1242 1751 1364 1789 potest,
1386 1750 1424 1778 ut
1441 1750 1554 1778 tamen
1574 1755 1640 1777 non
1659 1746 1774 1777 minus
1793 1747 1881 1777 bene
1898 1745 1986 1786 freta
1998 1755 2071 1777 ma-

1055 1796 1113 1835 ris,
1141 1795 1298 1837 inprimis
1317 1794 1571 1835 Hellespontus,
1600 1794 1654 1824 cui
1671 1794 1822 1834 opposita
1839 1796 1944 1824 castra
1965 1793 2070 1825 Grae-

1056 1851 1168 1874 corum
1186 1846 1295 1881 erant,
1323 1841 1468 1880 intelligi
1490 1841 1631 1882 possint.
1677 1840 1839 1873 Similiter
1857 1840 1898 1872 de
1915 1839 2071 1882 fluctibus

1055 1890 1193 1921 marinis
1220 1890 1300 1921 Lob.
1336 1906 1377 1911 —
1407 1889 1552 1930 fluvius,
1586 1897 1688 1928 quem
1717 1888 1794 1928 quis
1824 1887 2067 1927 transvehitur,

1057 1937 1286 1977 significatur:
1315 1930 1401 1980 ἡνίκ’
1434 1933 1457 1980 ἦ
1490 1932 1584 1979 μέσῳ
1615 1931 1710 1980 πόρω
1741 1934 1797 1966 Tr.
1819 1931 1899 1966 564.
1955 1935 2069 1974 Longe

1056 1984 1157 2015 aliter
1174 1983 1277 2015 habet
1294 1983 1354 2014 Ph.
1370 1979 1438 2014 705
1449 1983 1500 2014 ch.
1530 1979 1676 2026 εἷρπε...
1713 1979 1771 2014 θεν
1789 1975 1937 2027 εὐμάρει’
1959 1977 2071 2027 ὑπάρ-

1055 2041 1114 2077 χοι
1144 2028 1282 2077 πόρων,
1318 2024 1401 2063 ἁνίκ’
1438 2026 1589 2074 ἐξανίησι
1618 2026 1816 2073 δακέθυμος
1849 2025 1925 2061 σ’ίτα.
1963 2029 2065 2060 schol.

1055 2082 1169 2110 autem
1199 2078 1380 2109 manifesto
1407 2075 1513 2121 πόρον
1547 2077 1629 2116 legit
1662 2080 1700 2107 ut
1728 2079 1781 2107 est
1799 2076 1834 2107 in
1855 2076 1924 2107 LA.
1946 2075 2063 2107 Herm.

1055 2123 1172 2170 πόρων
1197 2125 1311 2158 dedit:
1350 2121 1472 2170 [πόρου
1498 2124 1602 2155 Dind.
1632 2133 1659 2155 c.
1692 2120 1843 2166 Wakefi]
1884 2123 1939 2155 Sic
1970 2120 2068 2167 εἷρπε

1055 2169 1170 2218 πόρων
1190 2168 1269 2205 ὅθεν
1287 2166 1435 2217 εύμοίρει’
1456 2168 1606 2217 ὑπάρχοι
1623 2170 1869 2210 coniungenda,
1892 2170 1964 2201 Loca
1988 2169 2067 2201 adi-

1055 2219 1129 2260 bat,
1164 2219 1223 2250 ubi
1252 2221 1416 2251 salutares
1446 2217 1561 2250 herbae
1589 2220 1817 2256 nascerentur,
1857 2217 1946 2258 quod
1980 2217 2067 2249 vidit

1055 2267 1155 2299 schol.
1172 2285 1213 2290 —-
1228 2265 1338 2311 πόρου
1357 2266 1547 2297 coniectura
1561 2265 1709 2297 Bentleii
1727 2267 1780 2296 est
1790 2264 1902 2296 Colch.
1924 2265 1966 2295 fr.
1982 2261 2061 2305 319,

1057 2311 1088 2344 1.
1109 2324 1142 2346 v.
1163 2311 1385 2360 σελασφόρος.

1125 2368 1182 2405 Πό
1195 2368 1306 2417 ρπαξ
1323 2369 1380 2414 (ἆ)
1397 2371 1498 2413 fibula
1516 2371 1611 2402 scuti.
1642 2368 1697 2402 διὰ
1723 2367 1949 2416 πολυρράφου
1967 2367 2066 2425 στρέ-

1055 2429 1129 2464 φων
1154 2418 1334 2465 πόρπακος
1364 2415 1547 2462 ἑπτάβοιον
1575 2415 1747 2463 ἄρρηκτον
1775 2415 1878 2453 σάκος
1906 2417 1960 2448 Ai.
1982 2413 2062 2448 516.

1055 2465 1126 2500 ἔστι
1160 2463 1197 2499 δὲ
1223 2463 1398 2511 πόρπαξ
1423 2463 1441 2498 ὁ
1475 2462 1599 2509 λῶρος,
1639 2459 1676 2496 δι’
1714 2461 1753 2497 οὗ
1787 2462 1972 2510 κατέχουσι
2003 2462 2066 2509 τὴν

1055 2511 1194 2552 ἀσπίδα,
1224 2511 1261 2550 ὃς
1278 2510 1413 2559 λέγεται
1437 2510 1495 2545 καὶ
1513 2509 1639 2559 ὄχανον
1658 2511 1759 2543 schol.
1798 2511 1913 2542 Aiacis
1931 2516 2065 2543 scutum

1054 2558 1218 2605 πόρπακα
1242 2560 1400 2592 habuisse
1418 2563 1519 2599 negat
1536 2551 1635 2590 Eust.
1668 2569 1700 2600 p.
1722 2555 1802 2598 995,
1827 2555 1880 2589 19.
1911 2559 2067 2599 antiquos

1056 2612 1194 2640 secutus
1221 2609 1394 2647 magistros
1420 2611 1455 2638 et
1482 2606 1644 2638 eruditior
1666 2615 1748 2637 sane
1774 2605 1964 2637 semidoctis
1982 2605 2063 2645 illis,

1055 2665 1139 2696 quos
1156 2655 1254 2686 Both.
1276 2655 1312 2686 in
1327 2664 1454 2696 nupera
1467 2654 1618 2685 editione
1632 2653 1798 2694 sequitur.
1836 2652 1917 2683 Nam
1939 2653 2066 2693 duplex

1055 2703 1141 2734 illud
1160 2698 1286 2748 ὄχανον
1304 2702 1438 2733 brachio
1453 2705 1487 2732 et
1505 2700 1619 2732 manui
1637 2700 1817 2731 inserendo
1842 2703 1958 2740 aptum
1977 2700 2067 2740 apud

1057 2749 1337 2781 Lacedaemonios
1361 2749 1487 2788 adhuc,
1517 2748 1643 2779 veteris
1672 2747 1772 2778 moris
1797 2747 2000 2786 retinentes,
2030 2747 2066 2777 in

1056 2807 1119 2828 usu
1135 2806 1201 2828 non
1215 2796 1322 2828 fuisse
1338 2796 1454 2835 scitur,
1473 2795 1532 2826 sed
1548 2803 1615 2826 uno
1627 2791 1800 2838 τελαμῶνι
1813 2797 1942 2833 gestata
1957 2798 2063 2825 scuta.

1130 2852 1172 2896 [³¹²]
1189 2851 1342 2899 Πόρρω
1357 2855 1485 2894 procul.
1515 2851 1633 2897 πόρρω
1663 2849 1701 2884 δὲ
1729 2849 1893 2891 λεύσσων,
1926 2849 2067 2897 ἐγγύθεν

1057 2900 1094 2935 δὲ
1119 2903 1186 2938 πᾶς
1208 2899 1338 2946 τυφλός
1363 2902 1405 2932 fr.
1428 2901 1494 2932 inc.
1516 2897 1596 2939 737,
1618 2896 1651 2931 3.
1687 2898 1955 2938 Intelligendum
1981 2895 2063 2937 ἐστί,

1056 2952 1096 2980 ut
1118 2946 1270 2982 λεύσσων
1296 2949 1466 2980 oculatum
1492 2947 1672 2987 significet.
1710 2946 1869 2977 Ceterum
1896 2954 1960 2976 non
1980 2945 2068 2976 mul-

1056 2999 1129 3027 tum
1147 2997 1276 3035 absum,
1297 2996 1380 3035 quin
1399 2993 1517 3040 πόρρω
1535 2994 1691 3034 pedestre
1718 2993 1917 3023 vocabulum
1941 2992 2068 3023 iniuria

1056 3043 1189 3074 illatum
1214 3047 1248 3074 et
1273 3040 1355 3087 πρό
1370 3051 1426 3075 σω
1453 3041 1668 3073 scribendum
1686 3039 1857 3071 iudicem:
1887 3049 1920 3071 v.
1942 3039 2062 3070 Matth.

1056 3090 1096 3121 ad
1116 3090 1198 3122 Eur.
1219 3089 1339 3121 Bacch.
1359 3086 1438 3121 371.
1461 3088 1574 3121 Monk.
1595 3087 1636 3119 ad
1653 3087 1725 3118 Alc.
1748 3083 1827 3118 921.
1855 3083 1949 3128 (Hp.
1966 3083 2067 3128 612.)

1127 3155 1364 3204 Πόρρωθεν
1404 3168 1442 3190 ex
1454 3160 1648 3198 lonqinquo,
1687 3150 1788 3200 θαῦμ’
1820 3152 1859 3188 ἂν
1888 3152 2067 3200 πόρρωθεν

1059 3204 1150 3251 ἰδοίμ
1176 3217 1194 3239 ν
1221 3207 1276 3238 Tr.
1301 3202 1391 3237 1004
1408 3215 1462 3237 an.
1484 3216 1516 3238 v,
1536 3205 1653 3237 Herm.
1683 3201 1804 3247 [Dind.
1837 3202 1899 3233 Th.
1922 3203 2008 3234 LGr.
2031 3198 2063 3238 6,

1056 3264 1090 3295 p.
1115 3251 1156 3285 15
1184 3250 1204 3285 3
1247 3253 1432 3292 analogiam
1464 3256 1603 3285 secutus
1633 3251 1692 3282 ubi
1738 3251 1835 3290 longa
1865 3258 1949 3290 opus
1978 3252 2070 3280 esset

1057 3301 1185 3340 syllaba
1200 3301 1343 3339 tragicos
1361 3297 1540 3344 πόρσωθεν
1558 3299 1686 3330 dixisse
1704 3297 1897 3337 suspicatus
1916 3293 1997 3339 est.]

1130 3350 1338 3405 Πορσύνω
1359 3357 1514 3398 praebeo,
1542 3366 1679 3397 apparo.
1714 3352 1806 3394 τᾶξω
1827 3352 1902 3399 βίου
1925 3355 2068 3400 τροφεῖα

1126 3402 1258 3438 σύνουσ’
1283 3402 1336 3438 ἀεί
1361 3404 1417 3436 00
1430 3401 1510 3436 341.
1539 3405 1680 3449 πρᾶγμα
1706 3398 1883 3456 πορσύνων
1903 3398 1991 3447 μέγα
2010 3401 2064 3433 El.

1057 3416 1103 3484 67
1130 3478 1136 3484 .
1155 3453 1196 3484 de
1210 3451 1397 3494 praebendo
1415 3452 1510 3492 quasa·
1522 3460 1582 3491 per
1597 3451 1766 3490 nuntium,
1782 3458 1806 3481 1.
1820 3458 1851 3480 e.
1863 3447 2066 3480 nuntiando.
