2288 3600
265 142 364 190 802
1257 139 1340 195 Ὣς
1966 151 2014 199 [11
2029 155 2067 197 ΡΣ
2084 151 2240 188 998-1
2255 157 2270 180 ⁸

265 258 334 289 loco
351 258 492 289 allatum
509 261 578 297 est,
613 258 702 289 viam
728 258 858 289 faciunt
875 258 916 288 ad
933 261 1024 289 recte
1039 259 1279 299 intelligendas
1385 255 1419 289 5.
1447 259 1580 291 Deinde
1608 269 1683 291 cum
1712 260 1876 292 adverbiis
1905 266 1938 293 et
1970 261 2204 294 adverbialiter
2233 274 2261 288 ,..

267 304 432 336 eiusmodi
448 306 654 345 locutiones,
681 305 797 345 quales
822 307 902 336 sunt
933 302 1192 350 θαυμαστὸν
1224 305 1279 342 ὡς
1314 304 1363 342 ὡς
1380 307 1600 338 consociatur.
1640 307 1724 339 Eius
1750 312 1863 339 autem
1887 308 2014 340 vinculi
2039 309 2132 340 varia
2155 309 2239 341 ratio

269 361 296 383 s.
326 349 447 394 ὅσον,
473 354 597 384 mirum
623 355 805 393 quantum,
834 352 974 384 relativo
1002 363 1021 384 a
1045 354 1145 384 verbo
1168 362 1280 393 segre—
1315 353 1393 384 Alia
1422 354 1514 384 enim
1548 355 1803 395 comparativam
1837 356 2045 387 sententiam
2076 357 2273 397 referunt‚‚-

268 402 362 438 gato:
399 409 431 430 v.
452 400 627 439 Wyttenb.
649 399 691 431 ad
714 399 800 431 Plat.
828 399 967 431 Phaedr.
996 409 1030 440 p.
1051 397 1132 432 251.
1160 400 1275 432 Herm.
1315 400 1483 431 commode
1509 401 1691 433 subaudias
1715 398 1835 439 οὕτως.
1878 401 1926 439 ὡς
1952 399 2065 447 ἠπίως
2093 400 2265 437 ἐννέπειν

267 446 310 477 ad
328 446 402 486 Vig.
431 457 466 488 p.
486 443 566 479 721.
601 447 691 478 Hinc
714 455 773 487 per
797 447 1092 487 transpositionem
1119 448 1278 479 effectum
1317 443 1406 478 1439
1425 447 1476 478 ch.
1505 448 1720 494 Hermannus
1737 451 1835 490 quasi
1852 450 1969 481 leniter
1985 451 2238 491 interpretatur,

268 486 357 526 οἶσθ’
374 492 421 530 ὡς
437 491 600 538 ποίησον;
628 493 685 526 ΟΒ,
702 490 781 526 543.
810 494 835 525 1.
853 503 882 526 e.
911 491 1073 539 ποίησον,
1102 488 1191 528 οἷσθ’
1209 493 1273 535 ὡς;
1313 494 1481 535 improb0;
1511 496 1598 526 male
1616 496 1718 528 schol.
1738 493 1813 537 λίαν
1831 489 1966 543 πρᾴωςε
1995 500 2049 529 est
2065 501 2192 538 autem,
2218 508 2244 524 «ι
2268 539 2270 541 ¹

270 558 311 562 —
331 540 427 572 Adde
444 538 508 574 οὐκ
524 537 596 574 ἔσθ’
615 539 662 578 ὡς
677 538 727 574 ἔτι
743 538 854 579 ζῶσαν
871 542 993 586 γαμεῖς
1010 542 1092 574 Ant.
1113 538 1193 573 750.
1214 539 1278 575 οὐκ
1315 539 1401 574 ὥστε
1417 539 1530 585 ἠπίως
1548 540 1729 587 εἰρημένον
1747 540 1860 576 δοκεῖν
1872 570 1880 584 ,
1909 545 1974 585 sic,
2001 547 2040 576 ut
2056 545 2123 576 leni
2138 546 2199 576 ani

268 583 339 620 ἔσθ’
356 587 404 625 ὡς
422 585 461 621 ού
478 585 568 621 θεῶν
584 599 644 621 του
665 585 791 633 μελέτη
809 588 871 619 Ph.
895 584 961 620 196
977 598 1031 620 an.
1061 589 1156 621 Adde
1173 598 1279 630 pauca
1316 590 1426 629 quenti
1459 591 1628 621 convenire
1660 590 1821 622 videatur.
1867 588 2029 637 ἤγγειλαν
2063 591 2111 628 ὡς
2144 588 2161 624 ἐ
2262 625 2265 628 ,

266 634 344 674 illa,
373 635 409 666 in
441 636 564 676 quibus
597 634 653 672 ὡς
685 632 708 668 ά
716 646 734 668 ν
767 645 844 667 cum
872 636 1084 668 coniunctivo
1113 637 1279 676 significat
1316 631 1446 667 14521.
1469 646 1498 669 e.
1520 633 1644 678 οὕτως
1669 635 1755 670 ὥστε
1773 635 1952 682 ἐτητύμως
1965 634 2175 684 ἀγγελθέντα
2196 649 2230 672 ο
2247 654 2266 677 ¹,

265 685 430 722 utcunque
448 692 474 714 s.
497 682 798 723 quomodocunque.
834 680 968 716 παῦλαν
985 680 1058 717 ἴσθι
1139 682 1187 728 μή
1205 678 1275 716 ποτ’
1313 680 1411 728 τοίγα
1462 681 1489 715 σ’
1518 681 1536 716 6
1567 682 1698 728 δαίμων
1729 683 1844 731 εἰσορᾷ
1869 683 1931 730 μὲν
1949 682 1990 719 οὔ
2012 683 2045 718 τί
2062 695 2118 719 πω
2135 685 2182 723 ὡς
2198 694 2232 719 α’
2252 687 2258 725 J

267 726 424 776 ἐντυχεῖν
442 726 498 772 (ἂν
515 727 651 776 τυχεῖν)
679 728 725 766 ὡς
754 726 794 762 ἂν
825 727 926 767 αὑτὸς
953 727 1053 809 ηλιος
1082 728 1188 776 ταύτῃ
1216 729 1277 774 μὲν
1314 729 1368 761 OC
1389 727 1405 761 1
1435 728 1474 762 71
1496 732 1520 762 i.
1539 741 1571 772 q.
1593 729 1670 764 ὅσον
1690 728 1806 769 ούπω,
1826 734 1992 773 proaeime,
2011 733 2147 774 proprie
2163 728 2203 766 οὗ

266 773 367 821 αἴρῃ,
395 775 478 823 τῇδε
508 775 536 809 δ’
567 774 610 810 αὖ
639 774 722 824 δύνη
748 774 850 810 πάλιν
879 777 941 809 Ph.
985 774 1065 810 330.
1109 779 1180 810 Erf.
1201 787 1279 810 cum
1314 773 1441 819 οὕτως,
1471 777 1558 811 ὥστε
1575 776 1697 812 αὐτίκα
1711 777 1894 825 γίγνεσθαι.
1922 790 1956 812 v.
1977 779 2212 821 Schaeferum3
2259 817 2260 820 Ἴ

266 823 433 855 Brunckio
452 822 487 862 ἔς
503 820 529 856 τ’
550 821 609 865 ἄν,
638 824 760 863 dona,-
786 825 874 856 bene
894 828 1008 856 autem
1024 826 1200 865 vulgatum
1217 826 1276 857 de-
1313 824 1482 864 Reisigius
1503 825 1711 868 Stephanum
1728 828 1883 868 sequitur
1899 824 1965 872 ὀψέ
1982 827 2243 867 intelligentem.

264 870 378 902 fendit
393 871 507 903 Herm.
523 896 531 912 ,
553 881 615 903 nec
640 872 828 903 solitarium
845 875 909 904 est.
942 873 1004 905 τοῦ
1029 870 1067 905 δὲ
1090 874 1150 906 σοῦ
1195 870 1276 918 όρου
1311 871 1532 913 interpretare
1547 873 1594 910 ὡς
1608 871 1715 920 τάχος
1730 874 1810 906 locis
1825 883 1926 915 supra
1938 875 1974 906 in
1992 884 2024 905 v.
2039 871 2148 921 τάχος
2160 883 2195 916 p-
2207 871 2230 906 7
2246 897 2259 910 ·,

265 915 329 951 οὐκ
346 914 386 951 ἂν
405 915 608 964 στραφείην,
637 918 684 956 ὡς
712 915 752 951 ἂν
780 911 821 965 ᾖς
850 916 922 956 οἷός
946 929 1010 965 περ
1035 917 1067 952 εἷ
1095 920 1149 951 Ai.
1169 882 1274 951 1117.
1313 919 1423 951 allatis
1437 921 1460 952 i.
1474 930 1505 952 e.
1523 917 1632 958 οὕτως
1646 921 1733 954 ὥστε
1745 919 1917 967 γίγνεσθαι
1931 919 1965 954 ἐν
1975 918 2084 967 τάχει,
2096 921 2234 954 cuilocu

268 965 334 996 Hic
357 966 424 997 iam
449 970 579 998 veteres
605 966 647 997 de
671 970 820 1006 tempore
839 967 1054 1007 significando
1072 968 1272 1007 cogitarunt,
1313 967 1483 1007 subrogari
1500 968 1598 1008 licet,
1626 978 1693 1000 non
1711 972 1860 1010 oportet,
1890 967 1938 1006 ὡς
1954 966 2110 1015 τάχιστα.
2138 969 2216 1000 Alia
2244 990 2258 1010 ¹,

267 1013 539 1053 quandoquidem
568 1010 634 1051 ἕως
662 1013 867 1055 adscriptum
899 1014 935 1045 in
963 1015 1058 1046 libris
1086 1015 1272 1046 nonnullis.
1312 1015 1416 1046 tivam
1441 1017 1728 1055 interroyaiionem
1751 1026 1778 1048 s.
1805 1015 2011 1048 sententiam
2034 1015 2246 1048 relativam*
2278 1016 2281 1017 ⁷

266 1060 464 1092 Planissima
480 1064 594 1092 autem
611 1061 780 1092 sententia
798 1065 851 1092 est
867 1060 914 1098 ὡς
935 1057 976 1094 ἂν
994 1060 1158 1109 ποιήσῃς,
1188 1072 1277 1094 παν-
1311 1064 1410 1102 runt,
1430 1065 1470 1093 ut
1486 1063 1643 1103 ambigas,
1671 1067 1785 1095 utrum
1802 1073 1879 1095 cum
1896 1064 1996 1095 verbo
2012 1072 2055 1095 an
2072 1062 2238 1100 adverbio&

264 1106 355 1154 ταχῇ
373 1105 521 1154 χρηστός
548 1101 577 1153 γ’
596 1106 665 1141 ἔσει
687 1108 741 1139 Α1.
766 1104 866 1141 1369.
901 1108 948 1140 Et
971 1111 1086 1141 tamen
1113 1110 1174 1141 hoc
1198 1118 1278 1141 con·
1311 1108 1431 1149 iungas
1458 1108 1516 1146 ὡς.
1554 1108 1660 1155 αὐτὴν
1686 1109 1734 1147 ὡς
1759 1107 1928 1156 ἐδεξάμην
1953 1107 2062 1157 φίλως
2087 1110 2144 1142 Tr.
2165 1105 2257 1145 62&-

264 1155 388 1186 vellere
405 1155 540 1186 studuit
556 1156 655 1187 Wex.
676 1155 718 1187 ad
734 1156 815 1186 Ant.
840 1159 865 1188 t.
885 1152 920 1187 2.
942 1166 975 1197 p.
999 1152 1077 1188 116.
1092 1181 1100 1197 ,
1130 1166 1206 1188 cum
1231 1155 1278 1193 ὡς
1315 1153 1459 1202 οἰκτρῶς
1485 1154 1557 1204 ἔχω
1587 1154 1687 1190 1080,
1725 1156 1772 1194 ὡς
1797 1154 2028 1203 ἀφροντίστως
2053 1154 2127 1205 ἔχει
2153 1157 2222 1195 At<

264 1198 304 1234 ἄν
323 1201 499 1233 dummodo
523 1203 711 1242 significare
736 1204 944 1243 argumentis
964 1204 1187 1245 ineptissimis
1203 1213 1279 1244 pro·
1314 1203 1448 1235 Deinde
1479 1214 1555 1236 cum
1596 1205 1806 1245 superlativis
1836 1205 2071 1237 adverbiorum
2109 1205 2198 1238 coni
2217 1218 2230 1232 r¹

265 1250 344 1280 bare
367 1249 507 1291 nititur;
542 1250 633 1281 idem
657 1248 704 1287 ὡς
729 1259 787 1290 pro
811 1247 877 1288 ἕως
903 1251 968 1283 dici
992 1251 1100 1283 voluit
1125 1251 1274 1292 quidem,
1315 1250 1505 1291 dupliciter.
1534 1251 1684 1283 Primum
1714 1253 1946 1293 comparative.
1985 1248 2078 1299 χαῖρ’
2107 1251 2156 1290 ὡς
2215 1276 2220 1277 ⁷
2243 1249 2253 1261 ‘⁵

267 1296 326 1327 sed
343 1305 410 1328 non
426 1299 538 1338 potuit
549 1297 787 1330 demonstrare.
1314 1297 1375 1329 Ph.
1404 1294 1484 1329 462.
1514 1299 1603 1331 Dein
1629 1300 1831 1340 ampliative.
1867 1299 1915 1336 ὡς
1937 1297 2084 1346 τάχιστα
2108 1308 2242 1346 quam.

335 1340 368 1375 3.
396 1343 592 1376 Proximum
621 1348 675 1376 est
691 1343 738 1381 ὡς
762 1345 799 1375 in
823 1346 1006 1377 enuntiatis
1031 1345 1278 1377 adverbialibus
1313 1346 1394 1376 rime
1418 1346 1472 1376 El.
1497 1342 1598 1378 1487.
1630 1347 1684 1378 Tr.
1705 1343 1785 1378 802.
1813 1346 1874 1379 Ph.
1895 1343 1976 1386 749,
2011 1346 2080 1378 OR.
2111 1342 2190 1379 142.
2215 1346 2241 1367 ·²'

264 1394 299 1422 et
330 1392 378 1422 ita
406 1391 545 1423 insertis
576 1393 754 1423 verborum
786 1393 914 1432 tenori,
943 1395 982 1424 ut
1018 1402 1088 1424 rem
1123 1394 1279 1434 primaria
1313 1391 1367 1424 OC
1385 1389 1464 1425 897.
1487 1389 1567 1425 933.
1591 1390 1680 1426 1228
1697 1394 1749 1426 ch.
1772 1390 1873 1426 1416.
1894 1389 1995 1426 1475.
2017 1390 2120 1426 1643.
2138 1394 2246 1430 Ant.-

265 1439 437 1470 sententia
453 1439 727 1481 comprehensam
752 1440 864 1480 aliquo
880 1440 975 1471 modo
993 1440 1200 1480 restringant
1216 1450 1278 1472 nec
1315 1438 1361 1476 ὡς
1380 1437 1546 1486 βράχιστα
1563 1450 1662 1482 quam
1686 1441 1869 1473 brevissime
1895 1440 1949 1473 OC
1972 1438 2073 1474 1115.
2110 1440 2158 1479 ὡς
2215 1456 2220 1467 1

263 1486 424 1517 universe
442 1487 552 1518 valere
570 1487 684 1519 sinant
708 1486 1016 1526 (Zwischensa'tze).
1047 1488 1176 1519 Latinis
1194 1488 1276 1520 scri·
1312 1497 1399 1520 τατα
1427 1484 1653 1532 [προσωτάτω
1678 1486 1802 1533 Dind.]
1838 1498 1938 1529 quam
1961 1490 2104 1520 maxime
2142 1502 2147 1515 ι
2177 1501 2184 1514 ¹
2228 1518 2230 1520 ,

262 1534 415 1574 ptoribus
444 1542 483 1565 eo
513 1543 616 1566 sensu
645 1534 769 1565 dicitur
797 1537 854 1574 ut,
895 1538 1076 1575 quantum,
1117 1538 1278 1576 quantum
1314 1530 1394 1566 391.
1424 1534 1470 1572 ὡς
1488 1532 1601 1581 ’ῥᾷστα
1627 1545 1725 1576 quam
1748 1537 1910 1568 levissime
1935 1535 2072 1575 Thyest.
2105 1536 2148 1569 fr.

264 1580 407 1621 quidem.
434 1581 500 1622 Ap.
523 1581 623 1622 Soph.
645 1590 712 1613 non
731 1581 854 1613 videris
871 1582 975 1613 alium
994 1582 1147 1623 modum,
1177 1592 1277 1623 quam
1314 1580 1399 1613 Cum
1428 1583 1627 1622 superlativo
1643 1582 1797 1615 adiectivi
1821 1583 1905 1615 dicti
1922 1582 1970 1620 ὡς
1996 1592 2104 1615 unum
2127 1591 2185 1615 ex·
2202 1582 2241 1610 w

264 1627 481 1659 indicativum
492 1629 642 1669 adiungi.
663 1627 711 1665 ὡς
728 1625 862 1665 ἀκούεις
876 1625 1072 1661 00194011.
1094 1629 1141 1667 ὡς
1159 1626 1276 1662 ἀκούω
1313 1629 1434 1670 reperi.
1470 1628 1543 1675 χῶς
1559 1641 1608 1667 τις
1632 1627 1758 1663 πλεῖστ’
1785 1628 1873 1675 ἀνὴρ
1898 1627 1956 1664 ἐπὶ
1980 1627 2078 1675 ξένης
2095 1626 2245 1675 fimens*

264 1671 331 1707 527
349 1675 401 1707 ch.
442 1674 489 1712 ὡς
516 1673 585 1722 ἐγὼ
608 1673 706 1709 κλύω
730 1676 783 1707 El.
808 1672 888 1708 566.
925 1676 981 1707 Tr.
1002 1673 1058 1709 72.
1099 1675 1145 1714 ὡς
1161 1675 1200 1709 τὸ
1219 1674 1275 1709 σὸν
1293 1675 1296 1742 ι
1314 1674 1506 1721 ὃυνεύματα
1531 1676 1586 1709 OC
1605 1674 1684 1710 563.
1712 1680 1749 1709 ut
1777 1679 1848 1719 quis
1861 1679 2032 1718 plurima:
2058 1678 2082 1709 i.
2103 1686 2133 1710 e.
2173 1691 2193 1701 ι·
2221 1696 2236 1712 ,ι

262 1719 379 1768 ξυνῆκ’
397 1719 465 1767 ἐγώ
482 1723 538 1756 Α1.
558 1719 615 1756 99.
653 1722 701 1760 ὡς
726 1720 794 1769 ἐγὼ
819 1720 909 1768 λέγω
930 1720 1006 1755 107.
1045 1723 1092 1761 ὡς
1118 1721 1201 1770 ὁρᾷς
1218 1724 1272 1755 El.
1314 1725 1431 1765 siquis
1451 1725 1557 1765 alius,
1583 1726 1717 1765 pertuli.

265 1765 366 1801 1114.
404 1771 458 1801 Tr.
480 1766 560 1802 365.
595 1769 643 1807 ὡς
667 1767 716 1803 πά
737 1764 809 1804 soff
833 1768 851 1803 6
874 1772 914 1803 ἄν
942 1770 1003 1802 Ρ11.
1027 1767 1128 1803 1420.
1170 1770 1217 1808 ὡς
1237 1769 1276 1804 σὺ
1384 1767 1418 1803 6.
1446 1771 1619 1804 Postremo
1632 1769 1824 1819 σχετλίασιν
1839 1772 1895 1804 hic
1907 1780 2182 1804 commemor-an·
2202 1748 2244 1798 ι’

265 1811 334 1897 φές
357 1817 412 1876 ΑΞ.
435 1813 536 1874 1234.
565 1817 625 1850 Ρ11.
649 1815 692 1850 10
743 1843 750 1850 .
779 1817 835 1850 OC
876 1814 932 1849 40.
960 1817 1007 1855 ὡς
1032 1812 1101 1878 φῄς
1128 1815 1171 1875 σύ
1191 1819 1273 1851 Ant.
1315 1827 1382 1872 seo.
1404 1818 1467 1850 Est
1483 1823 1599 1874 autem
1611 1820 1829 1879 'aliquantum
1841 1820 1972 1851 diversa
1984 1819 2204 1874 eius-generis
2220 1852 2223 1854 ,

270 1875 278 1895 ι
311 1861 343 1895 6.
373 1875 420 1901 ως
439 1861 540 1902 αὐτος
558 1862 667 1910 λέγεις
683 1866 727 1898 fr.
747 1866 839 1897 Alet.
861 1861 918 1905 91,
941 1863 971 1898 1.
1003 1883 1044 1889 -—
1071 1876 1118 1903 ως
1136 1864 1278 1899 δυνασαι
1314 1875 1351 1897 ιιι
1369 1867 1533 1907 exemplis
1563 1876 1654 1898 enim
1677 1868 1752 1899 alus
1771 1878 1818 1904 ως
1844 1867 1945 1899 verbo
1972 1875 2124 1908 proxlme
2153 1875 2166 1898 1
2200 1880 2225 1901 ι.

263 1913 318 1944 Ai.
343 1908 443 1944 1164.
479 1911 526 1949 ὡς
557 1910 657 1949 αὐτὸς
683 1909 775 1958 λέγει
801 1912 855 1944 Tr.
876 1909 957 1945 253.
998 1911 1045 1950 ὥς
1070 1906 1151 1958 φησ’
1177 1910 1278 1950 αὐτός
1315 1913 1349 1943 in
1367 1913 1442 1944 aliis
1461 1923 1537 1945 cum
1555 1915 1618 1946 alio
1635 1915 1834 1947 vocabulum
1852 1923 1993 1955 genere,
2025 1913 2213 1955 aliquando,

265 1959 320 1990 Tr.
341 1955 422 1992 249.
441 1977 488 1982 -
504 1958 551 1996 ὡς
568 1956 722 2004 λέγουσιν
740 1960 802 1991 Ph.
819 1956 898 1992 335.
919 1959 974 1992 OC
991 1956 1092 1991 1161.
1112 1961 1194 1992 Ant.
1215 1957 1273 1992 23.
1314 1969 1341 1991 s.
1359 1963 1520 2001 quantum
1532 1965 1654 2003 vertas,
1671 1963 1706 1994 in
1721 1961 1972 1994 vehementiore
1989 1962 2094 1993 animi
2107 1959 2229 2000 motaj

265 2005 311 2044 ὥς
330 2015 429 2051 φασιν
448 2006 508 2038 Ρ11,
530 2002 586 2038 89.
608 2006 663 2038 OC
681 2003 762 2039 415.
781 2024 822 2030 —-
842 2006 889 2044 ὡς
907 2005 975 2052 ἔφη
993 2004 1102 2053 λέγων
1120 2008 1175 2039 Ai.
1194 2005 1274 2039 757.
1314 2008 1460 2048 sicando,
1489 2009 1572 2040 alias
1588 2012 1644 2049 ut,
1672 2010 1781 2041 sicubi
1798 2009 1913 2041 tristes
1930 2009 2076 2040 maxime
2094 2009 2148 2040 vel
2162 2017 2208 2040 m
2228 2043 2231 2045 ,

264 2053 311 2090 ὡς
341 2052 488 2098 ἔφασκεν
514 2053 572 2086 OR
591 2050 668 2086 114.
697 2053 745 2091 ὡς
767 2052 807 2087 τὸ
830 2050 983 2087 Πυθικὸν
1008 2051 1091 2088 θεοῦ
1117 2056 1277 2099 μαντεῖον
1314 2058 1366 2086 tes
1391 2055 1518 2095 aliquid
1534 2057 1800 2097 consideramus3
1822 2060 1875 2088 est
1891 2056 1993 2088 etiam
2006 2057 2066 2087 ubi
2083 2064 2124 2097 op
2147 2070 2149 2082 :
2169 2055 2239 2083 =·³‘'

265 2098 426 2146 ἐξέφηνεν
455 2097 535 2132 242.
577 2100 624 2138 ὡς
678 2097 771 2134 ύδᾶτ’
799 2099 874 2134 ἐκεῖ
901 2098 981 2135 940.
1016 2103 1129 2146 μενεῖν
1160 2100 1278 2146 δόμοις
1315 2103 1473 2134 stitutum
1491 2103 1554 2142 sit,
1582 2105 1713 2135 utinam
1729 2104 1935 2143 significans
1963 2101 2011 2140 ὥς
2028 2100 2062 2160 μ’
2078 2099 2179 2148 ἐθη,

263 2146 401 2193 ἀραῖος,
423 2147 471 2185 ὡς
487 2146 640 2194 ἠράσατο
650 2111 763 2180 71291.
791 2147 838 2185 ὡς
853 2145 933 2182 καθ’
950 2146 1043 2194 ἡμᾶς
1061 2142 1132 2183 ἔσθ’
1149 2146 1167 2182 ὁ
1184 2146 1278 2193 πλη-
1317 2145 1418 2180 1007.
1449 2149 1563 2191 [Dind.
1586 2160 1613 2183 c.
1633 2152 1764 2183 Wakef.
1786 2148 1855 2194 ὅς]
1887 2149 1934 2187 ὥς
1960 2143 1987 2182 σ’
2005 2161 2069 2184 ουκ
2087 2147 2149 2194 ἔμε

266 2192 361 2229 θύων
378 2192 480 2240 λόγος
497 2195 552 2228 Oc
570 2192 650 2228 377.
674 2194 722 2233 ὡς
741 2193 819 2240 ἐμοὶ
836 2193 933 2229 δοκεῖ
949 2196 1004 2227 Ai.
1027 2193 1129 2228 1157.
1150 2195 1197 2233 ὡς
1215 2195 1277 2241 μὲν
1314 2193 1440 2241 λείψειν
1466 2194 1630 2231 οὐδέποτε
1657 2195 1745 2230 1083
1762 2208 1808 2229 m.
1844 2196 1892 2235 ὥς
1921 2190 1955 2242 μ’
1972 2192 2110 2243 ὑπῆλθέ
2136 2206 2186 2234 τις
2216 2198 2219 2202 ”

265 2240 316 2276 σοὶ
333 2241 430 2275 δοκεῖ
446 2242 504 2274 OR
519 2239 601 2275 435.
630 2241 677 2280 ὡς
695 2240 810 2280 ἔοικας
827 2242 881 2275 El.
903 2240 984 2275 516.
1022 2244 1076 2275 Tr.
1100 2240 1201 2275 1241.
1230 2243 1277 2280 ὡς
1316 2240 1417 2275 1231.
1445 2247 1483 2275 ut
1499 2246 1618 2276 timeo!
1643 2246 1774 2277 Debilis
1798 2246 1890 2277 enim
1915 2248 1949 2276 et
1971 2244 2132 2285 languida
2148 2252 2225 2289 se„

267 2287 376 2323 ἔοικεν
394 2290 446 2322 ΕΙ.
468 2286 548 2322 765.
570 2286 648 2322 772.
672 2286 773 2322 1116.
796 2287 898 2322 1341.
921 2290 977 2322 Tr.
997 2287 1099 2323 1238.
1121 2291 1176 2322 Ai.
1193 2287 1273 2323 334.
1314 2292 1396 2331 erit,
1428 2292 1457 2322 si
1484 2301 1565 2324 nam
1593 2293 1647 2324 vel
1677 2294 1795 2333 quippe
1823 2292 2070 2334 interpreteris.
2134 2301 2172 2339 ρο
2249 2295 2252 2297 “

268 2333 370 2369 1139.
391 2337 454 2369 Ρ11.
472 2333 553 2369 403.
574 2337 632 2369 OR
648 2333 728 2370 962.
752 2334 852 2370 1160.
873 2336 929 2370 OG
946 2334 1046 2369 1249.
1070 2334 1170 2370 1262.
1192 2339 1273 2370 Ant.
1315 2334 1422 2370 δεινόν
1441 2338 1499 2370 OR
1516 2335 1596 2370 316.
1633 2337 1663 2372 τί
1682 2332 1710 2371 δ’
1727 2337 1834 2381 ἐστίν;
1864 2338 1911 2376 ὡς
1934 2335 2069 2383 ἄθυμος
2095 2348 2111 2371 ε
2126 2334 2240 2385 σελίγ-

266 2380 347 2418 576.
366 2380 448 2416 740.
482 2383 529 2421 ὡς
553 2382 645 2421 εἰκὸς
661 2381 705 2429 ἠν
731 2384 790 2416 Ρ11.
811 2381 892 2417 361.
930 2383 977 2422 ὡς
1001 2382 1094 2422 είκός
1110 2384 1171 2416 Ph.
1193 2382 1274 2417 498.
1314 2381 1393 2416 319.
1430 2385 1534 2417 Probo
1560 2387 1650 2418 enim
1676 2387 1898 2419 recentiorum
1924 2385 2133 2428 quorundam
2155 2398 2208 2413 ...-

266 2431 319 2462 El.
342 2427 444 2462 1140.
484 2429 532 2481 ᾡς
547 2434 638 2477 χρῆν,
661 2432 716 2463 Tr.
746 2428 847 2464 1133.
863 2456 871 2472 ‚
908 2441 1099 2473 quanquam
1124 2432 1186 2464 hoc
1210 2441 1276 2464 non
1313 2432 1583 2474 distinctionem,
1618 2443 1684 2465 non
1711 2437 1864 2466 veterum
1886 2434 2073 2465 editionum
2095 2433 2187 2465 inte'

266 2479 379 2510 minus
403 2479 489 2510 bene
514 2479 701 2510 enuntiatis
727 2479 961 2520 comparativis
985 2479 1272 2511 adnumerabitur.
1313 2480 1448 2519 signum
1471 2481 1507 2511 in
1533 2490 1648 2512 versus
1675 2482 1742 2513 fine
1760 2482 1910 2523 positum
1935 2480 2170 2512 exhibentium
2181 2475 2217 2520 ,⁴2

267 2525 364 2559 Adde
381 2526 496 2557 omissi
523 2526 618 2558 verbi
635 2526 840 2558 substantivi
865 2527 1022 2568 exempla
1038 2525 1085 2563 ὡς
1131 2525 1202 2563 άτις
1216 2524 1276 2559 ἀν-
1313 2527 1452 2558 rationis
1478 2528 1663 2560 secundum
1680 2529 1902 2560 Matthiaeum
1927 2527 2044 2560 Herm.
2071 2527 2161 2559 hunc
2176 2528 2214 2567 ν’ῑζ

267 2570 357 2618 δρῶν
374 2573 456 2605 Ant.
469 2568 594 2605 828111.
616 2573 682 2605 Sed
699 2571 746 2610 ὥς
765 2583 817 2606 σοι
833 2570 944 2618 θυμός
962 2573 1017 2606 El.
1031 2570 1093 2605 131
1125 2598 1131 2605 .
1152 2575 1277 2605 rectius
1314 2583 1388 2605 esse
1414 2575 1506 2606 vult:
1536 2575 1622 2615 quod
1647 2578 1716 2607 tam
1742 2576 1882 2607 sollicito
1905 2576 2016 2606 animo
2033 2575 2170 2620 venisti,
2183 2566 2206 2598 ’-

267 2620 489 2660 comparative
513 2620 642 2652 dictum
666 2620 856 2652 habebitur.
897 2621 1030 2652 Deinde
1059 2621 1107 2653 sic
1131 2621 1278 2661 intelligi
1315 2617 1367 2653 ὅτι
1384 2617 1492 2658 οὕτως
1510 2622 1608 2654 dicto.
1646 2623 1788 2654 Miratur
1815 2623 1925 2664 potius
1951 2631 2010 2654 cur
2033 2622 2133 2663 poeni

267 2667 346 2698 licet
364 2667 520 2708 infinitivi
537 2676 614 2699 cum
639 2666 687 2704 ὡς
705 2667 789 2699 dicti
805 2668 981 2708 exempla,
1010 2668 1077 2699 nisi
1101 2668 1143 2699 ad
1160 2677 1277 2700 conse·
1314 2668 1398 2699 siam
1417 2668 1588 2709 videatur,
1617 2669 1704 2710 quod
1723 2671 1866 2703 venerit.
1903 2668 1951 2706 ὡς
1974 2664 2068 2702 πάντ’
2087 2665 2177 2714 ἄγαν
2192 2673 2210 2713 ἦ,

268 2715 447 2755 quentium
473 2724 517 2745 ex
542 2714 654 2755 aliqua
671 2723 770 2747 causa
793 2715 1072 2754 significationem
1089 2725 1129 2746 ea
1145 2716 1278 2747 trahere
1313 2713 1453 2760 κάσαφῆ
1485 2713 1593 2761 λέγεις
1610 2714 1690 2749 439.
1731 2721 1768 2748 ut
1796 2718 1908 2748 omnia
1935 2716 2072 2748 obscura
2100 2718 2132 2748 et
2163 2731 2184 2735 *⁴

269 2762 365 2793 velis.
394 2760 441 2798 ὡς
459 2758 640 2795 ἀπεικάσαι
658 2761 713 2793 Tr.
735 2758 813 2794 141.
836 2761 891 2794 OG
910 2758 964 2794 16.
984 2762 1044 2794 ubi
1060 2762 1118 2793 alii
1137 2761 1184 2799 ὡς
1199 2755 1278 2807 σάφ’
1310 2763 1411 2802 plena
1446 2763 1612 2804 loqueris!
1646 2763 1693 2801 ὡς
1721 2761 1811 2808 ὑμᾶς
1839 2761 1900 2796 ἴσα
1926 2761 1985 2796 καὶ
2011 2761 2051 2796 τὸ
2078 2759 2186 2808 μηδὲν

267 2806 401 2842 εἰκάσαι
433 2812 643 2849 praeoptant.
688 2809 801 2840 Etiam
833 2809 894 2840 hoc
926 2809 1072 2848 intelligi
1106 2810 1188 2841 licet
1208 2810 1273 2843 ita:
1314 2806 1490 2853 ἐναριθμῶ
1510 2807 1599 2842 1187
1617 2811 1668 2842 ch.
1698 2809 1744 2847 ὥς
1763 2806 1786 2843 σ’
1806 2808 1966 2856 ἠθέλησα
1983 2807 2073 2855 μηδέ
2091 2805 2186 2843 σ’»ἂνῒ
2207 2834 2215 2854 ³.

265 2848 392 2888 τοιαῦτ’
409 2853 534 2902 ἔφραζε
552 2854 637 2902 πρὸς
653 2853 743 2890 θεῶν
760 2853 952 2901 εἱμαρμένα
978 2859 1048 2889 τῶν
1064 2848 1277 2901 Ἡρακλείων
1313 2867 1396 2889 ποτε
1423 2853 1523 2889 1348.
1568 2857 1614 2894 ὡς
1638 2855 1728 2901 ὑμᾶς
1754 2855 1851 2902 μόλις
1878 2855 2024 2902 εὑροῦσα
2046 2854 2138 2902 λύπῃ
2154 2871 2173 2884 -

270 2898 532 2936 ἐκτελευτᾶσθαι
549 2901 675 2944 πόνων,
696 2901 744 2940 ὡς
759 2901 822 2948 τὴν
839 2900 987 2936 παλαιὰν
1004 2901 1114 2949 φηγὸν
1132 2900 1279 2948 αὐδῆσαί
1315 2901 1414 2947 μόλις
1432 2901 1549 2947 βλέπω
1568 2904 1621 2936 OC
1639 2902 1719 2936 325.
1757 2905 1803 2942 ὡς
1827 2902 2054 2950 ὑπερδέδοικά
2079 2913 2138 2937 σου
2163 2924 2171 2932 ·

269 2958 352 2982 ποτε
372 2974 379 2981 .
395 2974 403 2983 .
418 2974 425 2982 .
447 2947 515 2995 ἔφη
538 2950 594 2981 Tr.
618 2947 695 2982 171.
732 2953 894 2991 quantum
916 2950 1047 2991 quidem
1062 2951 1279 2982 vaticinatam
1314 2945 1381 2994 οἴμ’
1403 2950 1450 2987 ὡς
1466 2948 1587 2996 ἄλημα
1601 2949 1706 2996 δῆλον
1724 2949 1917 2998 ἐκπεφυκὸς
1942 2949 1972 2984 εἷ
1989 2948 2067 2983 320.
2096 2942 2205 2991 ὥςσῖ

269 3006 423 3038 quercum
455 2995 583 3036 aiebam
618 3007 644 3029 s.
682 2997 957 3038 quemadmodum
987 3000 1097 3029 vatem
1128 2998 1279 3029 cecinisse
1315 2995 1363 3038 ζει
1387 2995 1500 3043 πατήρ
1527 2995 1606 3030 572.
1648 2998 1695 3036 ὡς
1721 2996 1788 3045 ἐγὼ
1811 2998 1850 3032 τὸ
1874 2997 1931 3032 σὸν
1957 2995 2087 3044 φρίσσω
2111 2993 2180 3030 σσό

269 3045 386 3076 aiebat.
981 3042 1033 3087 (11
1050 3054 1080 3085 p.
1103 3040 1182 3084 999,
1203 3040 1281 3087 26.)
1313 3041 1439 3081 τοῦπος
1456 3044 1504 3081 ὡς
1520 3042 1573 3090 ἄρ’
1590 3042 1692 3090 ὀρθὸν
1710 3043 1836 3090 ἤνυσας
1857 3043 1956 3078 1178.
1986 3045 2033 3082 ὡς
2058 3040 2158 3090 ὀρθόν
2181 3059 2191 3070 ν

339 3087 373 3123 4.
409 3091 502 3122 Idem
526 3100 634 3130 genus
651 3091 841 3123 sententiae
856 3091 1038 3124 breviatur.
1075 3085 1198 3136 Κρέων
1215 3089 1279 3136 γὰρ
1315 3091 1423 3131 genda
1439 3096 1531 3133 puto.
1552 3090 1625 3136 οἴμ’
1641 3092 1686 3130 ὡς
1706 3091 1820 3130 ἔοικας
1838 3091 1902 3138 ὀψὲ
1918 3091 1982 3138 τὴν
2001 3090 2097 3137 δίκην
2115 3089 2140 3124 ί
2160 3107 2167 3116 =
2188 3105 2190 3109 ’

270 3135 313 3182 ἦν
331 3135 505 3184 ζηλωτός,
534 3137 582 3175 ὡς
599 3135 698 3182 ἐμοί,
725 3136 809 3171 ποτέ
824 3138 905 3170 Ant.
928 3134 1029 3170 1161.
1057 3139 1196 3179 Aliquid
1213 3139 1280 3170 dif—
1315 3138 1362 3175 ὡς
1381 3136 1471 3185 ἔχων
1488 3150 1525 3172 τε
1540 3138 1600 3172 καὶ
1615 3137 1827 3184 κεκτημένος
1907 3138 2021 3183 ἔοικας
2036 3136 2132 3183 ἥκειν
2150 3133 2167 3169 1
2182 3171 2183 3174 ,
2196 3145 2221 3180 '.

271 3187 338 3217 fert
355 3186 434 3216 hinc
451 3194 554 3216 sensu
580 3182 697 3230 ἔρεβος
724 3184 752 3218 ὦ
778 3182 1024 3230 φαεννότατον,
1053 3184 1101 3222 ὡς
1125 3182 1204 3228 ἐμοί
1221 3185 1276 3217 Ai.
1315 3185 1428 3218 Herm.
1463 3184 1509 3222 ὥς
1555 3197 1585 3219 οι
1610 3189 1702 3232 σαφῆ
1729 3189 1856 3231 σημεῖα
1878 3185 2005 3232 φαίνεις
2022 3183 2145 3223 ἐσθλὸς
2173 3202 2219 3237 ἦ

271 3228 340 3264 995
357 3241 402 3263 ιιι.
439 3233 481 3264 V.
510 3232 627 3264 Valck.
661 3231 702 3263 ad
732 3232 814 3265 Eur.
846 3232 950 3273 Hipp.
972 3228 1052 3264 324.
1086 3232 1210 3266 Heind.
1239 3232 1280 3263 ad
1311 3232 1419 3278 γεγώς
1445 3233 1497 3264 El.
1517 3232 1523 3244 ‘
1542 3230 1574 3264 3.
1611 3232 1657 3270 ὥς
1683 3244 1741 3278 μοι
1766 3231 1896 3270 πολλὰς
1915 3232 1978 3278 μὲν
1994 3230 2130 3278 θρήνων
2278 3236 2280 3238 “

271 3278 358 3311 Plat.
379 3278 478 3320 Soph.
498 3288 532 3319 p.
553 3275 632 3310 336.
662 3278 780 3320 Neque
804 3288 881 3311 vero
897 3277 994 3312 δοκεῖ
1009 3279 1279 3311 subaudiendum
1316 3271 1427 3325 ᾔσθου
1445 3277 1490 3311 87
1508 3289 1561 3311 an.
1591 3280 1638 3317 ὡς
1661 3278 1784 3324 ἔμολες
1809 3278 1910 3325 αίανή
1929 3277 1996 3311 506
2014 3280 2066 3311 ch.
2098 3277 2145 3316 ὥς
2167 3267 2203 3322 p?

272 3332 411 3366 censeo,
439 3326 528 3367 quod
544 3325 701 3366 pluribus
718 3326 847 3366 visum,
875 3326 935 3357 sed
960 3325 1007 3362 ὡς
1025 3326 1156 3366 explico
1173 3336 1280 3366 quan—
1314 3323 1415 3363 λεσας
1432 3323 1512 3358 808.
1536 3323 1636 3359 1163.
1671 3329 1733 3372 τῆς
1750 3325 1865 3364 ἀνοίας
1882 3326 1928 3364 ὥς
1951 3322 1975 3359 σ’
1996 3322 2196 3370 ἐποικτείρω
2214 3322 2218 3327 ’

273 3374 360 3415 tum,
396 3382 423 3404 s.
451 3371 538 3413 quod
565 3372 714 3413 quidem,
755 3381 820 3413 quo
853 3373 940 3404 sacto
969 3373 1104 3404 dativus
1130 3383 1149 3405 a
1180 3374 1280 3405 verbo
1316 3373 1368 3404 El.
1398 3369 1476 3404 920.
1514 3372 1560 3425 ὥς
1588 3373 1614 3406 σ’
1644 3371 1699 3406 ἀπ’
1727 3372 1875 3407 ἐλπίδων
1895 3399 1902 3406 .
1919 3398 1949 3405 ..
1970 3369 2187 3418 εἰσεδεξάμην
2209 3385 2225 3395 ··
2280 3415 2282 3417 ι

271 3420 414 3460 pendet,
442 3417 489 3455 ὡς
507 3416 585 3462 ἐμοὶ
601 3415 808 3463 ζηλοῦσθαι,
836 3419 884 3456 ὡς
901 3417 980 3463 ἐμοὶ
999 3418 1141 3465 φαεννὸν
1158 3416 1254 3453 εἶναι.
1317 3419 1364 3456 ὡς
1382 3417 1446 3453 οὐκ
1462 3415 1511 3464 ἄρ’
1534 3414 1602 3466 ῄδη
1620 3424 1687 3453 τῶν
1703 3418 1796 3465 ἐμῶν
1815 3419 1913 3454 οὐδὲν
1930 3424 2046 3454 κακῶν
2063 3415 2163 3452 1185.
2196 3435 2207 3445 ι1
2248 3447 2284 3471 ,γ’
