2288 3600
230 170 329 218 264

228 284 419 332 μαινομένᾳ
440 284 496 325 ξὺν
519 284 612 333 ὁρμᾷ
632 284 700 332 βακ
715 283 814 333 *εύων
845 284 984 320 ἐπέπνει
1010 284 1124 333 ῥιπαῖς
1147 282 1249 333 ἐχθί-

229 344 317 367 στων
361 331 498 378 ἀνέμων
533 334 614 366 Ant.
647 331 689 366 13
731 334 782 366 ch.
837 334 967 367 Similia
1003 333 1250 366 contenderunt

229 382 355 421 Musgr.
386 385 420 413 et
444 381 540 421 Erf.;
578 382 744 423 copiosius
779 382 994 413 illustrarunt
1018 380 1180 413 Abresch.
1209 381 1247 412 ad

228 428 350 463 Aesch.
372 428 473 460 Eum.
493 425 572 460 909.
595 430 710 461 Valck.
731 429 771 460 ad
788 429 868 460 Eur.
882 429 987 469 Hipp.
1005 425 1072 460 563
1092 429 1248 469 inprimis

227 477 353 508 Iacobs.
375 476 416 507 ad
434 475 577 508 Callistr.
600 476 683 508 Stat.
712 486 745 518 p.
768 472 847 508 684.

297 531 456 568 Ἐπιπό
468 531 534 567 διο
546 546 560 572 ς
579 535 663 576 quod
679 534 756 575 pedi
774 534 912 566 inditur.
943 532 1049 568 πέδας
1067 532 1247 572 ἐπιποδίας

229 582 288 614 OR
306 578 396 613 1350
410 592 454 613 m.

298 637 306 649 ³
318 636 549 677 Επίπολος
567 642 725 673 minister.
756 640 795 674 σὺ
823 639 885 685 μὲν
909 638 992 685 ἐμὸς
1016 638 1180 678 ἐπίπολος
1199 638 1248 673 ἔτι

230 685 374 732 μόνιμος
392 688 450 719 OR
471 685 559 720 1323
577 698 621 720 m.
653 686 718 734 [γρ.
747 686 807 721 καὶ
833 686 933 732 ἐμοῖς
958 686 1015 720 ἐπὶ
1038 686 1154 725 πόνοις
1173 688 1194 721 S
1210 689 1246 719 in

229 732 318 778 LA].
356 735 464 766 Affert
481 735 521 766 de
539 736 698 767 vocabulo
724 737 892 768 disserens
911 735 1008 767 Eust.
1030 745 1064 776 p.
1085 732 1166 776 642,
1187 732 1243 766 41.

228 783 280 814 De
296 786 437 814 accentu
462 793 494 814 v.
515 779 727 828 ἀμφίπολος.

298 837 538 878 Ἐπίπονος
556 851 781 874 aerumnosus.
802 834 872 887 ’Ἃρ
902 853 916 879 ς
937 838 1064 881 ἐξέλυσ’
1084 839 1246 874 ἐπίπονον

229 886 361 934 ἁμέραν
391 885 579 932 [ἐπιπόνων
605 887 737 935 ἁμερᾶν
756 887 879 934 Dind.]
903 890 957 921 Tr.
981 885 1050 920 654
1066 889 1118 920 ch.
1140 889 1246 920 ambi—

228 945 330 975 guum
349 936 390 967 de
407 936 609 968 Herculisne
625 937 791 968 laboribus
810 947 851 968 an
869 937 910 968 de
930 937 1109 967 Deianirae
1128 936 1248 967 sollici-

228 983 348 1014 tudine
366 983 513 1023 dicatur3
545 984 603 1015 hoc
621 984 818 1016 scholiastae
835 985 947 1026 placet
963 990 998 1015 et
1015 987 1152 1024 propter
1169 992 1247 1014 sen—

228 1031 411 1062 tentiarum
444 1040 571 1062 nexum
597 1032 766 1072 probabile
793 1036 853 1063 est.
892 1029 1055 1064 ἐπίπονον
1089 1028 1246 1076 λατρείαν

229 1078 285 1109 Τι·.
306 1074 376 1110 830
390 1077 440 1109 ch.
471 1076 622 1123 ἐπιπόνῳ
643 1076 739 1123 μόρῳ
758 1078 812 1110 OC
833 1075 920 1110 1561
937 1078 987 1110 ch.
1010 1081 1099 1109 recte
1118 1077 1220 1110 Seidl.
1237 1090 1243 1108 :

229 1125 284 1156 LB
302 1125 355 1156 PB
375 1122 532 1164 ἐπίπονα,
563 1126 651 1166 quod
668 1126 902 1158 adverbialiter
919 1127 1046 1158 dictum
1069 1127 1164 1157 foret.
1189 1126 1246 1156 LA

229 1172 283 1203 PF
301 1170 466 1205 ἐπιπόνω.
497 1173 599 1204 Tricl.
621 1171 678 1206 ἐπὶ
696 1170 805 1219 πόνῳ.

299 1228 307 1240 '
317 1227 344 1264 Ε
356 1242 380 1264 π
390 1242 400 1263 ι
412 1242 429 1276 ρ
441 1241 458 1276 ρ
469 1228 516 1263 οίσ
527 1241 545 1263 σ
556 1244 584 1264 ω
603 1233 761 1272 irrumpo,
775 1233 904 1272 inyruo.
925 1229 948 1274 ἥ
966 1238 1016 1263 τις
1034 1229 1161 1276 ὀμβρία
1178 1229 1247 1277 χά-

228 1272 308 1317 λαζ’
335 1276 540 1324 ἐπιρράξασα
566 1279 620 1311 OG
642 1276 742 1311 1503.
771 1279 864 1311 Suid.
887 1290 919 1310 v.
942 1277 1078 1324 ὀμβρία.

299 1332 376 1370 Ἐπ
388 1348 397 1369 ι
409 1348 426 1382 ρ
438 1336 516 1382 ρήσ
528 1348 584 1370 σω
603 1339 759 1378 irrumpo.
790 1335 900 1374 πύλας
920 1334 1113 1383 ἐπιρρήξασΊ
1132 1335 1246 1383 [ἐπιρ-

230 1381 301 1429 ράξ.
332 1385 435 1416 Dind.
466 1395 493 1417 c,
516 1382 637 1428 Dobr.]
663 1382 731 1418 ἔσω
751 1385 809 1416 OR
828 1382 918 1416 1244
936 1386 980 1425 gl.
1002 1382 1177 1418 κλείσασα.
1200 1387 1241 1416 of.

228 1432 326 1463 Hom.
357 1432 394 1463 Il.
423 1429 479 1472 24,
501 1429 582 1464 454.
612 1433 738 1465 Sensus
763 1436 835 1464 est:
872 1434 906 1464 υἱ
931 1436 960 1463 et
987 1434 1111 1472 impetu
1136 1433 1175 1463 ab
1194 1434 1246 1464 in-

228 1480 342 1558 teJriore
355 1483 450 1519 parte
467 1479 650 1511 occ-ludens.
688 1480 832 1519 Hesych.
855 1478 904 1513 ἐπ
916 1490 926 1512 ι
938 1490 954 1525 ρ
967 1491 984 1524 ρ
994 1478 1018 1523 ή
1030 1490 1048 1511 σ
1060 1490 1077 1511 σ
1088 1491 1102 1512 ε
1112 1491 1139 1518 ι;
1171 1477 1247 1513 ἐπι-

227 1536 250 1557 κ
263 1536 346 1558 .ειει.

299 1581 580 1640 Ἐπιρροθέω
607 1585 732 1626 fremo,
763 1587 850 1618 laete
868 1589 903 1617 et
919 1596 995 1617 cum
1012 1587 1152 1627 plausu;
1181 1596 1247 1632 χο-

228 1630 284 1675 ρὸς
308 1629 346 1664 δὲ
373 1630 509 1676 μύνοων
536 1629 668 1678 ἰχθύων
696 1630 873 1678 ἐπερρόθει
898 1634 938 1664 fr.
959 1634 1026 1664 inc.
1048 1631 1128 1673 700,
1153 1631 1182 1665 1.
1213 1645 1243 1664 v.

227 1676 387 1716 ἄναυδος.
431 1680 597 1712 Probabili
631 1682 822 1712 coniectura
851 1681 998 1712 Brunok.
1036 1682 1076 1713 ad
1104 1681 1247 1712 Achillis

226 1727 401 1758 Amatores
427 1727 539 1766 refert,
569 1728 692 1768 quibus
709 1729 830 1760 Peleus
856 1729 1058 1767 narraverit,
1088 1738 1153 1769 qua
1178 1733 1247 1760 arte

229 1774 274 1805 sit
292 1774 436 1805 Thetide
454 1775 592 1815 potitus.
612 1793 652 1798 —
674 1775 739 1807 Sed
756 1776 911 1806 conviciis
929 1775 1107 1806 lacessendi
1126 1776 1174 1806 vis
1194 1776 1247 1806 in-

229 1825 298 1852 est:
327 1818 441 1854 πολλὰ
465 1819 528 1865 μὲν
545 1819 661 1868 λόγοις
679 1820 891 1868 ἐπερρόθησε
909 1822 963 1853 Tr.
985 1819 1066 1855 264.
1090 1821 1246 1868 σφοδρῶς

230 1865 344 1912 ὕβρισε
362 1868 463 1900 schol.
493 1869 535 1900 cf.
558 1869 678 1902 Blomf.
701 1871 744 1910 gl.
766 1870 887 1901 Aesch.
910 1870 1001 1910 Sept.
1021 1867 1053 1901 7.

299 1923 378 1960 'En
389 1925 399 1960 ί
410 1937 427 1971 ρ
438 1925 569 1972 ροθος
587 1931 732 1968 strepens
749 1930 907 1961 convicio.
926 1932 1031 1961 κινῶν
1048 1923 1141 1974 ἄνδρ’
1158 1926 1246 1974 ἀνὴρ

230 1971 424 2019 ἐπιρρόθοις
449 1977 607 2008 κακοῖσιν
633 1977 714 2007 Ant.
735 1972 814 2008 413.
846 1976 911 2008 Sed
937 1977 1081 2007 convicio
1107 1986 1133 2007 s.
1155 1978 1244 2007 vitu-

226 2022 396 2062 peratione
425 2021 564 2061 diynum
587 2026 621 2054 et
640 2022 834 2063 probrosum
867 2023 1035 2063 significat
1068 2021 1102 2055 αἱ
1137 2021 1164 2055 δ’
1196 2022 1244 2060 εἰς

228 2065 326 2114 ἀήθη
353 2065 498 2112 δώμαθ’,
532 2067 567 2102 αἱ
594 2063 621 2102 δ’
646 2067 814 2116 ἐπίρροθα
837 2067 1139 2115 (διεμπολώμεθα)
1165 2071 1240 2102 Ter.

230 2117 271 2147 fr.
293 2112 373 2155 517,
397 2113 435 2147 11
465 2116 506 2148 de
531 2118 759 2149 enubentibus
786 2118 983 2149 mulieribus
1001 2118 1140 2149 dictum.
1170 2118 1245 2149 Huc

230 2163 310 2194 facit
341 2163 385 2202 gl.
415 2163 574 2203 Hesycbii
609 2161 904 2210 ἐπιρρόθητα;
941 2162 1090 2210 ἐπίψογα
1130 2162 1245 2210 [ἐπίρ-

232 2206 336 2254 ροθατ
366 2207 545 2256 ἐπίρρητα,
575 2209 723 2257 ἐπίψογα
749 2213 794 2244 Μ.
816 2210 1009 2255 Schmidt.].
1040 2213 1122 2243 Nam
1149 2209 1246 2256 ἐπίρ-

252 2253 334 2291 οθον
351 2261 385 2288 et
402 2258 453 2289 illi
470 2262 504 2289 et
521 2258 643 2290 Suidae
662 2260 850 2299 explicatur
875 2257 1025 2305 ἰσχυρόν,
1047 2257 1241 2304 ἐπίκουρον,

231 2267 372 2350 βοηθόν,
391 2305 487 2345 quasi
505 2306 545 2337 ab
563 2303 792 2351 ἐπιρρώννυμι
809 2307 960 2338 ducatur.

301 2357 428 2408 Ἔπιρ
443 2363 636 2409 ρώννυμι
654 2365 758 2406 firmo.
787 2362 911 2402 κείνοις
937 2362 1015 2398 δείν’
1043 2362 1245 2410 ἐπερρώσθη

229 2407 339 2456 λέγειν
366 2410 421 2443 OC
439 2407 504 2444 661
533 2412 746 2452 impersonali
773 2413 901 2444 ratione
926 2413 1053 2444 dictum
1080 2418 1149 2443 est:
1180 2414 1246 2443 illis

229 2457 310 2488 adeo
336 2459 437 2489 crevit
461 2458 582 2499 fiducia
598 2462 635 2490 ut
652 2461 869 2491 minarentur.
901 2460 1144 2491 Attractionem
1164 2460 1248 2490 hanc

231 2505 393 2545 quomodo
412 2505 566 2538 Doederl.
587 2506 674 2538 dicat
691 2506 731 2538 ad
750 2517 780 2538 v.
803 2503 882 2546 657,
913 2517 979 2538 non
997 2507 1149 2547 dispicio.

300 2559 484 2610 Ἐπίσαγ
496 2576 553 2608 μα
569 2574 666 2604 onus,
685 2566 835 2597 molestia
846 2567 969 2606 ymnis,
991 2563 1097 2598 δεινόν
1115 2576 1151 2609 γε
1169 2563 1247 2598 τού-

233 2608 388 2656 πίσαγμα
411 2613 471 2644 τοῦ
497 2610 694 2657 νοσήματος
726 2613 785 2644 Ph.
809 2610 886 2644 755.
927 2611 1003 2657 [LA
1030 2617 1067 2644 ut
1092 2613 1246 2653 plerique

229 2656 474 2704 τούπείσαγμα,
504 2659 561 2690 sed
588 2668 629 2690 ex
655 2656 789 2692 τούπίσ.
819 2661 956 2700 factum,
985 2660 1073 2700 quod
1091 2661 1247 2691 librarius

230 2705 375 2737 scribere
392 2703 576 2750 coeperat]
602 2706 703 2738 schol.
732 2703 756 2751 ἡ
783 2704 969 2747 ἐπείσοδος,
998 2705 1020 2751 ή
1047 2703 1243 2752 προσθήκη,

233 2761 318 2792 quae
352 2753 530 2794 utriusque
571 2754 733 2793 scriptura
765 2754 944 2795 explicatio
979 2754 1085 2785 videri
1118 2758 1241 2795 potest,

235 2808 425 2841 quanquam
454 2798 645 2845 ἐπείσαγμα
669 2811 737 2832 rem
754 2800 987 2841 introductam,
1010 2810 1075 2832 non
1094 2800 1248 2832 introdu-

231 2848 369 2877 ctionem
385 2848 432 2878 rei
453 2847 641 2886 significare
659 2848 780 2888 potuit.
1043 2846 1075 2892 (Ι
1093 2858 1127 2889 p.
1149 2844 1250 2891 658.)

301 2901 524 2938 Ἐπισείω.
570 2903 808 2951 ἐπισειούσης;
838 2904 1148 2952 ἐπικελευομένης,
1178 2905 1246 2939 ἀπὸ

229 2955 298 2984 τῶν
322 2950 384 2989 τὰς
400 2950 500 2997 ἡνίας
525 2951 770 2999 ἐπιχαλῶντων
790 2950 830 2987 Σ.
849 2949 927 3001 Ἀχ.
959 2951 1064 2987 Συλλ.
1086 2953 1142 2997 (fr.
1167 2950 1250 2996 159)

232 2999 376 3037 Hesych.
401 3001 443 3031 cf.
467 2997 596 3033 ἐνσείω.

301 3053 558 3104 Ἐπίσημος
584 3059 734 3098 imiynis.
763 3056 845 3097 ἄναξ
872 3057 979 3104 μνῆμ’
1006 3057 1173 3104 ἐπίσημον
1193 3057 1248 3092 διὰ

230 3102 345 3149 χειρὸς
362 3102 452 3150 ἔχων
470 3106 560 3146 Ant..
577 3102 676 3138 1258.
708 3109 791 3151 μνῆ
803 3117 876 3150 μα,
907 3105 963 3140 τὸν
981 3104 1099 3151 νεκρόν
1119 3107 1219 3138 schol.

302 3159 392 3196 *¹⁸'E
406 3161 593 3208 πίσιγμα
635 3165 786 3196 irritatio.
831 3162 1093 3210 [ἐπιστίγμαται
1131 3163 1248 3199 ἐπικε-

235 3205 423 3251 λεύσματα.
441 3207 526 3255 Σοφ.
553 3207 682 3255 Ἀθαμ.
698 3210 754 3254 (fr.
770 3209 808 3254 8)
827 3210 1078 3256 ἐπισκάλματα.
1100 3213 1244 3252 Hesych.

231 3255 364 3287 videtur
388 3266 448 3297 per
481 3267 519 3289 στ
552 3259 714 3299 scriptum
740 3259 874 3296 legisse.
920 3259 985 3291 Sed
1013 3259 1112 3300 Soph.
1144 3261 1248 3291 forma

232 3299 400 3348 ἐπίσιγμα,
422 3313 520 3343 quam
540 3314 650 3336 vocem
670 3305 755 3336 idem
775 3305 856 3336 Hes.
871 3306 1017 3346 explicat
1043 3303 1249 3351 ἐπεγκέλευ-

232 3358 301 3391 σμα
317 3347 426 3389 κυσίν,
457 3361 538 3382 usus
557 3355 618 3390 est,
645 3353 673 3383 si
692 3356 780 3383 recte
798 3353 970 3394 praecepit
987 3353 1107 3384 Moeris
1125 3363 1157 3393 p.
1185 3350 1248 3384 157
1267 3389 1269 3393 ³

926 161 937 178 '
949 166 1199 222 Επιπόδιος
1228 196 1288 202 -
1312 164 1323 182 ’
1334 166 1598 223 Επίσκοπος

1263 1278 1266 1290 ⁴
1283 1265 1310 1312 γ’
1330 1265 1532 1312 ἐπισκήπτω
1551 1277 1587 1313 γε
1604 1265 1663 1300 καὶ
1681 1264 1940 1313 προστρέψομαι
1957 1265 2057 1300 1446.
2079 1265 2162 1312 ὑμῖν
2178 1266 2288 1359 κοινΞ

1984 179 2017 228 [1
2033 193 2067 225 p.
2084 179 2278 217 ear-65⁹

1286 286 1422 318 Ruhnk.
1444 296 1497 328 ap.
1515 287 1632 319 Valck.
1653 287 1695 319 ad
1712 287 1849 320 Theocr.
1871 285 1904 329 6,
1925 285 1984 321 29.
2003 289 2124 330 Bergk.
2144 291 2181 322 in
2199 256 2288 335 ΖΑέ

1288 329 1376 365 1835
1401 343 1434 374 p.
1457 329 1557 378 963]
1600 334 1662 366 Pro
1687 332 1929 379 ἐπισκάλματα
1960 346 2014 378 ap.
2041 337 2185 376 Hesych.
2212 337 2288 373 oon!

1285 377 1523 425 ἐπιστάλματα
1541 381 1658 422 Salm„
1680 379 1950 427 ἐπισκαλώματσ.
1965 384 2036 424 alii,
2050 384 2203 417 ‚Kusten
2225 377 2288 418 ἐπιί

1285 424 1524 473 σταλάγματα,
1554 426 1696 475 ἐπιστάγ
1726 439 1790 463 ατα
1815 431 1862 462 sic
1886 431 2093 472 explicatum
2120 441 2195 464 esse
2220 431 2288 474 cera

1284 485 1375 508 sens.
1397 475 1510 509 Scribo
1529 473 1690 509 ἐπισκα
1730 474 1918 521 εύματα,
1946 488 1965 509 a
1982 475 2187 512 σκαλεύω
2205 478 2288 525 πῦρῖ,

1284 523 1371 564 quod
1399 524 1440 556 ad
1469 522 1617 554 ardorem
1642 524 1853 556 incitandum
1879 525 2012 557 videtur
2042 527 2216 558 transferri
2242 522 2288 578 pq

1283 571 1390 602 tuisse
1408 574 1443 602 et
1459 570 1561 601 simul
1577 571 1792 612 aptissimum
1818 575 1870 603 est
1894 572 2051 604 Palmerii
2067 573 2207 606 invento
2225 571 2288 609 ἐπιί

1285 615 1431 663 σίγματα
1454 617 1664 658 explicando.
2280 610 2288 628 '¹

1353 670 1726 721 Ἔπισκέπτομαι
1758 679 1905 718 respicio.
1946 677 1974 711 ὦ
2000 675 2151 717 Θάνατε,
2183 680 2242 712 νῦν
2266 685 2288 743 ἢ

1285 721 1468 769 ἐπισκέψαι
1484 721 1600 768 μολών
1620 725 1672 756 Ai.
1691 721 1772 757 854.
2282 747 2288 772 2

1355 776 1627 827 Ἐπίσκηνος
1652 783 1736 824 quod
1761 787 1836 815 ante
1861 785 2038 816 tentorium
2055 784 2112 825 fit,
2142 785 2220 816 inde

1282 830 1394 862 blicas.
1425 823 1506 876 μηδ’
1524 828 1731 875 ἐπισκήνους
1748 829 1849 877 γόους
1869 829 1995 877 δάκρυε
2012 832 2067 864 Ai.
2083 828 2163 863 579.
2187 784 2288 920 Soliti

1284 881 1318 909 et
1350 877 1444 909 Suid.
1475 878 1558 909 mire
1586 889 1605 909 a
1629 879 1758 910 theatro
1779 878 1995 920 desumptum
2019 882 2163 920 putant,
2192 890 2256 926 μεγ
2286 915 2288 917 ,

1283 922 1365 957 λους
1389 922 1412 969 ἢ
1448 922 1632 969 ἀπρεπεῖς,
1670 923 1764 963 οἴους
1790 924 1845 959 ἐπὶ
1871 924 1914 971 τῇ
1937 924 2047 972 σκηνῇ
2072 918 2288 968 interpretari

1284 976 1345 1003 tes.
1376 972 1512 1050 Igessius
1539 973 1634 1004 Eust.
1663 983 1696 1013 p.
1721 969 1822 1013 1129,
1844 969 1900 1005 43.
1934 970 2035 1014 1185,
2063 970 2120 1006 36.
2151 973 2202 1006 cf.
2222 969 2288 1048 Aa}

1284 1020 1343 1059 tig.
1369 1017 1411 1050 1.,
1463 1044 1469 1050 .
2278 1024 2280 1026 ’

1353 1074 1544 1123 Ἐπισκή
1557 1089 1657 1111 πτω.
1708 1078 1862 1109 Acunum
1895 1080 2029 1120 proprie
2063 1089 2130 1111 non
2163 1070 2288 1121 dicitufl

1285 1126 1416 1156 Tralate
1434 1131 1486 1157 est
1505 1127 1681 1165 imponere,
1703 1127 1884 1165 iniunyere,
1913 1127 1954 1158 de
1972 1127 2063 1158 iusso
2087 1130 2122 1158 et
2146 1127 2267 1158 manda

1283 1170 1399 1216 [saepe
1423 1173 1464 1204 de
1489 1173 1712 1204 morientibus
1738 1183 1768 1203 v.
1793 1173 1930 1205 Koechl.
1960 1174 2000 1205 ad
2018 1174 2100 1205 Eur.
2124 1174 2180 1205 lT.
2202 1170 2268 1206 701

1285 1217 1366 1264 ὑμῖν
1383 1222 1492 1253 ταῦτα
1521 1213 1617 1253 πάντ’
1644 1218 1845 1265 ἐπισκήπτω
1862 1218 1973 1253 τελεῖν
1998 1221 2056 1253 OR
2072 1218 2152 1253 252.
2173 1220 2231 1254 καὶ
2248 1230 2267 1254 σ

1283 1308 1377 1359 τήνδ’
1396 1312 1598 1359 ἐπισκήπτω
1616 1312 1717 1361 χάριν
1736 1315 1790 1347 Ai.
1813 1312 1892 1347 566.
1923 1315 2016 1347 Suid.
2038 1326 2069 1346 v.
2093 1313 2246 1361 ἐπισκήῴ

1285 1361 1523 1407 σημειώσομαι
1536 1387 1543 1401 ,
1582 1359 1754 1406 ἐπιστήσω
1786 1359 1843 1396 τὸν
1876 1364 1968 1395 νοῦν.
2006 1362 2074 1394 Gur
2089 1360 2190 1408 χάριν
2204 1388 2212 1403 ,
2233 1372 2282 1403 n,

1285 1406 1428 1454 ἐντολήν
1454 1414 1552 1450 poeta
1569 1409 1715 1449 dixerit,
1744 1410 1830 1441 bene
1848 1410 1989 1451 exponit
2006 1410 2107 1442 schol.
2130 1410 2198 1441 Pal.
2219 1420 2282 1450 rof.

1284 1453 1355 1489 αὔτ’
1382 1454 1635 1502 ἐπισκήψαντος
1655 1457 1709 1488 Tr.
1731 1453 1810 1488 803.
1832 1454 2037 1502 κάπέσκηψε
2055 1454 2161 1502 εἷρξαι
2178 1452 2248 1490 Ata
2273 1456 2278 1500 J

1284 1501 1349 1537 ὑπὸ
1377 1505 1535 1549 σκηναῖσι
1560 1504 1613 1535 Αἰ.
1636 1500 1716 1535 752.
1753 1503 1837 1535 Cum
1863 1504 1967 1545 igitur
1990 1514 2019 1535 c.
2047 1504 2109 1536 inf.
2139 1508 2197 1536 aut
2222 1514 2275 1536 ca

1284 1555 1401 1592 quarto
1421 1551 1487 1591 rei,
1518 1552 1616 1582 tertio
1634 1561 1795 1591 personae
1814 1552 1879 1583 dici
1898 1551 2012 1591 soleat,
2034 1561 2134 1592 quem
2152 1560 2252 1591 agnos
2260 1564 2276 1590 ι,

1285 1599 1341 1630 Gr.
1364 1599 1469 1629 Bekk.
1491 1608 1524 1639 p.
1545 1595 1621 1638 139,
1641 1594 1700 1639 29,
1722 1598 1908 1630 solitarium
1925 1602 1978 1629 est
1993 1608 2070 1630 cum
2087 1602 2204 1640 quarto

1285 1655 1446 1686 personae
1461 1646 1587 1676 dictum
1601 1657 1607 1676 z
1626 1647 1790 1679 τοσοῦτον
1804 1643 1847 1690 δή
1862 1643 1889 1677 0³
1907 1643 2110 1690 ἐπισκήπτω
2125 1645 2179 1677 Τι·.
2197 1641 2286 1686 122·

1285 1693 1448 1724 Firmavit
1466 1693 1526 1724 hoc
1542 1692 1688 1724 Brunck.
1710 1694 1751 1724 ad
1769 1693 1828 1724 Ph.
1851 1690 1919 1724 772
1941 1693 2097 1734 exemplo
2115 1692 2235 1734 Eurip.

1286 1737 1366 1772 701.
1397 1740 1458 1771 Est
1474 1740 1566 1771 euim
1584 1737 1673 1772 κατὰ
1689 1738 1728 1773 τὸ
1750 1738 1999 1786 σημαινόμενον
2018 1740 2065 1772 ita
2082 1740 2222 1780 dictum,
2242 1748 2265 1782 p

1286 1786 1479 1833 ἐπαρῶμαι,
1517 1784 1813 1832 ἐπιμαρτύρομαι,
1850 1797 1992 1828 quorum
2010 1787 2114 1819 altero
2130 1787 2171 1819 ad
2188 1796 2254 1828 exp
2280 1815 2281 1818 ,

1285 1835 1428 1867 candum
1446 1835 1585 1866 verbum
1605 1835 1750 1873 Hesych.
1771 1835 1890 1866 utitur.
1913 1853 1954 1859 —-
1977 1833 2160 1866 Passivum.
2191 1830 2282 1875 miri(

1286 1881 1370 1926 πρὸς
1401 1884 1465 1927 τῆς
1498 1878 1671 1927 θανούσης
1701 1875 1799 1926 τῆσδ’
1833 1880 2053 1927 ἐπεσκήπτου
2083 1879 2198 1926 μόρων
2226 1895 2229 1899 ·
2255 1894 2269 1909 ι’

1290 1926 1390 1962 1313.
1421 1928 1645 1969 affirmabam-is
1670 1930 1802 1968 culpam
1820 1928 1942 1960 habere.
1979 1929 2120 1970 Propter
2137 1929 2256 1960 eiusm

1289 1977 1445 2017 exempla
1462 1977 1599 2016 factum,
1621 1981 1658 2007 ut
1675 1976 1859 2007 lexieorum
1876 1976 2063 2008 conditores
2083 1973 2206 2019 ἐπισκή
2245 1992 2272 2006 -ι,

1292 2024 1502 2065 explicarent
1518 2019 1728 2069 μέμφεσθαι,
1747 2021 1916 2067 ἐπιτιμᾶν.
1937 2023 2078 2054 Minime
2095 2023 2247 2055 consider
2263 2041 2266 2045 Δ
2282 2029 2284 2032 ’

1281 2073 1438 2103 Ammon.
1469 2081 1501 2111 p.
1524 2068 1581 2102 55.
1612 2068 1832 2114 ἐπισκήπτειν
1853 2071 1982 2111 verbis,
2017 2067 2203 2103 ἐπιστεῖλαι
2220 2079 2272 2102 so

1283 2123 1340 2159 pto
1361 2118 1432 2149 lieri
1452 2118 1507 2149 ait.

1353 2171 1536 2210 Ἐπισκῖ
1550 2175 1637 2215 άζω
1679 2177 1796 2208 tralate
1829 2177 1965 2207 occulto.
2011 2173 2177 2221 λαθραῖον
2217 2163 2286 2220 ὅμ

1284 2222 1534 2268 ἐπεσκίασμὲνη
1568 2220 1749 2269 ’φρούρουν
1776 2224 1831 2255 Tr.
1853 2220 1932 2254 914.
1963 2224 2014 2254 Ex
2033 2224 2161 2255 occulto
2178 2232 2268 2263 spe

1282 2273 1427 2311 labatur,
1466 2272 1544 2303 inde
1571 2269 1685 2315 ὄμμαι
1722 2271 1806 2302 rnale
1834 2267 2158 2316 περικεκαλυμμένη
2193 2270 2287 2312 sehr),

1282 2320 1440 2360 explicat.
2097 2315 2126 2360 (1
2144 2327 2177 2358 p.
2199 2314 2285 2364 65⁵,

1353 2371 1588 2413 Ἐπίσκιος
1607 2377 1812 2408 obumbrans.
1843 2374 2007 2421 ὀμμάτων
2033 2373 2184 2409 ἐπίσκιον
2209 2379 2281 2422 zei

1283 2422 1470 2470 ἀντέχοντα
1488 2422 1612 2469 κρατός
1628 2424 1683 2455 OG
1700 2420 1796 2455 1650.
1818 2421 1865 2467 [v.
1882 2424 1962 2455 ch.
1983 2423 2019 2454 in
2038 2423 2184 2464 append.
2205 2423 2282 2461 cri*-

1352 2477 1638 2516 Ἐπισκοπὲω
1664 2484 1820 2522 inspicio:
1847 2483 1926 2514 inde
1943 2483 2108 2522 explorate
2125 2491 2286 2522 coynoo

1282 2530 1345 2575 τὴν
1370 2528 1566 2562 τελευταίαν
1601 2527 1683 2562 ἰδεῖν
1709 2525 1772 2573 [sic
1789 2530 1878 2570 libri,
1906 2529 2017 2575 χρεὼν
2036 2526 2138 2573 ch.]
2163 2525 2280 2572 ημ.έι·,’4

1284 2576 1537 2611 ἐπισκοποῦντα
1555 2577 1613 2608 0ss
1634 2573 1721 2608 1529
1740 2578 1780 2607 cf.
1799 2577 1914 2608 Herm.
1932 2594 1972 2600 ——
1992 2575 2170 2607 considero.
2190 2573 2222 2608 τί
2245 2592 2278 2610 ⁴5

1285 2622 1484 2657 ἐπισκοπῶν
1502 2623 1645 2663 nivem,
1670 2623 1722 2654 El.
1748 2621 1846 2655 1184.
1870 2624 1963 2656 Suid.
1986 2625 2008 2655 i.
2024 2634 2054 2654 v.
2077 2621 2238 2656 ἐπισκοπ
2268 2625 2282 2661 ὲ

1283 2669 1458 2716 καθορῶν.
1484 2689 1522 2694 -
1550 2672 1600 2702 De
1620 2671 1745 2702 Baccho
1764 2671 1824 2702 deo
1842 2671 2077 2702 Thebanorum
2095 2669 2247 2711 populari
2265 2670 2280 2706 ζ’

1285 2719 1419 2750 tutelari
1445 2722 1496 2749 est
1522 2715 1675 2763 Θηβαΐας
1702 2715 1941 2750 ἐπισκοποῦντ’
1965 2714 2084 2762 ἀγυιάς
2103 2717 2183 2748 Ant.

1284 2767 1335 2798 ch.
1359 2767 1400 2797 V.
1423 2766 1519 2797 Eust.
1544 2775 1576 2806 p.
1599 2762 1679 2804 601,
1701 2762 1756 2797 36.
2272 2761 2287 2777 '¹'

1354 2830 1640 2869 Ἐπίσκοπος.
1670 2836 1884 2867 Substantive
1910 2838 2028 2874 custos,
2056 2837 2199 2871 curator,

1285 2884 1419 2915 culatcr.
1462 2880 1590 2928 νυχίων
1623 2880 1831 2928 φθεγμάτων
1865 2880 2028 2914 ἐπίσκοπε
2072 2882 2153 2913 Ant.
2193 2877 2231 2912 11
2268 2916 2270 2918 .

1285 2931 1433 2962 Bacchus
1450 2931 1584 2969 dicitur,
1614 2931 1700 2969 quod
1719 2939 1761 2960 ex
1780 2930 1860 2959 Eur.
1883 2929 2001 2959 Bacch.
2027 2925 2091 2959 159
2117 2928 2248 2959 illustra

1285 2978 1409 3018 Musgr.
1433 2980 1494 3022 σῆς
1514 2974 1612 3022 ἕδρας
1639 2974 1885 3009 ἐπίσκοποιΟβ1
1900 2972 1965 3006 112
1989 2976 2215 3015 speculatores.
2234 2983 2264 3019 e⁴

1285 3022 1419 3068 ἑτοῖμοι
1444 3026 1505 3056 τοῦ
1530 3025 1651 3067 νεκροῦ
1669 3021 1698 3068 γ’
1723 3021 1905 3055 ἐπίσκοποι
1923 3023 2004 3053 Ant.
2025 3019 2105 3053 217.
2130 3038 2170 3044 --
2190 3019 2254 3052 Adi
2273 3025 2282 3067 .'

1285 3073 1370 3103 ctive
1397 3072 1542 3102 dictum:
1572 3067 1724 3116 Τεύκρου
1751 3068 1899 3113 βοῶντος
1924 3067 2010 3114 άτης
2035 3066 2130 3112 τῆσδ’
2157 3065 2232 3100 ἐπὶσ
2284 3108 2285 3111 ¹

1285 3129 1348 3151 πον
1376 3116 1480 3162 μέλος
1508 3118 1560 3149 Ai.
1579 3115 1659 3150 976.
1689 3115 1795 3160 [Bene
1814 3117 1854 3147 de
1881 3116 1911 3146 h.
1936 3117 1956 3146 Ι.
1980 3115 2114 3147 Kvicala
2133 3114 2218 3146 ZOG
2238 3100 2254 3144 1

1285 3163 1384 3209 406]
1427 3166 1497 3196 Non
1524 3166 1662 3205 quadrat
1688 3165 1752 3194 huc
1778 3163 1936 3202 Hesychii
1963 3163 2006 3202 gl.
2038 3160 2224 3194 azimam:
2270 3199 2277 3204 .,

1285 3210 1497 3258 τυγγοίνοντα
1522 3213 1581 3244 τοῦ
1610 3213 1750 3244 σκοποῦ.
1781 3210 1883 3241 schol.
1907 3207 2127 3253 σημαντικόν,
2158 3203 2288 3253 ἔφοροΫ.

1286 3251 1581 3304 οὐγ”ήμαρτηκὸς
1608 3260 1671 3302 τῆς
1700 3258 1895 3302 συμφορᾶς,
1925 3253 1999 3289 ἀλλ’
2030 3252 2288 3301 ἐστοχασμένονζ

1286 3299 1502 3337 Hei-mannus
1530 3302 1772 3349 ἐπιμελήτικόν
1799 3304 1944 3344 explicat
1969 3307 2003 3333 et
2029 3303 2082 3333 hic
2114 3306 2147 3333 et
2173 3293 2288 3337 Aeso&-

1286 3352 1387 3383 Eum.
1408 3349 1489 3384 906.
1519 3350 1642 3396 ἔφορον
1669 3352 1864 3383 scholiastae
1884 3350 1987 3388 magis
2006 3350 2115 3389 probo,
2143 3347 2181 3381 τὸ
2206 3344 2288 3392 dewi-I

230 3393 381 3436 ἐπισίξας
398 3393 566 3431 Ἀττικοί·
588 3391 948 3444 ἐπιστίξαςἝλληνες.
983 3401 1025 3432 cf.
1048 3397 1243 3432 ἐπισίττειν;
1287 3403 1354 3444 ρῶν
1373 3397 1475 3443 πρός,
1505 3400 1688 3438 respiciens,
1718 3399 1749 3429 id
1768 3402 1819 3428 est
1845 3397 2059 3428 conveniens.
2089 3390 2288 3438 ἐπιτήὸεωξ,

231 3447 461 3489 κυνηγετικῶς
498 3447 678 3493 παρορμᾶν
714 3446 856 3485 Hcysch.
889 3447 967 3478 Lob.
998 3447 1103 3478 rhem.
1127 3442 1182 3478 99.
1214 3457 1244 3478 v.
1267 3444 1446 3492 Ισυνῳδός,
1478 3449 1515 3478 ut
1536 3447 1611 3478 Lob.
1632 3463 1675 3468 -——
1704 3445 1830 3477 Iniuria
1856 3444 1988 3486 quidam
2017 3443 2179 3475 acutiores
2197 3438 2288 3494 quq!
