2288 3600
272 115 366 164 112

1041 104 1052 122 '
1063 108 1299 178 Αφίλητος
1326 139 1388 150 --
1411 107 1585 179 Ἀφυής

2017 119 2049 168 [1
2063 132 2100 166 p.
2115 118 2288 158 ατο-σεε

267 234 334 262 tam
347 229 492 270 simplici
509 237 575 262 non
589 230 699 270 planet
716 230 835 260 formas
853 229 1034 269 separatim
1046 229 1176 260 afferre.
1198 238 1223 260 π
1246 226 1283 262 ός
1319 225 1387 273 μᾷς
1412 229 1534 273 πεῖραν
1566 228 1622 259 Ai.
1642 223 1724 260 290.
1760 227 1856 261 Suid.
1885 238 1917 260 V.
1946 229 2066 274 πεῖραν
2091 230 2127 260 et
2148 226 2288 275 χρήματ

267 271 295 310 σ’
320 275 423 313 ἱκέτις
447 274 595 322 ἀφῖγμαι
613 276 670 308 OB
687 271 767 307 920.
790 273 869 309 ὅτου
895 269 1035 322 χρῄζων
1061 273 1180 319 ἀφῖξαι
1198 271 1218 306 9
1244 272 1277 307 2.
1318 274 1460 313 Quidam
1476 275 1554 307 libri
1579 272 1795 321 ἐφορμᾷς,
1824 275 1994 308 Brunckio
2017 276 2204 316 probatum.
2233 276 2288 308 Pri

265 323 305 357 τὸ
331 324 389 357 σὸν
415 317 443 356 δ’
476 322 620 368 ἀφῖκται
645 320 731 368 δεῦρ’
768 320 962 368 ὑπόβλητον
996 320 1106 367 στόμα
1123 322 1178 354 OC
1197 319 1276 354 794.
1317 325 1431 353 autem
1455 323 1490 353 in
1515 326 1678 354 nocturno
1702 323 1815 354 Aiacis
1840 323 1936 354 exitu
1960 323 2084 364 aptius.
2115 340 2157 347 —
2182 323 2288 356 Medii

267 372 361 404 Suid.
389 382 421 403 V.
451 368 657 417 ὑπόβλητον.
684 370 777 407 τίνας
802 370 939 417 χώρους
961 366 1138 415 ἀφίγμεθα
1170 369 1225 401 OC
1243 366 1276 401 2.
1314 369 1513 411 proficiscor.
1543 366 1616 403 οἷον
1641 362 1694 415 ἆρ’
1719 367 1801 404 ὁδοῦ
1818 367 1918 407 τέλος
1935 362 2087 451 Ἀρέους
2104 366 2288 423 ἀφωρμήθ

269 417 384 464 ἱκέτης
408 416 595 464 ἀφιγμένος
613 415 692 450 634.
714 415 747 451 τί
772 415 859 464 δῆτα
875 419 934 450 νῦν
959 415 981 450 ἀ
1011 414 1146 462 ιγμένος
1163 419 1277 462 κυρῶ;

269 463 371 498 1308.
391 468 464 502 τοῖς
490 463 690 512 ἀφιγμένοις
713 464 820 506 ξένοις
846 465 907 496 Ph.
929 461 970 496 31
1002 489 1008 496 .
1031 462 1123 509 παρὰ
1146 461 1237 497 τίνος
1254 458 1282 496 δ’

268 510 473 559 ἀφιγμένος;
503 513 561 545 OR
578 510 658 545 935.
681 531 722 537 —-
741 510 815 546 ἐπεὶ
844 505 872 544 δ’
905 509 1032 557 ἀφῖκτο
1064 522 1084 544 τ
1110 522 1128 543 ν
1152 521 1281 557 καταρ-

268 559 396 607 ροίκτην
436 558 492 593 ὃόν
511 556 681 592 001590.
698 578 738 584 -
759 559 787 593 ὦ
806 553 943 605 φθέγμ’,
964 556 1068 604 ἀφίκο
1109 559 1161 590 El.
1177 555 1278 591 1225.

267 608 402 640 Orestes
451 609 521 639 nim
551 608 769 647 significatur.
813 604 872 639 καὶ
907 605 976 651 μὴν
1013 604 1161 650 μάλιστα
1191 599 1282 639 τοῦτ’

268 653 444 702 ἀφικόμην
462 654 520 686 OR
540 652 642 686 1005.
665 653 742 688 ὅσον
766 647 851 700 λῆμ’
868 651 960 700 ἔχων
986 651 1111 700 ἀφίκου
1138 652 1194 685 OG
1212 650 1281 685 877

267 703 319 734 ch.
342 700 414 736 ὅσοι
438 699 467 736 Τ
490 699 563 735 οίαν
589 698 808 747 ἀφικόμεσθα
830 701 885 732 Ai.
911 698 1011 733 1341.
1033 694 1181 746 ἀφίκοιτ’
1198 698 1281 745 ἀφί-

266 761 362 783 κοιτο
381 750 436 782 Tr.
483 747 527 781 55
541 749 593 781 ch.
608 761 616 790 ς
645 750 731 790 quod
751 750 888 780 fortasse
905 748 1063 779 redeundi
1080 749 1148 779 vim
1166 748 1277 789 habet,

267 798 308 829 de
334 807 399 838 qua
423 798 538 829 dixere
564 797 703 829 Seidler.
733 797 773 828 ad
790 796 873 827 Eur.
902 796 1025 827 Electr.
1048 791 1069 826 6
1096 799 1130 826 et
1153 795 1277 827 Heind.

267 845 307 876 ad
324 845 408 876 Piat.
429 845 559 884 Protag.
576 854 611 885 p.
631 841 710 875 462.
734 862 775 867 —
795 840 950 887 ἀφίξεται
967 840 1076 889 ταχύς
1093 842 1147 874 OC
1166 839 1235 874 307
1252 842 1265 884 ΙΙ

268 892 424 932 Figurate
458 893 587 924 dictum
616 893 784 932 pervenire
816 891 855 922 ad
885 892 987 921 finem
1010 890 1063 921 vel
1096 891 1280 921 terminum

268 940 452 980 significat,
487 939 568 970 inde
591 943 626 970 et
656 939 697 970 de
730 948 764 970 re
787 937 879 978 facta
904 938 957 968 vel
982 940 1100 968 eventu
1124 938 1281 968 universe

268 988 406 1018 dictum.
434 985 551 1034 χῶταν
578 984 625 1022 εἰς
647 983 746 1023 τέλος
768 986 830 1017 τοῦ
855 983 916 1030 ζῆν
942 982 1070 1031 ἀφικνῇ
1099 983 1155 1016 OG
1176 980 1276 1016 1531.

269 1034 324 1066 Sic
339 1034 443 1066 Dind.
464 1043 507 1065 ex
525 1033 598 1064 Par.
620 1037 654 1064 et
671 1033 761 1064 Ricc.
777 1045 783 1064 z
815 1033 874 1063 LA
891 1042 967 1063 cum
985 1041 1203 1063 numerorum
1220 1032 1279 1063 de-

268 1083 426 1113 trimento
443 1078 563 1127 ἀφίκῃ.
593 1079 640 1116 ὡς
666 1079 749 1125 πρὸς
765 1077 864 1112 τέλος
880 1077 970 1125 γόων
988 1076 1154 1124 ἀφίκοντο
1175 1075 1276 1110 1621.

267 1126 354 1162 κάπὶ
376 1122 472 1174 τέρμ’
498 1126 520 1161 ἀ
550 1125 640 1161 ίκετο
666 1128 721 1159 Ai.
750 1125 796 1159 48
819 1136 887 1158 rem
905 1126 1056 1166 perfecit.
1083 1124 1168 1159 κάπὶ
1185 1120 1282 1159 πάντ’

268 1174 434 1222 ἀφίξομαι
449 1175 507 1206 OR
555 1172 611 1206 65.
645 1174 722 1216 [πᾶν
741 1175 868 1206 Nauck.
897 1174 938 1205 cl.
968 1174 1051 1204 Eur.
1072 1174 1177 1215 Hipp.
1197 1171 1278 1215 284]

271 1233 300 1255 v.
317 1225 396 1260 πᾶς.
418 1221 500 1256 ἰδεῖν
514 1216 631 1268 κηλῖὸ’
647 1220 790 1266 ἐμαυτῶ
800 1222 978 1267 συμφορᾶς
990 1219 1139 1267 ἀφιγμέν
1166 1232 1183 1253 ν
1198 1218 1278 1253 833.

268 1268 418 1304 θανάτου
434 1263 525 1303 τοῦτ’
542 1268 715 1316 ἐγγυτάτω
732 1255 858 1306 τούπος
876 1266 1021 1313 ἀφῖκται
1044 1269 1125 1300 Ant.
1171 1265 1217 1300 34
1233 1278 1278 1299 m.

338 1333 434 1387 Ἀφί
448 1338 580 1387 λητος
601 1349 670 1372 non
686 1339 833 1371 dilectus.
863 1337 942 1373 οὐδὲ
967 1337 1032 1386 γὰρ
1049 1337 1096 1372 ὢν
1114 1336 1283 1385 ἀφίλητος

268 1386 348 1434 ἐμοί
364 1399 447 1422 ποτε
462 1387 617 1435 κυρήσῃς
643 1387 698 1420 OC
719 1384 808 1419 1702
827 1397 870 1418 m.
892 1398 924 1418 v.
945 1386 1022 1434 γάρ.

332 1439 439 1494 ’Ἃφῖ
451 1444 537 1480 λος.
565 1447 616 1478 De
634 1446 768 1478 homine
787 1448 892 1477 amico
909 1456 1033 1478 curem.
1053 1443 1177 1491 ἄφιλος
1195 1442 1283 1479 αύα-

267 1498 316 1528 νῶ
334 1492 407 1540 βίον
424 1495 477 1526 El.
491 1491 571 1527 819.
594 1491 723 1540 ἔρημον
741 1491 808 1526 ὦδε
822 1491 969 1540 κᾶφιλον
988 1494 1049 1525 Ph.
1071 1490 1152 1525 228.
1173 1490 1283 1539 πρού-

269 1539 377 1588 βοίλου
403 1539 545 1588 ἄφιλον,
574 1539 722 1586 ἔρημον,
749 1538 871 1574 ἄπολιν
900 1538 1000 1573 1018.
1029 1537 1133 1578 ἄθεος
1158 1538 1282 1586 ἄφιλος

269 1587 413 1635 ὀλοίμαν
437 1589 495 1621 OR
511 1585 578 1622 663
597 1589 649 1620 ch.
676 1585 868 1622 ἄκλαυστος
891 1586 1015 1633 ἄφιλος
1036 1586 1165 1634 ἄγομαι
1197 1588 1277 1619 Ant.

267 1633 337 1668 876
347 1647 391 1668 m.
407 1635 451 1670 τὰ
463 1635 540 1682 πρὶν
557 1633 639 1682 ἔργα
655 1633 762 1682 ἄφιλα
779 1630 856 1682 παρ’
874 1633 1010 1682 ἀφίλοις
1026 1632 1215 1681 Ἀτρείδαις
1224 1636 1279 1666 Ai.

269 1680 337 1715 620
355 1684 406 1716 ch.
428 1684 517 1725 apud
533 1684 668 1716 Atridas
686 1687 716 1715 te
735 1685 839 1714 amico
857 1687 1019 1723 carentes,
1039 1684 1063 1714 i.
1085 1692 1115 1714 e.
1137 1684 1283 1722 inymtos

269 1732 338 1763 tibi.
359 1731 460 1772 Apud
471 1731 566 1764 Suid.
579 1742 611 1763 v.
631 1729 674 1764 τὰ
691 1728 728 1763 δὲ
746 1728 823 1776 πρίν
841 1731 965 1771 legitur
982 1728 1099 1776 παρὰ
1117 1728 1278 1776 φίλοις,

269 1789 369 1820 quam
393 1780 611 1820 scripturam,
637 1779 702 1809 etsi
726 1778 939 1819 ineptissima
962 1782 1025 1819 est,
1053 1778 1153 1809 etiam
1177 1777 1279 1809 schol.

270 1827 364 1858 Rom.
386 1830 628 1858 commemorat.
651 1843 692 1849 —-
712 1826 764 1856 De
781 1835 816 1857 re
835 1827 996 1866 inyratus.
1026 1822 1043 1857 ὅ
1060 1835 1092 1858 τι
1108 1823 1166 1858 καὶ
1185 1822 1282 1861 πόλις

269 1871 328 1907 τέτ
350 1884 431 1920 οφεν
449 1870 572 1919 ἄφιλον
590 1871 792 1918 ἀποστυγεῖν
811 1872 866 1905 OC
886 1869 952 1905 186
966 1883 1010 1904 m.
1032 1875 1140 1918 γῆρας
1158 1869 1282 1919 ἄφιλον

272 1884 362 1953 123ρ7
371 1921 422 1952 ch.
438 1920 523 1962 quod
541 1920 741 1953 amatoribus
758 1923 856 1961 caret,
877 1921 900 1953 i.
913 1931 942 1952 e.
960 1923 1128 1960 acceptum
1143 1921 1279 1951 nemini.

269 1969 356 2000 Male
374 1968 472 2000 Eust.
492 1978 526 2009 p.
548 1964 628 2008 790,
649 1964 713 1999 62:
743 1967 790 2000 ὧν
816 1965 968 2011 (κακῶν)
993 1965 1028 2000 ἓν
1051 1965 1143 2012 λέγει
1164 1965 1223 2000 καὶ
1244 1965 1284 2000 τὸ

270 2013 336 2049 ὑπὸ
360 2019 430 2048 τῶν
455 2012 590 2048 οἰκείων
609 2012 813 2059 ἀμελεῖσθαι
835 2013 893 2048 τὸν
918 2014 1078 2061 γέροντα;
1107 2015 1143 2045 in
1161 2015 1284 2055 quibus

270 2064 381 2095 verbis
405 2059 608 2107 ἀμελεῖσθαι
626 2062 846 2103 Sophocleum
871 2060 926 2096 ἀπ
938 2074 955 2108 ρ
967 2073 984 2095 0
996 2059 1039 2095 σό
1051 2074 1076 2107 μ
1087 2072 1096 2094 ι
1106 2059 1127 2094 λ
1137 2073 1154 2095 ο
1164 2072 1181 2094 ν
1206 2071 1284 2102 spe-

271 2114 349 2151 ctat,
386 2108 508 2144 οίκεῖοι
536 2113 668 2150 autem,
702 2107 875 2156 ἄφιλον.
905 2128 946 2133 -
975 2108 1057 2155 ἔργα
1085 2106 1107 2142 ἄ
1137 2107 1192 2142 ιλα
1224 2110 1280 2141 Ai.

270 2154 339 2190 620
356 2158 408 2190 ch.
988 2157 1021 2202 (1
1037 2166 1070 2197 p.
1091 2153 1113 2188 2
1140 2153 1160 2188 9
1179 2154 1286 2200 extr.)

339 2210 585 2263 Ἀφίστημι.
614 2215 689 2248 Sola
705 2216 864 2256 leguntur
896 2226 960 2247 aor.
981 2212 1015 2247 2.
1044 2220 1079 2247 et
1097 2216 1285 2256 perfectum

270 2264 458 2304 praesentis
475 2263 718 2303 significatione
736 2263 922 2295 discedendi
947 2262 1100 2295 alicunde
1117 2263 1171 2294 vel
1195 2263 1286 2294 dese-

269 2311 365 2343 rendi
381 2311 533 2352 praedita
548 2313 726 2352 potestate.
753 2314 892 2355 μαστῶν
909 2308 1061 2347 ἀποστὰς
1078 2308 1137 2343 καὶ
1153 2313 1286 2356 τροφῆς

273 2358 325 2389 El.
339 2355 419 2390 776.
439 2351 537 2403 τῆσδ’
554 2355 746 2403 ἀποστῆναι
763 2355 885 2404 στέγης
902 2354 983 2391 912.
1008 2358 1088 2390 Sine
1106 2367 1202 2389 casu:
1222 2355 1286 2391 ἄν-

271 2403 423 2452 θρωπος,
453 2405 482 2439 ὦ
506 2399 666 2446 δέσποιν’,
687 2403 872 2450 ἀποστήτω
899 2405 955 2437 Tr.
976 2402 1057 2437 434.
1095 2405 1227 2436 Tralate
1254 2415 1281 2437 c.

271 2455 376 2492 genit.
393 2465 399 2484 :
429 2454 524 2499 σιγᾶν
540 2449 673 2486 κελεύω
691 2446 772 2498 μηδ’
789 2450 976 2499 ἀφεστάναι
993 2455 1123 2499 φρενῶν
1141 2452 1202 2484 Ph.
1216 2449 1284 2484 865

272 2502 383 2532 animo
400 2500 565 2532 attendere
582 2499 687 2531 iubeo.

340 2553 520 2606 Ἀφνεός
564 2557 670 2600 [Ourt.
690 2559 745 2590 Et.
765 2554 849 2603 447]
883 2558 1067 2598 opulentus.
1110 2555 1132 2591 ἀ
1160 2555 1287 2592 νεωτέ-

273 2617 346 2652 ραις
369 2605 485 2653 χερσίν
518 2607 571 2637 ΕΙ.
591 2603 673 2637 457.
709 2605 808 2637 Eust.
836 2615 871 2646 p.
891 2602 973 2646 623,
1000 2602 1056 2638 60.
1095 2603 1137 2637 17
1163 2603 1197 2647 9,
1225 2602 1282 2638 53.

274 2654 343 2685 Nec
358 2658 473 2685 tamen
490 2655 598 2695 priore
615 2653 673 2685 illa
689 2653 929 2694 disputatione,
958 2653 1046 2694 quod
1062 2654 1129 2694 ipsi
1146 2653 1283 2685 videba-

273 2706 340 2742 tur,
359 2702 472 2742 ipsum
490 2710 622 2742 quoque
641 2697 800 2747 ἀφνεός
816 2700 942 2732 dictum
961 2709 1035 2731 esse
1053 2701 1219 2741 efficitur,
1248 2701 1284 2731 in

273 2758 373 2789 quam
404 2757 476 2779 rem
507 2748 630 2779 melius
655 2748 858 2787 Aeschylum
892 2751 1060 2779 auctorem
1093 2749 1280 2779 attulisset:

273 2796 397 2827 diserte
430 2796 531 2826 etiam
563 2798 706 2826 testatur
731 2795 796 2826 EM
819 2805 852 2836 p.
886 2792 964 2835 178,
995 2792 1051 2826 15.
1081 2812 1122 2818 -
1157 2796 1287 2836 Aspero

274 2843 396 2883 spiritu
414 2843 520 2874 notari
537 2842 618 2873 dicit
635 2841 737 2873 Phav.
758 2852 792 2883 p.
814 2839 878 2874 131
897 2842 1023 2882 Dind.·;
1054 2842 1111 2874 sed
1129 2851 1194 2874 non
1212 2851 1284 2873 me-

274 2893 378 2921 morat
394 2890 482 2920 intra
499 2898 615 2930 aspera
631 2886 701 2928 λέὲ.
721 2899 757 2921 π.
778 2899 901 2934 πνευμ.
920 2898 955 2930 p.
976 2885 1056 2921 213.

344 2941 561 2994 Ἀφόβητο
573 2954 590 2980 ς
619 2957 688 2979 mm
702 2951 860 2980 metuens.
897 2943 1003 2981 Δίκας
1031 2945 1206 2994 ἀφόβητος
1230 2947 1288 2979 OR

274 2991 350 3074 {233
361 2996 412 3026 ch.
442 2995 516 3026 Non
533 2999 585 3026 est
601 2996 708 3027 active
726 2995 871 3034 dictum;
905 2997 1156 3035 imperterritum
1179 2996 1286 3034 signi-

338 3093 532 3147 ’Ἄφοβος
549 3100 563 3143 ΙΙ
579 3103 667 3132 metu
684 3109 806 3132 carens.
834 3098 892 3134 τὸν
917 3098 1048 3147 ἄφοβον
1073 3097 1212 3146 στρατόν
1231 3099 1287 3132 OC

277 3144 379 3180 1325.
401 3148 415 3190 ΙΙ
432 3145 467 3181 ἐν
493 3145 637 3194 ἀφόβοις
653 3145 756 3194 θηρσί
781 3148 836 3179 Ai.
857 3144 925 3179 366
943 3158 987 3179 m.
1015 3148 1151 3179 minime
1167 3146 1287 3187 formi-

275 3195 450 3235 dobilibus,
470 3206 502 3226 v.
525 3197 639 3227 Herm.
660 3195 768 3227 Schol.
785 3206 791 3226 :
820 3196 894 3232 τοῖς
913 3193 962 3240 μὴ
1009 3193 1088 3239 όβον
1107 3192 1288 3238 ἐμποιοῦσι

274 3240 470 3288 προβάτοις,
491 3252 576 3283 quae
593 3242 708 3274 eadem
727 3241 846 3274 Suidas
862 3253 893 3273 v.
915 3205 1057 3288 ἄφοιὲος.
1087 3238 1208 3284 [activa
1224 3242 1287 3272 tri-

276 3290 392 3321 buitur
417 3291 468 3321 vis
493 3290 528 3321 in
553 3290 653 3321 Thes.
685 3290 720 3321 ¹1.
742 3290 799 3320 Gr.
821 3286 843 3320 2
869 3299 902 3329 p.
923 3286 1016 3322 2684
1033 3290 1074 3320 cs.
1100 3288 1201 3319 Dind.
1230 3289 1282 3319 ed.

276 3336 375 3377 Soph.
397 3337 461 3368 Ox.
481 3333 502 3368 3
521 3337 560 3368 ad
579 3337 631 3368 Ai.
654 3337 676 3367 1.
698 3335 741 3378 c.]

347 3389 387 3429 Ἀ
399 3406 422 3439 φ
434 3406 451 3428 o
461 3406 478 3441 ρ
488 3407 512 3439 μ
523 3393 544 3428 οί
554 3408 593 3428 ω.
623 3395 780 3426 Activuui
804 3394 987 3435 aym-edim.
1015 3392 1047 3427 τί
1063 3388 1158 3439 τήνδ’
1175 3392 1285 3440 ἀφορ-

1320 426 1381 460 μεν
1399 415 1455 448 OC
1470 413 1556 448 1401
1571 429 1579 458 ;
1601 417 1680 448 hinc
1696 418 1842 448 eaeorior:
1870 414 1910 451 οὐ
1927 415 1992 463 γὰρ
2033 411 2076 450 λι’
2093 415 2239 464 ἀφορμᾳ
2248 427 2288 451 πε

1319 463 1374 495 OC
1394 461 1484 496 1470
1501 463 1553 495 ch.
1574 465 1615 496 de
1634 464 1765 503 fulgure
1783 473 1851 496 non
1869 465 1983 496 inania
2000 466 2236 507 portendente.

1383 515 1430 557 ”A
1441 534 1465 568 φ
1475 533 1493 556 ο
1503 533 1520 568 ρ
1532 533 1581 567 μο
1592 534 1607 560 ς
1633 522 1745 554 redum.
1776 519 1921 561 ἔκτοπος
1948 519 2047 561 αὖθις
2073 520 2230 570 ἄφορμος
2248 520 2288 569 ἐμ

1317 566 1445 616 χθονὸς
1462 567 1586 616 ἔκθορε
1603 570 1658 602 OC
1676 567 1746 602 234
1763 570 1815 602 ch.
1853 571 1976 611 Tangit
1993 571 2093 603 Eust.
2113 580 2149 612 p.
2169 567 2251 612 488,
2272 567 2288 602 3

1319 617 1428 651 Schol.
1445 614 1663 664 ἀφορμηθείς
1680 617 1838 658 explicat.

1387 669 1487 721 Ἀφο
1499 686 1517 709 σ
1529 674 1687 720 ιόομαι.
1722 673 1988 721 ἀφωσιωμέναιε
2018 674 2170 718 ἀνόσιαι,
2204 673 2288 710 diro}

1316 725 1377 756 τοῦ
1396 722 1491 758 ὁσίου
1508 722 1719 770 γεγενημένα
1757 722 1845 771 Σοφ.
1867 721 1947 759 Θυέ.
1969 716 1997 769 β’
2015 722 2073 767 (fr.
2086 721 2173 768 251]
2186 725 2288 763 Hesy‹

1318 768 1426 815 [Idem
1436 769 1683 818 ἀφωσιωμένε;
1698 769 1721 805 ἄ
1749 769 1828 806 οθεν
1839 773 1900 805 τοῦ
1915 769 2010 805 ὁσίου
2021 769 2282 818 ἀφωρισμένε...

1387 827 1574 877 *Ἀφροίὸ
1587 842 1675 876 μων
1701 842 1732 862 ν.
1761 828 1966 878 ἀφράσμων.

1381 881 1632 935 ’Άφρακτος
1657 899 1726 921 non
1748 891 1908 921 munitus.
1943 886 2119 935 ἄφρακτος
2145 886 2255 935 φίλων
2273 889 2288 920 Α

1317 933 1386 968 910
1404 937 1455 968 ch.
1496 937 1580 979 [Quo
1602 938 1671 969 loeo
1693 937 1792 969 allato
1816 936 1985 976 Hesych.:
2028 933 2217 983 ἄφρακτος.
2243 933 2288 983 ἀφ

1317 981 1471 1026 λακτος.]
1518 985 1625 1016 Schol.
1656 988 1722 1017 vet.
1754 984 1847 1016 Suid.
1876 984 1979 1016 Phav.
2008 984 2044 1015 in
2075 994 2108 1014 v.
2136 980 2288 1030 ἄφρακτο

1318 1029 1535 1076 ἀφύλακτος,
1565 1030 1604 1065 ού
1622 1029 1885 1077 πεφυλαγμένος
1909 1029 1969 1064 καὶ
1992 1029 2245 1078 τετειχισμένος
2260 1041 2288 1063 τ(

1319 1077 1443 1124 φίλοις.
1465 1076 1520 1123 [G.
1544 1080 1645 1111 Dind.
1667 1080 1872 1118 Aeschylum
1890 1082 1924 1110 et
1942 1079 2138 1120 Sophoclem
2159 1079 2288 1119 scripsi}

1318 1125 1493 1171 ἄφαρκτος
1517 1130 1552 1158 et
1577 1125 1821 1173 ἀποφοίργνυμι
1836 1127 2024 1158 observavit
2039 1127 2076 1157 in
2095 1125 2158 1157 Th.
2180 1126 2219 1156 L.
2241 1125 2288 1157 Gr

1318 1171 1351 1215 2,
1376 1171 1465 1205 1785
1484 1173 1509 1206 C
1527 1179 1561 1205 et
1577 1171 1670 1207 2630
1687 1173 1744 1220 Β.]

1384 1229 1664 1279 Ἀφροίσμων.
1684 1233 1854 1272 Hesych.:
1874 1229 2017 1278 ἀφροίδ
2029 1242 2116 1276 μων
2129 1257 2138 1272 ,
2159 1228 2288 1265 ἀσύνετ(

1319 1277 1472 1325 ἀμαθής,
1496 1277 1583 1326 Σοφ.
1604 1277 1724 1326 Τριπτ.
1744 1278 1804 1324 (fr.
1825 1276 1920 1323 542).
1951 1279 2171 1312 Scribendum
2190 1276 2212 1311 ἀ
2221 1289 2246 1324 φ
2255 1289 2288 1324 ρ(

1320 1337 1339 1360 σ
1348 1339 1372 1372 μ
1381 1339 1434 1360 ων
1447 1353 1455 1368 ,
1484 1337 1560 1360 cum
1578 1331 1715 1369 propter
1731 1329 1905 1359 literarum
1918 1327 2081 1367 ordinem,
2100 1330 2174 1358 tum
2189 1326 2288 1357 maxii

1319 1377 1359 1407 ob
1378 1375 1435 1407 Gr.
1450 1375 1555 1406 Bekk.
1576 1385 1610 1415 p.
1623 1372 1774 1415 472,13.
1795 1372 1851 1420 ἀφ
1863 1385 1880 1421 ρ
1890 1372 1912 1408 οί
1922 1384 1940 1407 σ
1951 1385 2039 1419 μων
2056 1371 2228 1410 ἀσύνετος.
2244 1369 2288 1406 Σο

1319 1423 1439 1454 Rarius
1457 1423 1549 1454 enim
1565 1422 1626 1454 hoc
1644 1427 1678 1454 et
1694 1425 1870 1464 propterea
1889 1422 2114 1462 grammaticis
2131 1424 2288 1452 enotatun

1383 1473 1430 1515 ”A
1441 1492 1464 1526 φ
1475 1492 1492 1528 ρ
1502 1493 1523 1514 α
1534 1492 1552 1514 σ
1560 1493 1579 1514 τ
1588 1493 1606 1515 ο
1617 1493 1633 1519 ς
1651 1480 1736 1522 quod
1747 1483 1836 1513 cerni
1848 1490 1917 1512 mm
1929 1484 2047 1522 potest.
2068 1477 2203 1527 ἀφράστ
2249 1477 2288 1526 τῇ

1319 1526 1406 1577 πέδη
1426 1529 1480 1560 Tr.
1504 1525 1594 1561 1059
1620 1539 1721 1570 quam
1743 1526 1878 1575 τυφλὴν
1904 1526 1990 1574 ἄτην
2015 1532 2109 1560 vocat
2125 1538 2157 1559 v.
2181 1491 2272 1558 1‘1’04

1320 1586 1380 1617 quo
1408 1578 1479 1617 quis
1503 1578 1660 1608 coniicere
1683 1585 1752 1608 non
1773 1579 1890 1616 potest.
1926 1576 2029 1608 schol.
2056 1572 2206 1621 ἀλέκτῳ.
2235 1571 2288 1620 φοίι

1318 1621 1490 1670 ἄφραστον
1501 1618 1720 1670 ἀξύμβλητον
1734 1620 1908 1670 ἀνθρώπῳ
1923 1620 2046 1668 μαθεῖν
2061 1623 2118 1655 Tr.
2131 1609 2212 1674 69Ι.
2229 1621 2286 1652 sch

1318 1669 1580 1717 ἀνεκὸιήγητον.
1608 1672 1639 1703 Α
1657 1669 1832 1718 φράζομαι
1861 1675 2063 1712 utrumque,
2094 1679 2160 1702 non
2178 1680 2197 1701 a
2214 1680 2238 1714 φ
2261 1666 2288 1702 οἱ(

1318 1720 1554 1759 repetendum.
2124 1715 2156 1761 (Ι
2180 1727 2215 1759 Ρ.
2259 1713 2288 1748 81

1389 1771 1431 1811 'A
1443 1789 1465 1823 φ
1477 1789 1494 1824 ρ
1504 1775 1526 1810 οί
1536 1788 1554 1810 σ
1563 1789 1582 1810 τ
1592 1790 1621 1810 ω
1632 1788 1647 1814 ς
1674 1779 1903 1818 inexspectato.
1932 1773 2006 1810 ἐπεί
2023 1786 2059 1809 σε
2075 1776 2135 1809 νῦν
2151 1772 2287 1821 ἀφράστ

1319 1822 1478 1862 ἀέλπτως
1495 1819 1523 1857 τ’
1541 1822 1670 1858 ἐσεῖδον
1689 1825 1743 1856 El.
1767 1821 1857 1856 1262
1874 1834 1919 1855 m.

1388 1877 1430 1918 'A
1443 1895 1467 1931 φ
1479 1895 1496 1930 ρ
1507 1882 1517 1918 ί
1528 1882 1583 1923 ξω
1602 1893 1729 1924 spumo.
1750 1880 1895 1929 ἤφριζον
1911 1879 2047 1916 ἱππικαὶ
2063 1878 2164 1916 πνοαί
2181 1881 2236 1912 ΕΙ.
2250 1877 2288 1912 71

1401 1935 1678 1989 Αφροὸῖσιος
1717 1942 1830 1974 Veneri
1853 1945 1960 1983 aptus.
1996 1935 2199 1987 Ἀφροδισία
2229 1938 2288 1973 λοίτ

1319 1991 1433 2022 Inach.
1464 1991 1503 2022 fr.
1525 1987 1605 2031 257,
1632 1999 1697 2031 quo
1723 1990 1764 2021 de
1781 1990 1851 2021 loco
1869 2001 1899 2022 v.
1922 1989 2028 2030 Toup.
2050 1997 2104 2030 ep.
2126 1989 2199 2020 crit.
2220 1998 2254 2029 p.
2275 1983 2288 2019 Ε

1324 2037 1484 2079 [Meinek.
1506 2047 1617 2069 exerc.
1646 2038 1682 2068 in
1701 2038 1825 2069 Athen.
1857 2034 1888 2068 1.
1909 2046 1942 2078 p.
1963 2033 2008 2068 49
2027 2039 2061 2067 et
2078 2037 2113 2067 in
2130 2035 2252 2067 Philol.
2275 2031 2288 2066 1

1324 2082 1388 2116 145
1405 2083 1504 2131 γόνον
1520 2095 1557 2118 τε
1577 2082 1698 2130 μήλων
1716 2081 1939 2130 κάφροὸισίαν
1956 2081 2061 2130 ἄγραν
2079 2084 2120 2115 fr.
2142 2083 2229 2114 Dan.
2253 2078 2288 2114 17

1322 2132 1410 2173 quod
1427 2136 1542 2163 utrum
1569 2133 1610 2163 de
1627 2142 1687 2164 sue
1712 2141 1753 2163 an
1772 2133 1812 2163 de
1833 2141 1930 2173 capra
1947 2141 1988 2163 an
2007 2131 2047 2163 de
2065 2130 2200 2172 perdice
2219 2129 2288 2161 siti

1320 2180 1570 2220 tellegendum,
1599 2181 1640 2211 cf.
1671 2179 1770 2210 Eust.
1798 2189 1831 2220 p.
1856 2175 1964 2219 1183,
1986 2174 2040 2210 19.
2077 2177 2223 2217 Hesych.
2252 2186 2279 2208 s.

1321 2225 1503 2306 ἀφρο2ὅίσια
1520 2224 1553 2260 ἄ.
1584 2227 1641 2259 Gr.
1664 2227 1768 2259 Bekk.
1791 2222 1878 2267 472,
1898 2222 1956 2257 22.
1985 2226 2106 2265 Bergk.
2140 2225 2180 2256 ad
2211 2225 2288 2256 Ana

1390 2326 1433 2367 'A
1445 2343 1494 2378 φρ
1506 2343 1523 2365 ο
1535 2324 1632 2378 &itaq
1666 2332 1738 2365 dea.
1771 2329 1955 2378 χρυσάνιος
1987 2324 2176 2376 Ἀφροδίτα
2193 2329 2248 2363 OC
2267 2325 2288 2362 6

1321 2380 1374 2412 ch.
1394 2378 1531 2427 ἄμαχος
1548 2377 1627 2416 θεὸς
1644 2373 1831 2425 Ἀφροδίτα
1855 2380 1935 2411 Ant.
1956 2375 2025 2411 800
2042 2380 2094 2411 ch.
2123 2378 2252 2410 Tonum
2271 2386 2288 2409 n

1322 2428 1406 2459 tavit
1423 2428 1543 2459 Arcad.
1564 2437 1598 2468 p.
1622 2424 1700 2468 114,
1721 2425 1754 2459 8.

1391 2480 1433 2521 'A
1443 2498 1467 2533 φ
1478 2497 1495 2533 ρ
1506 2498 1523 2520 ο
1533 2497 1550 2518 ν
1560 2497 1579 2518 τ
1588 2483 1599 2518 ί
1609 2496 1654 2518 στ
1664 2498 1692 2519 ω
1703 2497 1719 2523 ς
1760 2486 1950 2525 incoyitato.
2001 2481 2081 2530 ἥκει
2120 2481 2248 2528 δόμους

1320 2531 1442 2567 τούσδε
1459 2531 1607 2578 πέμπων
1634 2531 1698 2566 οὐκ
1714 2530 1946 2580 ἀφροντίστως
1963 2532 2018 2563 Tr.
2039 2527 2119 2564 366.
2141 2529 2188 2568 ὡς
2205 2527 2288 2576 ἀφρι

1320 2580 1443 2614 τίστως
1467 2579 1540 2627 ἔχει
1565 2581 1620 2612 Ai.
1648 2578 1716 2612 355
1734 2580 1989 2621 euphemismus
2007 2582 2059 2610 est
2080 2587 2140 2619 pro
2166 2579 2288 2622 μανικᾱ

1321 2630 1408 2670 quod
1426 2640 1443 2660 a
1460 2633 1526 2660 vet.
1549 2628 1650 2660 schol.
1671 2629 1866 2659 adnotatum
1891 2627 2028 2658 uberius
2046 2626 2210 2667 explicuit
2227 2624 2288 2656 Lot

1386 2684 1435 2721 ’A
1446 2698 1469 2732 φ
1480 2685 1548 2733 ρόν
1561 2699 1589 2720 ω
1600 2697 1616 2723 ς
1641 2687 1748 2718 stulte.
1770 2683 1953 2732 κάφρόνως
1968 2681 2141 2731 ἠμείψατο
2159 2684 2214 2715 Ai.
2235 2679 2288 2715 761

1386 2743 1434 2780 ‘A
1445 2757 1469 2792 φ
1479 2757 1496 2792 ρ
1507 2744 1525 2779 ό
1535 2756 1550 2782 ς
1568 2756 1696 2786 spuma.
1725 2742 1906 2783 ἀναζέουσι
1919 2741 2135 2789 θρομβώδεις
2151 2739 2258 2788 ἀφροί
2275 2741 2288 2774 ’1

1322 2790 1403 2825 702.
1433 2794 1543 2825 Tenui
1561 2803 1634 2824 esse
1652 2793 1774 2833 spiritu
1791 2792 1960 2823 adnotavit
1983 2790 2100 2821 Arcad.
2129 2799 2163 2830 p.
2191 2785 2270 2829 197,

1323 2838 1396 2885 [sed
1413 2842 1455 2872 cf.
1479 2840 1637 2872 Choerob.
1658 2837 1690 2871 2.
1712 2850 1744 2881 p.
1768 2835 1848 2879 516,
1869 2835 1941 2880 34].
1986 2839 2156 2869 Accentus
2172 2837 2288 2878 periec

1323 2898 1437 2920 corum
1455 2892 1518 2927 est,
1539 2888 1597 2919 sed
1614 2888 1672 2927 qui
1690 2887 1877 2918 accuratius
1894 2885 2071 2925 notaverit,
2091 2884 2214 2916 nescio.

1394 2940 1435 2980 'A
1509 2938 1643 2990 οσύνη
1668 2945 1841 2976 dementia.
1871 2942 1906 2977 ἐν
1931 2941 2107 2991 ἀφροσύνη
2131 2938 2288 2975 καθελόψ(

1323 2995 1404 3026 Ant.
1426 2956 1499 3026 355
1511 3002 1566 3024 an.
1593 2991 1632 3026 τὸ
1665 2990 1741 3025 νέον
1775 2989 1908 3036 κούφας
1941 2975 2134 3037 ἀφροσύνας
2159 2986 2288 3035 φέρον(

1325 3038 1416 3073 1230
1433 3041 1484 3073 ch.

1387 3091 1436 3133 'A
1447 3110 1471 3146 φ
1483 3110 1562 3145 ρων
1580 3098 1720 3129 demens.
1743 3093 1782 3130 ού
1795 3094 1859 3142 γὰρ
1876 3090 1935 3129 ὧδ’
1952 3093 2072 3141 ἄφρων
2087 3092 2171 3139 ἔφυν
2185 3093 2239 3125 El.
2250 3087 2288 3125 94

1325 3147 1455 3178 Tonum
1480 3146 1608 3178 notavit
1633 3146 1709 3176 Arc.
1737 3154 1770 3185 p.
1795 3140 1848 3183 15,
1871 3140 1902 3174 3.
1926 3161 1966 3166 —
1995 3143 2115 3175 Omnia
2139 3142 2220 3173 haec
2237 3148 2288 3172 voc

1322 3194 1401 3225 bula
1418 3205 1440 3227 α
1457 3197 1534 3225 ante
1553 3203 1597 3238 φρ
1615 3193 1762 3232 positum
1778 3200 1857 3231 prae
1879 3200 1914 3222 se
1933 3190 2077 3221 ferentia
2094 3189 2280 3228 corripiunt

1323 3242 1422 3281 thesi,
1444 3242 1480 3271 in
1498 3241 1564 3272 arsi
1580 3240 1781 3280 producunt.

1394 3292 1434 3332 Ἀ
1479 3291 1559 3344 ὖής
1578 3297 1664 3330 haud
1681 3300 1787 3338 aptus,
1808 3305 1875 3327 non
1892 3294 2051 3327 eruditus.
2079 3292 2174 3339 ἀφυῆ
2199 3286 2229 3325 τ’
2253 3288 2288 3324 ὄν

1321 3344 1385 3380 κού
1410 3309 1556 3379 θέλοντα
1580 3345 1641 3376 Ph.
1665 3341 1754 3376 1014
1783 3341 1888 3387 [ἀφυᾶ
1905 3343 2091 3384 postulatur
2116 3342 2150 3372 in
2171 3340 2268 3372 Thes.

1323 3394 1379 3425 Gr.
1408 3390 1473 3433 12,
1502 3389 1621 3433 27181.
1664 3391 1795 3423 schot:
1823 3388 1954 3424 ἄκακον
1981 3387 2048 3422 ἀπὸ
2074 3385 2226 3432 φύσεως,
2257 3387 2278 3418 i.
