2288 3600
121 159 168 194 *”
191 178 197 185 “
330 198 334 202 ⁷
986 161 1052 212 02’·
1955 163 2058 213 563·

135 293 153 316 ο
181 291 229 315 εν.
265 285 340 318 πῶς
367 278 393 314 δ’
418 278 516 328 οὐχί;
556 280 616 313 OR
631 277 712 312 567.
739 283 812 317 πῶς
859 279 901 327 dp
918 279 1004 326 οὐχ;
1043 277 1236 325 ἐλεύθερος,
1264 273 1340 313 ἀλλ’
1358 276 1571 324 ἐμποληθείς
1589 276 1670 311 249.
1699 277 1738 312 οὐ
1757 277 1886 316 δίκαιος
1910 277 2053 326 ἄγγελος

64 331 84 342 ⁴⁴⁴
107 293 180 362 ι’ίδι
809 291 865 361 48.
889 345 930 351 —-
948 338 976 360 ο.
995 323 1009 371 ΙΙ
1043 325 1122 360 348.
1161 325 1225 360 οὐκ
1249 325 1343 372 ἐμῶν
1370 321 1420 359 ὑπ’
1447 324 1601 373 ἀγγέλων
1628 323 1707 359 391.
1736 324 1859 380 ἀνδρὸς
1882 325 1961 373 ούγὶ
1985 327 2055 360 σώ-

207 326 340 368 ἔξοιδα·
374 331 449 365 πῶς
475 326 538 374 γὰρ
556 325 652 374 ούχί;
687 327 742 359 El.
766 325 808 359 14

118 377 232 408 omia.
262 372 326 408 ούκ
343 375 402 407 ΟΒ.
419 372 522 407 1040.
542 385 587 406 sc.
617 372 717 412 αὐτὸς
733 374 847 420 τυχὼν
867 372 1002 420 ἔλαβον.

48 450 82 472 ,
117 421 210 467 πρὸς,
231 419 306 462 οὒκ,
326 419 418 468 ἀγὼν
437 420 494 455 ὅδε
511 421 566 454 OC
585 419 664 454 587.
686 431 731 452 sc.
754 419 835 454 ἐστί.
865 423 926 455 σοῦ
944 420 1006 467 μὲν

48 470 116 507 ’,ἔτ
143 469 195 501 oh.
220 479 266 502 sc.
295 467 464 514 εἴργομαι.
492 466 576 502 ούκ·
604 465 695 501 ἀλλὰ
716 466 915 508 κάπέδειξαν
950 469 1003 500 ΕΙ.

71 517 104 555 γ’.
131 512 195 549 οὔκ
228 517 283 548 Tr.
304 512 383 549 248.
409 525 453 548 sc.
483 514 592 561 βεβὼς
616 512 672 559 ἦν.
725 512 764 548 ού
781 524 789 532 ·
808 513 885 560 πρίν
909 513 937 561 γ’
966 512 1006 548 ἂν

43 575 84 611 -.-³
132 561 371 608 ἱστορούμενος
405 560 514 608 βραχύ
546 559 627 594 415.
673 572 718 594 se.
739 559 828 595 ἄπει.
857 559 919 596 οὔ·
955 561 1004 607 μὴ

55 614 86 656 421
111 607 259 654 λαβόντα
275 620 312 655 γε
331 611 391 641 Ph.
415 607 491 642 107.
513 619 558 641 sc.
589 608 611 642 θ
635 607 698 641 ασύ
716 607 796 642 ἐστι.
825 605 900 650 ούκ,
921 607 1006 642 εἰτὸ

100 655 155 690 ναί
199 668 215 689 ε
240 655 278 689 τὸ
303 655 425 702 ψεῦδος
451 656 545 703 φέρει
563 654 605 688 10
634 681 640 687 .
662 666 707 688 so.
736 654 877 702 αἰσχρὸν
900 653 1006 702 ἠγοῦ-

56 743 58 746 ,
95 700 152 737 τοῦ.
178 669 260 736 631.
290 714 336 735 sc.
366 701 539 742 δείξουσιν.
571 703 687 745 [Dind.
716 713 781 734 seo.
812 704 938 734 Welck.
967 700 1005 736 οὗ

24 748 26 754 ²
41 767 62 798 .·''
76 744 285 794 Ὀδυσσέως)
301 748 428 784 θᾶσσον
446 747 716 795 ἂν...κλύοιμι.]
738 747 814 783 ούκ·
833 747 925 783 ἀλλὰ
939 747 1007 782 κά-

52 794 66 829 ἶ
80 806 140 830 ισι
163 791 255 831 ταῦτἾ
283 795 418 831 ἐναντία
435 795 515 829 642.
536 808 582 829 sc.
602 795 655 830 ἀεὶ
671 794 776 834 καλὸς
793 795 900 834 πλοῦς
921 795 1003 830 ἐστί.

47 837 173 883 ,ὀῦκκ
194 845 296 877 Dind.
319 855 346 877 c.
369 845 523 877 Doederl.
546 841 621 886 οἶδ’]
650 841 733 877 οὔκ·
761 838 836 877 ἀλλ’
861 842 1006 889 ἀληθεῖς

102 901 147 924 so.
182 890 322 937 ψευδεῖς
353 889 486 936 τίθημι.
523 888 609 924 οὔκ·
652 888 727 924 ἀλλ’
759 888 900 935 ὁμοίους
932 893 1007 928 τοῖς

25 930 69 964 ’.ι
105 954 111 967 0
132 947 182 971 σιν
209 935 288 970 997.
310 949 356 970 se.
385 936 528 976 δούλους
554 936 726 983 ἐξέφυσεν.
759 939 886 970 Horum
904 940 939 969 in
953 948 1006 969 re-

84 986 132 1018 818
147 986 377 1026 exemplorum
390 995 475 1026 quae
492 986 600 1026 posita
616 986 774 1026 deinceps
791 986 1008 1016 distinctione

28 1028 53 1080 Τὸ
66 1040 71 1044 ’·
87 1055 90 1057 -
111 1044 120 1060 ·-
145 1033 348 1064 sententiam
366 1034 542 1072 negatione
560 1033 689 1063 linitam
707 1033 889 1072 exhibent,
918 1035 1007 1064 recte

26 1074 29 1081 ’
69 1089 120 1110 »ἐ
143 1083 254 1111 nostro
279 1081 378 1110 min:
406 1081 500 1110 velut
521 1080 579 1111 ΟΒ
597 1076 698 1111 1040.
734 1080 786 1111 ΕΙ.
812 1076 910 1111 1453.
944 1080 1004 1111 Ph.

65 1135 82 1166 J.
104 1122 182 1158 109.
203 1122 282 1157 631.
304 1122 382 1158 642.
405 1123 484 1158 993.
508 1144 547 1149 —-
567 1127 600 1158 d.
627 1129 642 1164 ΙΙ
666 1128 703 1157 111
729 1126 882 1166 formulis
910 1128 1007 1157 iuris-

165 1183 241 1205 cum
261 1173 373 1205 addito
392 1172 452 1217 μά,
474 1177 545 1204 turn
556 1182 628 1204 non
640 1174 761 1205 addim.
791 1170 830 1206 οὐ
846 1172 902 1206 τὸν
920 1171 1008 1206 πάν-

45 1214 47 1218 Α
93 1217 183 1254 θεῶν
208 1218 288 1254 θεὸν
312 1219 445 1267 πρόμον
465 1213 586 1254 (Ἀλιον
610 1221 668 1252 OB.
685 1217 754 1251 660
770 1221 822 1252 ch.
851 1217 938 1259 ἀλλ’,
967 1218 1007 1252 οὐ

27 1261 157 1308 [Διὸς
173 1265 349 1313 ἀστραπὰν
372 1266 472 1314 δαρὸν
499 1265 562 1300 οὐκ
586 1265 752 1312 ἀπόνητοι
771 1268 822 1298 ΕΙ.
847 1264 936 1299 1062
953 1267 1004 1298 ch.

14 1307 91 1353 ”ῑ,
111 1312 150 1347 οὐ
166 1312 227 1347 τὰν
247 1307 407 1359 ’Ἄρτεμιν
429 1311 518 1346 1238
536 1324 581 1346 111.
610 1312 649 1347 οὐ
668 1312 718 1359 μὰ
740 1313 803 1359 τὴν
829 1312 1008 1347 δέσποιναν

67 1381 73 1385 -
91 1372 160 1405 μιν
178 1362 231 1392 ΕΙ.
253 1358 332 1393 626.
363 1362 433 1392 Hae
450 1362 484 1392 in
504 1362 645 1392 formula.
661 1371 735 1392 oum
753 1365 829 1401 post
845 1362 1010 1393 inferatur

87 1405 233 1449 ἀλύξεις,
262 1409 413 1440 firmandi
438 1410 521 1440 iuris
547 1409 679 1439 iurandi
704 1418 803 1440 eausa
828 1409 879 1439 bis
902 1410 1009 1449 posita

68 1465 77 1482 τ
106 1456 147 1496 ’0,
174 1456 279 1487 altera
304 1457 401 1487 alteri
426 1460 465 1487 ut
489 1456 584 1496 quasi
604 1456 826 1496 praeluderet.
862 1456 1009 1486 Additur

70 1511 141 1534 ·um
156 1503 192 1533 in
209 1512 248 1534 eo
265 1512 388 1543 genere
406 1504 487 1534 Ant.
509 1499 588 1533 758.
609 1503 667 1534 OR
687 1500 776 1534 1089
789 1503 841 1536 eh.

133 1549 197 1582 Sed
229 1559 295 1581 non
321 1551 500 1581 sementizue
530 1551 629 1580 totius
656 1550 751 1581 modo
779 1552 848 1580 vim
876 1549 1007 1580 subbata

89 1609 94 1622 1
110 1597 184 1627 'eati
207 1599 343 1628 veritate
361 1598 458 1637 tollit,
479 1597 537 1627 sed
555 1597 657 1628 etiam
671 1600 817 1636 partes
834 1597 909 1628 eius
927 1606 1010 1637 qua-

37 1675 41 1680 ,
58 1651 116 1682 >1111
142 1652 198 1674 ue.

36 1653 349 1736 „·a.qsubstantz·vis
373 1692 563 1731 apponitur.
592 1688 632 1723 οὐ
656 1688 786 1736 φορβάν
811 1688 876 1723 οὐκ
892 1687 1008 1724 ἄλλων

54 1775 60 1781 Ἰ,
80 1763 82 1765 .
126 1737 188 1770 Ph.
209 1734 277 1769 706
294 1735 390 1770 (111.οὐ
404 1736 516 1783 χερός,
534 1735 572 1770 οὐ
592 1736 709 1779 ποδός,
730 1735 769 1771 οὔ
785 1749 875 1774 τινος
891 1735 1008 1793 ἀρχέων

59 1781 138 1831 feli.
159 1782 199 1818 οὐ
216 1782 342 1829 πτηνὸν
359 1782 450 1828 ὄρνιν
467 1783 609 1829 ἐναίρων
627 1782 706 1816 955.
735 1782 825 1830 κούχ
849 1782 873 1828 ἡ
898 1782 1009 1818 Λυσία

16 1875 18 1877 η
105 1840 152 1864 ιεν
176 1829 283 1876 αὐτήν
301 1831 358 1862 Tr.
377 1827 457 1862 432.
486 1829 526 1864 οὐ
543 1830 657 1877 λόγοις
672 1832 850 1876 τιμώμενα
875 1831 929 1862 OC
948 1829 1005 1864 62.

31 1873 184 1924 4‘Mytp
208 1876 301 1911 κακοί
325 1878 379 1910 Tr.
399 1875 499 1910 1046.
521 1876 584 1922 [sic
601 1881 690 1910 enim
708 1879 805 1910 Both.
828 1879 942 1910 Herm.
964 1879 1004 1910 ol.

34 1956 42 1969 γ
57 1932 73 1957 -’;
93 1925 192 1957 Tusa.
214 1922 249 1964 2,
269 1923 302 1957 8.
323 1936 355 1956 v.
368 1935 468 1965 supra
484 1923 612 1966 11418,
631 1923 696 1957 27:
718 1926 794 1957 libri
810 1924 880 1958 καί.
903 1926 1008 1965 magis

56 2014 58 2018 .
107 1976 178 2004 tato
201 1973 270 2003 loeo
287 1972 389 2005 Dind.
411 1982 438 2003 c.
460 1973 584 2004 Wund.
605 1971 663 2005 καὶ
687 1970 799 2019 λόγων
823 1970 938 2018 πέρα.]
968 1971 1007 2006 οὐ

26 2017 176 2066 ,Γάνων
255 2021 370 2064 νεῖμεν
388 2016 467 2063 ἐμοὶ
482 2018 600 2066 τέρψιν,
617 2017 749 2063 ὁμιλεῖν
766 2020 821 2051 Ai.
847 2016 935 2051 1199
953 2020 1004 2050 ch.

65 2087 67 2093 .
88 2065 191 2098 Dind.
209 2075 251 2097 ex
266 2067 325 2097 LA
339 2063 415 2099 οὔτε
432 2066 552 2111 dedit].
571 2060 670 2100 ἔσωσ’
687 2065 819 2099 ἐκεῖνον
837 2065 900 2099 οὐκ
916 2064 1008 2111 ὄκνῳ

184 2111 314 2158 ηύδᾶτο
340 2112 401 2158 μὲν
418 2107 501 2152 τάδ’,
530 2112 607 2147 οἶδα
624 2111 652 2146 δ’
676 2111 714 2146 οὐ
733 2113 854 2159 γνώμῃ
871 2112 935 2146 τινί
951 2114 1010 2145 OR

68 2180 83 2192 ι.
102 2159 157 2192 Sic
174 2164 263 2192 certe
280 2160 492 2191 scribendum
509 2171 646 2192 censeo:
676 2161 831 2200 vulgatur
845 2158 919 2193 τίνι.
943 2160 1009 2192 Sed

39 2240 48 2247 .
67 2208 103 2246 ·.'
132 2216 198 2248 qua
221 2210 327 2238 meme
351 2208 463 2238 minus
489 2213 566 2248 apte
592 2209 716 2239 dicitur
732 2218 832 2248 quam
859 2209 924 2238 scio
941 2217 1010 2238 non

92 2255 100 2262 “
120 2267 127 2281 ι
158 2264 191 2285 τε
209 2253 345 2285 dictum.
375 2253 494 2285 Cetera
518 2256 674 2295 exempla
698 2255 795 2285 video
820 2255 1008 2285 secundum

58 2301 60 2306 ’
91 2301 204 2340 ’oi-em,
223 2311 287 2341 qua
304 2305 420 2342 poetae
438 2306 594 2340 utuntur,
616 2302 790 2333 verborum
808 2302 1010 2333 collocando-

89 2348 256 2379 ntionem
273 2349 374 2379 etiam
391 2349 438 2379 ita
462 2350 606 2389 intelligi
624 2358 739 2390 posse,
768 2353 808 2379 ut
824 2349 1010 2389 praedicata

29 2389 246 2427 'intonatur
262 2398 350 2435 tota,
379 2404 444 2426 non
470 2406 546 2436 pars
563 2398 647 2427 eius.
685 2396 811 2427 Tamen
829 2397 940 2427 onmia
958 2399 1009 2426 ta-

24 2437 45 2441 *
69 2454 96 2468 ἰι
120 2457 121 2460 ¹
141 2443 294 2474 contrarii
336 2443 509 2474 cuiusdam
550 2444 826 2482 significationem
868 2443 1005 2474 habent.

78 2490 119 2528 ge
142 2489 239 2520 aliter
261 2489 362 2520 habet
384 2487 532 2533 γυναῖκά
546 2487 574 2522 τ’
600 2487 639 2522 οὐ
655 2491 812 2535 ιγυναῖκα
828 2490 886 2521 OR
903 2486 1004 2521 1256.

69 2537 175 2567 oen.
196 2536 241 2567 ad·
255 2536 354 2574 Greg.
376 2535 448 2567 Cor.
470 2546 502 2576 p.
524 2534 579 2568 98.
733 2535 780 2579 (ΙΙ
801 2546 834 2576 Ρ.
855 2533 934 2576 404,
955 2534 1010 2579 8.)

69 2581 105 2614 b.
127 2582 302 2628 Adiectivis
317 2583 479 2621 iungitur.
502 2581 541 2616 οὐ
556 2581 663 2617 πολὺν
673 2582 797 2629 χρόνον
812 2577 846 2628 μ’
864 2582 924 2616 ἐπέ
972 2594 1009 2616 ον

69 2625 164 2661 348.
193 2627 321 2666 ὄνειδος
347 2627 386 2662 οὐ
411 2627 518 2663 καλόν
543 2628 623 2662 477.
643 2629 778 2676 ἡμέρας
802 2641 855 2663 τοι
874 2593 1009 2685 μόῖθος

75 2673 185 2721 ”ὅλης
220 2678 298 2720 μιᾶς
324 2673 404 2707 480.
431 2675 554 2722 καίπερ
587 2676 625 2710 ού
659 2676 797 2711 πολλῶν
829 2674 899 2710 ἄπο
926 2675 1006 2709 647.

68 2733 108 2763 Ἰς
124 2720 162 2755 οὐ
187 2724 320 2768 μακροῦ
337 2721 464 2769 χρόνου
481 2721 562 2756 821.
584 2723 734 2770 σπουδῆς
758 2735 795 2769 γε
813 2721 930 2768 μέντοι
946 2727 1010 2760 τ”ς

42 2787 77 2815 Η-
117 2767 181 2802 ούκ
203 2767 280 2808 ἀξία
305 2771 363 2803 ΟΒ,
380 2768 458 2802 778.
488 2769 630 2812 δοῦλος,
659 2770 722 2804 οὐκ
746 2770 878 2816 ὠνητάς
906 2768 971 2802 112
999 2796 1005 2802 .

62 2829 80 2855 μ,
99 2814 173 2862 ’γὰρ
190 2821 306 2863 χῶρον
331 2816 397 2863 οὐχ
421 2816 522 2862 ἁγνὸν
541 2820 660 2851 πατεῖν
677 2818 732 2850 Oc
750 2816 806 2850 37.
843 2816 952 2863 δῶρον
971 2816 1010 2851 οὐ

25 2860 73 2911 ζμ,·
94 2859 190 2897 δαῖον
214 2861 262 2900 εἰς
286 2861 363 2910 ὄψιν
389 2862 468 2896 577.
497 2862 535 2897 οὐ
553 2863 630 2902 νέος
647 2863 714 2897 702
731 2867 781 2896 oh.
805 2862 868 2908 [sic
886 2862 1010 2897 'Pr-ich:

21 2914 23 2918 '
78 2908 248 2955 Ltueapaesg}
270 2908 310 2943 ού
327 2909 447 2957 γάμων
472 2910 631 2957 ἔμπειρος
655 2910 735 2944 751.
756 2910 787 2945 εἷ
804 2910 847 2956 γὰ
893 2910 932 2944 οὐ
959 2910 1010 2944 δί-

66 2956 114 3001 J>
133 2951 208 2989 ἀλλ’
230 2955 320 2990 ἅπαν
344 2956 450 2990 καλὸν
475 2955 584 3004 λέγειν
608 2957 756 3003 νομίζων
778 2922 877 2990 1006.
899 2955 1012 2996 ἔξοιὸοί

67 2999 103 3051 ,ὁ
127 3001 224 3049 ψιλὸν
249 3002 379 3048 ἥκοντα
393 3001 494 3038 1029.
513 3004 601 3038 κούκ
624 3003 729 3039 ἄλλον
755 3003 886 3084 βροτῶν
906 3002 1006 3037 1129.

78 3066 83 3077 <
121 3048 184 3096 γὰρ
209 3049 287 3096 οὐχὶ
313 3048 393 3095 βαιὰ
415 3049 670 3096 τάνθυμήματα
688 3049 753 3084 119
781 3078 789 3085 .
818 3050 881 3085 οὐκ
905 3050 1011 3085 ἐλάσ-

31 3133 39 3145 ,Ι
66 3095 276 3145 ζ’(ἔπαινον)
292 3095 392 3130 1412.
423 3096 462 3131 οὐ
480 3098 658 3136 στενακτὸς
676 3096 885 3144 ἐξεπέμπετο
906 3095 1005 3130 1663.

32 3142 248 3189 ἀνοιστέον
275 3143 326 3177 σοὶ
350 3142 493 3190 τοῦργον
517 3143 574 3191 εἴη
589 3148 703 3186 τοῦτο,
722 3144 825 3192 κούγὶ
840 3157 863 3178 κ
886 3143 1009 3178 υπτέον

25 3189 62 3235 Μ’
78 3187 182 3222 5273.
203 3189 311 3238 λέγεις
328 3190 392 3237 γὰρ
409 3189 474 3224 οὐκ
490 3190 616 3225 ἀνεκτά
627 3190 707 3226 282.
729 3191 792 3226 οὐκ
804 3187 845 3232 ’ἐξ
885 3203 1010 3228 παντος

78 3233 115 3270 ,ὸ
130 3248 168 3270 κε
191 3236 312 3271 δαίνειν
330 3237 442 3284 φιλεῖν
459 3235 537 3270 312.
557 3243 676 3272 κακῶν
693 3238 757 3285 γὰρ
784 3237 846 3272 οὐκ
870 3237 1009 3285 ἄπειρος

31 3311 33 3313 .
58 3274 292 3330 ’ἀκούσομαι
318 3283 418 3318 1191.
448 3283 512 3318 οὐκ
536 3283 716 3331 ἀλλοτρίαν
741 3284 825 3331 ἄτην
846 3283 934 3317 1259
952 3295 1006 3318 an.

62 3328 186 3377 οὐχ
208 3329 297 3365 ἑκὼν
321 3331 508 3365 κατέκανον
533 3330 623 3364 1340
639 3343 684 3365 m.
718 3332 827 3379 ἢρόνον
851 3331 915 3379 γὰρ
932 3330 971 3365 οὐ
999 3330 1011 3364 ὶ

71 3377 216 3423 ,χιμένει
231 3379 285 3410 Tr.
307 3376 363 3411 44.
384 3376 450 3424 οὐχ
467 3377 556 3412 ἑκὼν
574 3378 689 3413 ἑκοῦσι
727 3380 744 3413 ὲ
762 3378 909 3420 ξύνεστιν
929 3343 1006 3411 198.

26 3435 27 3462 3
75 3423 186 3470 [ζνόσῳ
213 3423 317 3470 βαρύν
343 3435 418 3458 cum
442 3427 636 3458 traiectione
662 3428 906 3459 vocabulorum.
947 3424 1011 3459 οὐκ

1043 385 1168 432 φρονος
1186 371 1268 406 345.
1289 371 1440 419 μάθησιν
1459 373 1497 407 οὐ
1515 371 1627 419 καλήν
1641 371 1721 406 450.
1743 372 1810 420 οὐχ
1827 367 1955 407 εκοῦσὰ
1970 371 2051 407 466.

1043 433 1108 468 ουχ
1132 419 1150 454 ὁ
1173 423 1234 454 τοῦ
1258 422 1368 454 κακοῦ
1401 419 1566 458 κοινωνός
1592 417 1672 453 729.
1712 418 1775 454 οὐκ
1800 419 1823 454 ἄ
1872 432 1936 465 μον
1965 418 2054 454 ἀλλὰ

1044 468 1145 502 δυστυ
1172 470 1196 514 ῆ
1213 465 1367 501 κωκυτόν
1385 464 1466 500 866.
1487 466 1526 501 οὐ
1546 471 1697 513 σμικρῶν
1714 430 1931 501 κακῶ3871.
1952 466 2054 513 τήνδε

1042 514 1130 550 κούκ
1177 512 1263 560 λλην
1290 512 1388 559 δίκην
1419 516 1473 546 Αἰ.
1498 512 1575 546 113.
1613 514 1698 558 ἐμοῦ
1725 514 1788 559 μὲν
1815 513 1882 561 οὐχ
1913 513 2053 552 ἑκόντος

1043 560 1122 595 455.
1151 559 1251 608 γένοι’
1276 558 1317 595 ἂν
1343 560 1382 594 ού
1404 560 1513 598 κακός
1530 559 1609 593 551.
1639 559 1678 594 ού
1699 560 1828 607 μακρὸν
1851 560 1953 608 γέρας
1970 559 2051 594 825.

1044 607 1258 691 ἵὲεὲμῑῖἷὸέ
1272 611 1411 688 ἷῗέεῖῖ
1434 605 1650 688 ἷέῗῖλ-οἷῗ
1673 607 1913 689 Ῐέἓῡσμξῖἰωέ
1935 607 2054 689 ἓνόγίἐν

1043 701 1207 749 κλήσει-αι
1223 667 1400 748 (τεύργοᾟ)
1420 699 1519 734 1368.
1550 666 1614 736 0Ἄί
1642 701 1748 757 ἐμοὺς
1771 667 1933 748 τρόπουέ
1945 700 2056 748 λέγεις

1044 751 1095 782 ΕΙ.
1115 747 1196 783 397.
1219 748 1285 797 οὐχ
1310 748 1384 782 ’ίσον
1401 749 1522 794 καμὼν
1542 747 1620 794 ἐμοί
1637 746 1715 781 532.
1746 747 1782 787 ἐξ
1800 748 1886 794 ἐμοῦ
1910 760 1947 782 τε
1965 747 2054 783 κούκ

1043 795 1157 830 ἄλλων
1182 795 1262 830 885.
1293 794 1396 842 μοίρᾳ
1422 796 1484 841 μὲν
1516 795 1580 829 οὐκ
1610 795 1645 830 ἐν
1671 794 1782 842 ἐσθλᾷ
1810 794 1897 829 1093
1916 798 1968 829 ch.
2013 790 2054 830 ου’

1073 842 1149 890 ίλης
1174 843 1285 889 ὀσμῆς
1311 840 1435 876 ὕπο-11.
1459 843 1561 883 Synd.
1586 841 1663 883 147,
1684 841 1716 875 4.
1747 841 1789 876 οὐ
1815 842 1925 888 μένειν
1949 842 2056 877 καλόν

1045 856 1123 932 1052,
1144 888 1178 924 2.
1214 902 1290 923 cum
1317 891 1524 923 traiectione.
1566 888 1704 935 πλῆθος
1734 889 1796 937 ούγ
1827 889 1906 924 ὅσον
1940 889 2054 928 δοκεῖς

1045 939 1142 970 Laoc.
1164 936 1244 979 342,
1264 937 1297 970 5.
1327 935 1366 971 ού
1394 939 1586 983 σμικροῖσιν
1611 931 1799 975 αὐλίσκοις
1815 939 1881 969 inc.
1909 935 1989 978 753,
2020 936 2050 969 1.

1046 1003 1087 1009 —
1114 986 1172 1017 OR
1190 982 1291 1017 1280.
1312 986 1480 1017 sententia
1498 986 1618 1016 mutila
1633 989 1697 1016 est.

1115 1043 1142 1063 c.
1172 1029 1429 1064 pronominibus
1453 1033 1660 1072 applicatur,
1690 1042 1708 1063 a
1724 1033 1848 1072 quibus
1865 1032 2054 1072 possessiva

1045 1080 1268 1119 excludimus,
1306 1089 1447 1120 quorum
1481 1080 1609 1119 aliquot
1642 1079 1676 1109 in
1701 1079 1875 1110 adiectivis
1900 1079 2055 1119 exempla

1046 1128 1290 1159 recensuimus,
1325 1123 1433 1171 ἄνδρα
1466 1119 1494 1157 ’δ’
1519 1122 1628 1158 οὐδέν’
1661 1123 1825 1166 ἔντοπον,
1861 1123 1925 1171 οὐχ
1965 1124 2054 1162 ὅστις

1044 1172 1215 1218 ἀρκέσειεν
1229 1173 1290 1205 ΡΙ1.
1303 1170 1382 1205 281.
1405 1173 1681 1204 Subaudiendum
1696 1174 1788 1204 enim
1799 1172 1952 1206 τοιοῦτόν
1965 1184 2050 1206 τινα.

1045 1218 1154 1253 λιπὼν
1188 1219 1250 1265 μὲν
1276 1218 1340 1253 οὐκ
1367 1218 1474 1265 ἔγωγε
1499 1217 1579 1252 912.
1609 1218 1638 1252 εί
1662 1217 1751 1259 λέξει
1774 1218 1832 1252 τὸν
1859 1218 1960 1253 αὐτὸν
1977 1217 2054 1266 ἀρι-

1044 1264 1146 1312 θμόν,
1183 1265 1247 1300 οὐκ
1274 1266 1342 1313 ἐγὼ
1367 1264 1499 1299 ’κτανον
1528 1267 1585 1298 ΟΒ
1601 1264 1682 1298 844.
1711 1265 1891 1313 ἐφάψομαι
1938 1265 1960 1300 ὰ
2013 1265 2053 1300 ού

1043 1312 1180 1347 ταύταιν
1214 1313 1331 1358 μόναιν
1361 1314 1417 1345 OC
1434 1311 1513 1344 859.
1555 1312 1619 1346 οὐκ
1652 1312 1720 1359 ἐγὼ
1754 1313 1857 1358 μόνος
1894 1278 2039 1347 1239011

1045 1359 1124 1408 οὐχὶ
1138 1363 1211 1398 τοῖς
1229 1359 1346 1398 αὐτοῖς
1361 1361 1415 1392 Tr.
1428 1358 1508 1391 440.
1525 1358 1590 1406 οὐχ
1607 1359 1708 1405 ἡμῶν
1724 1364 1862 1406 κρατῶν
1879 1363 1935 1394 Ai.
1950 1358 2051 1401 1102,

1047 1409 1102 1439 sed
1129 1406 1196 1455 οὐχ
1220 1410 1321 1439 etiam
1346 1408 1385 1439 ad
1410 1412 1546 1453 κρατῶν
1573 1412 1650 1449 apte
1675 1410 1809 1440 reseras.
1841 1406 1880 1441 ἐκ
1903 1410 1978 1446 τοῖς
2004 1407 2055 1441 δι·-

1044 1458 1198 1496 καστοιῖς,
1218 1453 1306 1489 κούκ
1333 1453 1422 1499 ἐμοί,
1450 1449 1520 1487 τόδ’
1544 1453 1679 1501 ἐσφάλη
1699 1452 1799 1487 1136.
1821 1453 1858 1488 σύ
1877 1467 1930 1489 τοι
1945 1453 2054 1501 λέγεις

1044 1514 1105 1543 νιν,
1128 1501 1192 1536 οὐκ
1209 1501 1277 1548 ἐγώ
1296 1503 1348 1533 ΕΙ.
1366 1499 1444 1533 624.
1779 1501 1827 1546 (u
1846 1513 1879 1544 p.
1899 1500 1980 1543 405,
2003 1500 2057 1546 3.)

1115 1550 1148 1581 d.
1178 1550 1439 1589 Participiis
1464 1549 1616 1589 additur,
1654 1559 1729 1580 cum
1755 1551 2050 1590 substantivorum,

1045 1601 1117 1628 tum
1135 1597 1373 1628 adieetivorum
1389 1597 1477 1628 vices
1496 1597 1684 1635 tuentibus,
1707 1597 1760 1627 vel
1777 1598 1878 1628 etiam
1895 1598 2055 1629 enuntia-

1044 1649 1154 1676 torum
1173 1645 1359 1675 verbalium
1377 1647 1619 1675 contractorum
1636 1653 1762 1674 munus
1781 1646 1989 1683 gerentibus.
2015 1642 2056 1677 ού

1046 1689 1182 1746 μολπὰν
1208 1690 1363 1737 σύριγγος
1388 1689 1477 1736 ἔχων
1504 1690 1563 1721 Ph.
1583 1687 1651 1721 213
1669 1691 1720 1722 (111.
1760 1701 1834 1722 cum
1859 1692 2050 1732 hyperbato.

1045 1735 1196 1777 δοξάζων
1221 1737 1283 1782 μὲν
1310 1735 1348 1770 οὔ
1382 1735 1461 1769 545.
1493 1735 1556 1770 οὐκ
1587 1735 1605 1770 ἔ
1620 1749 1679 1782 ἢων
1705 1736 1802 1782 βάσιν
1824 1735 1888 1770 691
1910 1739 1962 1771 eh.
1992 1737 2056 1772 οὐκ

1045 1782 1135 1830 ἔχων
1159 1784 1292 1830 τροφήν
1316 1782 1395 1816 953.
1424 1782 1519 1830 ἀφυῆ
1540 1784 1568 1816 τ’
1592 1795 1672 1817 οντα
1696 1783 1759 1817 κού
1785 1783 1931 1818 θέλοντα
1950 1782 2050 1818 1014.

1045 1831 1084 1865 οὐ
1119 1830 1249 1877 φορβάν
1282 1830 1332 1864 ἔτι
1370 1841 1457 1876 προσ
1486 1829 1573 1875 έρων
1617 1828 1705 1863 1107
1731 1842 1774 1863 111.
1820 1830 1953 1878 δρῶντα
1990 1830 2056 1866 κού

1046 1874 1203 1923 μέλλοντ’
1228 1878 1276 1911 ἔτι
1303 1876 1405 1910 1256.
1442 1889 1480 1911 ου
1514 1889 1546 1910 τι
1576 1876 1705 1924 χαίρων
1732 1875 1832 1911 1299.
1868 1878 1947 1926 οὐχὶ
1975 1877 2055 1912 τού-

1046 1925 1179 1963 πιόντος
1211 1924 1254 1971 ἠν
1286 1926 1343 1958 OR
1361 1923 1440 1958 393.
1481 1923 1512 1957 εἷ
1547 1923 1652 1970 δῆλος
1685 1924 1748 1959 οὐκ
1781 1924 1880 1963 εἰδὼς
1910 1925 1940 1959 τί
1973 1925 2056 1971 δρᾷς

1048 1970 1148 2006 1008.
1177 1972 1241 2006 οὐκ
1266 1970 1416 2006 ἐννέπων
1441 1971 1499 2005 τὸν
1525 1972 1631 2005 παῖδα
1659 1970 1759 2004 1150.
1787 1972 1902 2020 χρόνῳ
1930 1971 2056 2018 μάθοις

1045 2017 1085 2052 ἂν
1104 2018 1182 2066 ούγὶ
1197 2020 1249 2063 τῷ
1275 2019 1414 2064 παρόντι
1432 2030 1497 2052 που
1515 2020 1571 2051 OG
1583 2017 1663 2052 580.
1684 2017 1778 2057 ἀξίαν
1797 2019 1861 2054 οὐκ
1875 2018 1979 2054 οὖσαν
1998 2019 2056 2053 αἰ-

1046 2061 1179 2113 σχύνεις
1195 2064 1294 2100 πόλιν
1311 2064 1390 2099 929.
1413 2063 1476 2099 οὐκ
1493 2064 1592 2100 εἰδότ’
1614 2064 1677 2100 οὐκ
1694 2064 1805 2100 εἰδυῖα
1821 2064 1901 2099 983.
1922 2066 1974 2100 σοὶ
1992 2067 2054 2112 μὲν

1046 2111 1189 2159 ἔμπαλιν
1216 2112 1280 2147 οὐκ
1304 2112 1384 2146 ὄντα
1412 2110 1512 2145 1157.
1542 2112 1580 2147 οὐ
1600 2113 1700 2152 ζῶσιν
1727 2111 1766 2146 οὐ
1792 2112 1951 2148 θανοῦσιν
1970 2116 2050 2147 Ant.

1045 2158 1115 2192 852
1131 2171 1175 2193 111.
1203 2160 1262 2194 τὸν
1286 2159 1351 2194 οὐκ
1374 2158 1455 2193 ὄντα
1482 2158 1613 2203 μᾶλλον
1638 2158 1661 2205 ἢ
1683 2159 1815 2205 μηδένα
1834 2159 1923 2193 1325
1942 2172 1986 2193 111.
2007 2161 2054 2199 ὡς

1046 2202 1088 2240 ἔτ’
1108 2206 1180 2249 ,οὐκ
1203 2208 1250 2240 ὤν
1268 2208 1324 2239 Tr.
1348 2205 1423 2239 161.
1453 2206 1516 2240 οὐκ
1539 2206 1703 2253 εὐμαρείᾳ
1727 2208 1907 2254 χρώμενος
1923 2206 2050 2255 πολλῇ,

1066 2252 1141 2287 ύναι
1160 2251 1237 2286 193.
1257 2252 1361 2299 ἡμεῖς
1387 2250 1435 2300 ἄρ’
1465 2253 1504 2287 ού
1520 2256 1697 2291 νοσοῦντες
1719 2252 1903 2300 ἀτώμεσθα
1918 2257 1978 2288 νῦν
1995 2258 2051 2287 Ai.

1070 2299 1126 2333 69.
1155 2300 1194 2335 ού
1211 2301 1250 2334 τὸ
1269 2301 1328 2334 σὸν
1347 2299 1458 2338 δείσας
1476 2301 1585 2346 στόμα
1606 2299 1707 2333 1110.
1736 2301 1836 2346 ζῶμα
1862 2300 1901 2336 οὐ
1917 2300 2054 2348 γλιδαῖς

1043 2348 1242 2393 ἠσκημένον
1259 2349 1312 2382 El.
1334 2346 1413 2380 452.
1436 2347 1484 2394 μὴ
1504 2347 1630 2394 σκῆψιν
1649 2347 1713 2381 οὐκ
1734 2347 1836 2382 οὖσαν
1853 2342 1952 2396 τιθῇς
1969 2347 2050 2382 584.

1043 2394 1132 2428 ’κούκ
1157 2394 1236 2439 ἐμοὶ
1259 2394 1461 2440 προσεικότα
1491 2392 1568 2427 618.
1599 2405 1675 2426 cum
1693 2398 1899 2428 traiectione.
1921 2395 1984 2430 οὐκ
2002 2395 2053 2429 εί·-

1046 2437 1118 2476 δυῖ’
1145 2440 1212 2488 ἄρα
1235 2437 1277 2475 ἵν’
1301 2441 1389 2488 ἦμεν
1414 2440 1499 2488 ἄτης
1523 2439 1603 2475 935.
1624 2442 1681 2479 ,ὡς
1711 2441 1790 2489 οὐχὶ
1822 2441 2055 2490 συνδράσουσα

1045 2488 1218 2526 νουθετεῖς
1241 2488 1323 2522 τάδε
1354 2487 1454 2521 1025.
1482 2489 1520 2522 τὸ
1546 2487 1664 2522 κοῖλον
1685 2482 1810 2535 ’Ἄργος
1827 2488 1867 2523 οὐ
1884 2489 2054 2536 κατοική-

1047 2547 1150 2569 σαντα
1162 2538 1204 2569 fr.
1227 2538 1383 2576 Thaniyr.
1401 2533 1479 2568 230.
1503 2534 1542 2569 οὐ
1561 2534 1757 2594 δεδειγμένα
1774 2538 1896 2578 Naupl.
1916 2534 1996 2578 379,
2016 2537 2050 2571 8.

1117 2593 1146 2615 e.
1176 2585 1203 2614 A
1215 2583 1403 2615 dverbz‘ae‘s
1420 2584 1611 2624 apponitur.
1633 2595 1696 2616 ουκ
1714 2581 1827 2617 ἐνθάδ’
1845 2583 1876 2616 οἱ
1893 2581 1977 2617 πλοῖ
1989 2585 2050 2616 Ph.

1045 2628 1124 2663 304.
1151 2628 1214 2663 κού
1234 2629 1336 2675 μόνον
1356 2628 1435 2662 555.
1464 2628 1503 2662 ού
1521 2632 1578 2663 νῦν
1598 2634 1745 2675 πρῶτον,
1765 2628 1856 2664 ἀλλὰ
1872 2630 1930 2664 καὶ
1947 2629 2054 2664 πάλαι

1046 2674 1126 2709 966.
1154 2676 1250 2710 εἶπον
1269 2677 1331 2722 μὲν
1349 2675 1411 2724 ούγ
1431 2674 1521 2715 ἅπαξ
1539 2675 1642 2721 μόνον
1660 2677 1717 2709 OR
1734 2674 1803 2709 690
1820 2678 1872 2709 eh.
1892 2676 1955 2725 οὐχ
1974 2676 2054 2723 ἥκι-

1046 2734 1107 2756 στα
1125 2721 1225 2756 1053.
1263 2719 1431 2760 πολλάκὶς
1463 2734 1498 2756 τε
1529 2722 1619 2770 κούχ
1650 2721 1740 2762 ἅπαξ
1767 2721 1868 2757 1275.
1898 2723 1937 2758 οὐ
1950 2719 2051 2758 ’πάνυ

1047 2769 1167 2816 μοίρας
1192 2769 1424 2815 εὐδαιμονίσαι
1447 2770 1585 2815 πρώτης
1619 2771 1674 2802 OC
1699 2768 1766 2802 142
1782 2781 1838 2803 an.
1875 2770 1939 2805 οὐκ
1971 2770 2051 2805 ἄνευ

1046 2815 1181 2863 μόχθου
1200 2815 1279 2850 328.
1301 2816 1364 2851 οὐκ
1381 2816 1461 2851 ἄνευ
1480 2822 1626 2862 πομπῶν
1637 2814 1717 2850 723.
1740 2816 1802 2865 οὐγ
1822 2817 1868 2855 ὥς
1885 2816 1914 2864 γ’
1932 2817 2052 2852 ἐκείνω

1045 2864 1128 2911 τῇδε
1152 2859 1181 2897 ‘r7
1205 2863 1247 2909 ἦν
1271 2862 1475 2909 ἡρμοσμένα
1498 2865 1579 2896 Ant.
1601 2861 1680 2895 570.
1702 2856 1805 2898 εἶπον
1822 2863 1864 2898 ἄν
1883 2859 1911 2897 σ’
1935 2864 1998 2898 οὐκ
2016 2851 2054 2899 εἷ’)

1047 2923 1071 2958 φ
1095 2914 1185 2945 ονεῖν
1203 2910 1282 2956 755.
1312 2913 1378 2943 nisi
1397 2909 1461 2944 οὐκ
1485 2912 1525 2942 ad
1542 2912 1749 2942 infinitivum
1768 2912 1969 2945 trahendum
1987 2918 2050 2944 est.

1047 2971 1086 2992 ου
1121 2956 1366 3003 βεβουλεῦσθαι
1398 2961 1516 2994 κακῶς
1556 2959 1610 2989 Tr.
1639 2955 1718 2990 589.
1756 2968 1831 2990 cum
1856 2960 2048 3000 hyperbato.

1046 3003 1155 3052 ἅγχου
1171 3003 1198 3038 δ’
1214 3003 1281 3050 ἄρα
1296 3002 1360 3038 κού
1379 3003 1512 3049 μακράν
1529 3001 1598 3035 962
1616 3005 1666 3035 ch.
1696 3005 1743 3042 ὡς
1761 3004 1831 3038 αἰὲν
1850 3004 1888 3038 οὐ
1909 3008 2054 3050 μενοῦν-

1045 3064 1087 3086 τα
1104 3054 1159 3083 Ai.
1171 3049 1240 3084 682
1256 3053 1431 3083 traiectum
1443 3052 1537 3084 illud.
1554 3049 1617 3083 κού
1630 3048 1723 3097 λόγῳ
1737 3049 1836 3090 δείξω
1853 3051 1955 3097 μόνον
1968 3050 2047 3085 813.

1047 3109 1236 3140 quanquam
1272 3108 1334 3129 nec
1373 3099 1541 3130 sententia
1580 3107 1640 3128 nec
1674 3099 1840 3131 collocatio
1878 3101 2053 3131 verborum

1047 3146 1209 3187 prohibet,
1245 3147 1425 3186 quominus
1457 3142 1520 3177 κού
1545 3142 1637 3189 λόγῳ
1670 3155 1736 3176 11011
1769 3144 1832 3179 κού
1863 3145 1966 3190 μόνον
1998 3156 2053 3178 co-

1046 3193 1266 3232 agmentanda
1281 3197 1450 3233 putemus,
1479 3192 1572 3223 velut
1596 3193 1649 3223 El.
1673 3189 1773 3224 1453.
1809 3190 1847 3225 οὐ
1873 3191 2004 3238 μᾶλλον
2027 3191 2052 3236 ἢ

1046 3237 1245 3283 λυπήσομέν
1266 3236 1366 3270 1139.
1396 3237 1468 3271 ἐπεὶ
1491 3235 1552 3270 τᾶν
1577 3236 1616 3271 οὐ
1643 3238 1776 3284 μακρὰν
1803 3238 1889 3278 ἔζων
1908 3238 1976 3285 ἐγώ
1993 3240 2046 3271 El.

1046 3283 1127 3317 323.
1156 3284 1219 3332 οὐγ
1245 3278 1268 3331 ᾗ
1293 3279 1352 3330 ’γὼ
1368 3283 1459 3331 λέγω
1473 3282 1552 3317 338.
1582 3284 1682 3331 δαρὸν
1699 3284 1762 3318 οὐκ
1778 3283 1944 3331 ἀπόνητοι
1965 3284 2053 3318 1065

1048 3333 1099 3363 ch.
1128 3331 1191 3366 οὐκ
1213 3327 1389 3369 εἰωθότως
1415 3328 1515 3364 1456.
1560 3330 1598 3364 οὐ
1624 3330 1755 3377 μᾶλλον
1781 3333 1892 3364 Cedal.
1915 3330 1994 3373 307,
2014 3331 2048 3366 2.

1048 3377 1088 3412 οὐ
1111 3378 1224 3424 κωφοὶ
1251 3378 1353 3424 μόνον
1377 3380 1442 3412 ine.
1464 3375 1542 3418 663,
1568 3376 1598 3410 1.
1621 3397 1662 3402 —
1690 3379 1735 3410 Et
1752 3379 1841 3411 dicta
1865 3379 2053 3412 adverbias-
2080 3390 2084 3393 ’

1048 3428 1154 3458 centia
1178 3427 1423 3467 praepositione
1448 3429 1483 3457 et
1500 3435 1579 3457 casu
1597 3427 1791 3458 efficiuntur
1807 3427 1902 3468 talia,
1932 3428 2053 3468 quibus

1696 3493 1768 3528 36*
