2288 3600
343 147 437 195 182

1055 141 1259 206 Δύναμις
1289 172 1351 179 -
1379 141 1697 210 Δυσάλγητος.

2085 154 2115 198 [1
2125 163 2161 198 Ρ,
2177 124 2288 190 452-

338 274 366 295 a.
389 261 406 295 δ
418 259 604 295 ύνασθαι
622 273 642 292 α
657 271 689 292 se
707 263 892 301 impetrare,
912 259 1080 306 τλῆναι.
1100 259 1138 294 τὸ
1157 257 1184 292 δ’
1201 258 1244 294 αὖ
1270 259 1349 300 ξυν-
1391 273 1419 294 ω
1439 261 1582 292 mutavit
1599 270 1643 292 m.
1665 265 1734 293 ant.
1754 262 1790 293 in
1811 259 1884 306 LA]
1901 259 1981 306 μίαν
1998 257 2076 295 καθ’
2091 259 2225 307 ἡμέραν
2242 259 2288 301 (ὦ

339 312 444 344 οικεῖν
469 306 541 356 τῇδ’
570 307 657 353 ὁμοῦ
682 307 732 342 τίς
756 305 795 341 ἂν
813 306 898 354 γυνὴ
917 305 1072 347 δύναιτο,
1103 308 1158 339 Tr.
1180 303 1260 340 546.
1299 308 1352 340 Sic

338 358 508 397 intelligo,
545 356 631 398 quod
656 365 849 398 perperam,
886 358 924 386 ut
942 356 1092 395 videtur,
1123 365 1183 396 pro
1199 351 1351 388 θέλειν

339 405 467 436 dictum
491 413 565 436 esse
582 406 745 444 putarunt
766 400 814 446 (v.
835 402 944 434 Koen.
973 403 1014 434 ad
1032 403 1167 442 Gregor.
1197 412 1231 444 p.
1256 399 1348 445 136),

339 453 528 491 Antigonae
545 451 629 483 illud
647 462 678 483 v.
695 447 776 482 455.
807 447 888 482 οὐδὲ
906 446 1035 483 σθένειν
1051 451 1214 483 τοσοῦτον
1233 445 1353 496 ᾠόμην

338 497 381 532 τὰ
406 497 448 532 σὰ
465 495 662 544 κηρύγμαθ’
688 491 767 530 ὥστ’
783 494 939 542 ἄγραπτα
955 495 1118 543 κάσφαλῆ
1138 493 1227 530 θεῶν
1253 494 1355 540 νόμι-

341 558 390 591 μα
416 543 582 579 δύνασθαι
605 542 730 590 θνητὸν
755 541 826 578 ὄνθ’
851 541 1091 589 ὑπερδραμεῖν.
1121 544 1193 576 Non
1211 545 1252 575 de
1272 543 1352 576 Cre-

340 597 418 626 onte
443 594 611 635 loquitur‚
639 592 694 624 sed
719 601 783 623 sese
809 593 914 632 ipsam
938 592 1020 623 dicit
1042 601 1110 622 non
1130 593 1273 631 potuisse
1291 593 1354 622 im-

336 645 466 682 petrare
491 651 511 672 α
527 650 580 679 se,
607 644 644 671 ut
667 639 813 671 Creontis
837 638 943 670 edicta
970 641 1038 670 iure
1061 638 1173 670 divino
1191 640 1354 669 sanctiora

335 691 478 729 putaret.
507 685 588 721 ὄντα
606 688 698 727 dicit,
719 687 806 727 quod
823 687 1006 726 generatim
1024 686 1064 717 de
1082 687 1254 726 omnibus,
1275 686 1353 726 qui-

341 745 475 776 cunque
500 736 645 774 fuerint,
682 735 786 774 igitur
810 734 851 765 de
876 743 910 765 se
929 743 1061 774 quoque
1078 734 1286 773 pronuntiat.
1311 751 1351 756 -

339 784 373 815 b.
393 783 620 822 Praegnanter
645 781 812 821 significat
835 782 1042 821 aliquantum
1062 790 1168 820 posse,
1197 782 1277 812 satis
1293 791 1353 811 υα-

341 832 413 861 lere.
444 822 583 875 ἀρήξατ’
599 826 821 868 εἰσελθόντες,
850 826 880 860 εἰ
898 824 1044 860 δύνασθέ
1064 838 1096 860 τι
1114 828 1169 859 Ai.
1191 824 1270 859 329.
1300 827 1354 859 Sic

340 878 492 916 intelligo
518 875 550 910 οἱ
573 878 633 909 τοῦ
659 874 786 921 πατρὸς
809 874 859 919 τῷ
877 873 977 920 πατρὶ
1003 872 1183 919 δυνάμενοι
1207 873 1246 907 τὸ
1272 871 1353 920 δρᾶν

341 922 404 958 οὐκ
419 920 596 969 ἠθέλησαν
607 923 661 956 OG
671 920 739 955 442
757 924 812 963 qui
825 924 915 962 patri
932 932 988 953 suo
1007 922 1080 963 filii,
1102 924 1249 962 quamvis
1267 923 1352 961 opti-

340 981 390 1003 me
406 973 560 1011 vedentes,
583 972 746 1002 auxilium
762 970 847 1010 ferre
862 972 1055 1001 recusarunt
1066 981 1076 1008 ,-
1096 970 1235 1001 sortasse
1254 970 1353 1000 etiam

342 1019 389 1056 ὡς
407 1015 560 1059 δύνασαι,
581 1014 722 1063 Τεῦκρε,
742 1015 890 1063 ταχύνας
909 1019 1052 1049 σπεῦσον
1070 1017 1125 1048 Ai.
1141 1013 1231 1048 1164
1248 1026 1354 1057 quan-

342 1070 412 1098 tum
432 1067 573 1098 maaeime
593 1069 705 1106 potes,
734 1075 760 1097 s.
786 1075 846 1104 pro
871 1065 960 1096 virili
972 1067 1077 1104 parte.
1102 1082 1142 1088 —
1162 1075 1188 1095 c.
1211 1064 1354 1104 Compo-

342 1118 470 1145 nuntur
485 1117 518 1144 et
535 1117 750 1155 opponuntur
774 1113 874 1144 verba
899 1109 1038 1157 ἕχειντ
1068 1105 1126 1157 ἀφ’
1152 1111 1198 1144 ὧν
1226 1108 1300 1156 ἔχοι
1316 1121 1352 1143 τε

341 1159 400 1194 καὶ
419 1158 554 1193 δύναιτο
573 1161 629 1192 OR
647 1156 727 1192 315.
755 1158 877 1205 ὁρᾶνε
905 1156 1068 1203 λείπομαι
1092 1156 1156 1204 γὰρ
1182 1156 1217 1191 ἐν
1234 1158 1285 1202 τῷ

342 1204 508 1241 δύνασθαι
528 1205 568 1249 [ἐ.
588 1218 617 1239 τ.
635 1206 723 1252 μήτε
738 1209 861 1239 σωκεῖν
877 1206 996 1247 Dind.]
1016 1203 1094 1251 μηδ’
1113 1205 1195 1251 ὁρᾶν
1206 1205 1260 1237 OC
1270 1202 1351 1237 496.

342 1252 629 1289 ἐπίστασθαιι
668 1251 735 1287 οὔτ’
759 1251 798 1287 ἂν
833 1251 1000 1298 δυναίμην
1036 1247 1115 1298 μήτ’
1149 1251 1354 1298 ἐπισταίμην

340 1301 450 1348 λέγειν
476 1303 558 1335 Ant.
579 1299 658 1334 686.
681 1319 722 1325 -—
750 1301 764 1343 ΙΙ
790 1303 829 1333 In
853 1302 982 1332 ratione
1004 1301 1098 1332 verbi
1128 1301 1355 1340 coniungendi

343 1360 419 1382 cum
444 1350 518 1381 aliis
536 1350 703 1381 vocabulis
726 1350 871 1390 primum
889 1348 1151 1388 observandum,
1181 1348 1246 1379 etsi
1263 1349 1355 1380 Atti-

342 1398 445 1429 cistae
463 1394 627 1430 δύνασθαι
641 1406 716 1428 cum
735 1397 848 1427 futuro
865 1396 931 1427 dici
949 1399 1075 1435 vetant,
1098 1395 1225 1427 dictum
1243 1399 1355 1427 tamen

343 1445 495 1485 Sophocli
511 1454 585 1476 esse
603 1441 634 1476 εί
652 1442 690 1477 σέ
713 1455 749 1488 γε
771 1441 897 1476 πείσειν
924 1439 1163 1488 δυνησόμεσθα
1182 1440 1289 1488 μηδὲν
1309 1442 1355 1476 ὦν

343 1489 434 1537 λέγω
451 1492 512 1523 Ph.
532 1488 634 1524 1394.
656 1488 831 1526 πείθειν
850 1491 1031 1531 corrigebat
1049 1490 1180 1522 Schaef.
1198 1491 1276 1522 Mel.
1300 1489 1352 1522 Cr.

341 1550 375 1581 p.
398 1535 442 1572 99
459 1536 584 1583 [recep.
597 1537 733 1583 Dind.].
765 1539 828 1571 Sed
846 1542 922 1579 post
939 1542 973 1569 et
988 1539 1061 1579 ipse
1078 1538 1184 1569 multa
1202 1538 1357 1578 exempla

343 1587 416 1618 eius
449 1587 498 1618 rei
526 1587 641 1618 attulit
673 1587 709 1618 in
741 1586 912 1627 Lipsiensi
945 1585 1093 1617 editione
1121 1585 1355 1617 Gnomicorum

342 1634 504 1665 Brunckii
527 1643 561 1674 p.
585 1630 648 1674 16,
685 1638 718 1665 et
744 1634 843 1674 plane
867 1633 1033 1674 explicuit
1059 1632 1141 1663 Lob.
1171 1633 1209 1664 ad
1228 1632 1352 1671 Phryn.

342 1690 377 1722 p.
398 1677 478 1712 747.
516 1681 580 1713 Sed
605 1682 837 1712 attractionem
867 1681 903 1711 in
920 1680 982 1711 hoc
1005 1689 1128 1719 genere
1153 1683 1351 1720 temporum,

345 1729 478 1770 qualem
496 1727 647 1760 defendit
663 1728 779 1761 Herm.
800 1728 881 1759 diss.
899 1728 939 1759 de
951 1736 1060 1767 praec.
1077 1727 1235 1767 quibusd.
1248 1727 1353 1759 Attic.

343 1785 377 1816 p.
399 1772 479 1807 281.
509 1775 631 1816 Opusc.
660 1779 685 1807 t.
707 1777 734 1807 I.
768 1785 835 1807 non
860 1783 1010 1814 agnosco.
1033 1791 1074 1797 —
1100 1775 1152 1805 De
1169 1774 1277 1814 ipsius
1296 1771 1357 1806 δύ-

342 1819 466 1855 νασθαι
484 1823 689 1864 temporibus
710 1823 910 1864 permutatis
924 1822 1047 1862 aliquis
1064 1822 1185 1861 cogitet
1210 1821 1270 1852 Ph.
1290 1818 1358 1852 742

343 1867 511 1903 ἀπόλωλα
533 1868 595 1903 κού
622 1867 813 1915 δυνήσομαι
845 1868 951 1902 κακὸν
975 1866 1121 1914 κρύψαις
1158 1872 1197 1900 ut
1221 1866 1267 1901 δύ
1283 1879 1359 1901 να·-

347 1928 423 1960 μαι
446 1918 511 1949 dici
529 1917 684 1949 debuisse
702 1918 865 1949 videatur.
896 1917 960 1950 Sed
977 1916 1181 1948 Philoctetes
1204 1925 1269 1947 sese
1285 1925 1359 1947 sen-

347 1965 406 1996 tire
423 1965 599 2005 exclamat,
623 1965 692 2006 fieri
708 1974 777 1996 non
789 1974 896 2004 posse,
924 1968 963 1995 ut
981 1967 1166 2004 compescat
1184 1963 1341 1995 dolorem.

417 2015 618 2069 Δύνᾶμις
643 2024 702 2055 vis.
732 2021 831 2056 ποίαν
856 2020 998 2066 δύναμιν
1024 2015 1083 2055 ὧδ’
1117 2019 1190 2068 ἔχει
1215 2019 1357 2067 διπλῆν;

345 2070 403 2102 OR
412 2066 492 2102 938.
513 2070 653 2109 Quaerit
668 2071 805 2111 Iocasta,
826 2070 987 2111 quomodo
1004 2079 1057 2101 res
1073 2079 1142 2101 una
1155 2073 1223 2101 tam
1233 2070 1364 2101 diversa

347 2118 456 2149 valeat
472 2118 604 2149 efficere
623 2115 669 2161 [ν.
691 2118 713 2149 l.
735 2119 816 2150 Ant.
839 2114 907 2149 604
924 2127 955 2148 V.
979 2114 1139 2158 δύνασις].

417 2168 610 2213 Δύνᾶσις
631 2178 791 2216 potentia.
819 2174 910 2216 τεάν,
932 2171 1015 2216 Ζεῦ,
1045 2173 1181 2209 δύνασιν
1203 2173 1361 2220 [δύναμιν

346 2223 403 2255 LA
423 2233 442 2255 σ
459 2234 477 2255 a
493 2233 536 2255 m.
558 2233 607 2264 pr.
631 2233 733 2264 super
751 2235 776 2267 μ
792 2220 916 2267 posito]
939 2221 990 2260 τίς
1015 2220 1147 2279 ἀνδρων
1173 2220 1362 2268 ὑπερβασία

345 2314 409 2349 951
430 2318 482 2350 ch.
504 2318 612 2349 Extra
628 2317 810 2350 dorismum
828 2327 893 2350 non
911 2318 1046 2358 legitur.

416 2372 473 2410 Διῖ
482 2386 610 2409 ναστε
622 2374 662 2409 ία
678 2376 870 2408 dominatio.
899 2373 1011 2421 ἀρχῆς
1029 2373 1163 2409 ἀλύπου
1181 2375 1239 2409 καὶ
1257 2373 1361 2410 δυνα-

345 2421 455 2460 στείας
472 2423 530 2455 OR
542 2420 622 2456 593.
661 2422 763 2456 Suam
780 2425 840 2464 sic,
861 2423 1005 2455 hominis
1022 2424 1158 2464 privati,
1175 2425 1360 2464 potentiam

347 2470 454 2502 Creon
471 2475 578 2510 vocat,
599 2481 675 2502 cum
693 2471 920 2503 sollicitudine
937 2471 1032 2510 regni
1050 2475 1282 2511 comparatam.

416 2523 618 2575 Δῦνάστη
630 2535 645 2561 ς
679 2529 842 2561 dominus.
887 2526 1026 2575 ἀγήρως
1055 2527 1187 2575 [ἀγήρῳ
1214 2530 1272 2560 LA
1290 2528 1356 2570 pr.]

348 2574 385 2609 δὲ
409 2574 524 2621 χρόνῳ
550 2573 715 2609 δυνάστας
738 2575 897 2624 κατέχεις
928 2573 1104 2621 Ὀλύμπου
1135 2573 1257 2620 αἴγλαν
1276 2578 1356 2608 Ant.

347 2620 415 2655 608
433 2623 484 2654 ch.
505 2624 670 2664 Iuppiter.
691 2625 862 2656 Accentus
879 2624 948 2660 ille,
972 2633 1073 2664 quem
1091 2625 1127 2655 in
1144 2625 1264 2655 ultima
1280 2624 1361 2655 ferri

347 2672 517 2711 oportebat
534 2680 599 2702 sec.
621 2671 732 2711 Apoll.
753 2672 793 2703 de
806 2672 880 2704 adv.
897 2681 930 2712 p.
944 2668 1025 2711 545,
1037 2668 1083 2703 23
1097 2674 1132 2702 et
1148 2670 1214 2702 ΕΜ
1230 2680 1264 2711 p.
1276 2667 1356 2710 436,

350 2715 402 2755 12,
425 2727 525 2759 quem
542 2717 773 2750 fideiussorem
790 2718 923 2758 habeat,
947 2719 1072 2758 ignoro.

417 2772 656 2814 *Δυνάστις
681 2786 740 2818 pro
772 2775 956 2814 ὠδυνοίσεις
990 2778 1102 2809 nescio
1128 2777 1224 2808 cuius
1249 2777 1361 2808 conie-

347 2826 440 2854 ctura
457 2827 508 2854 est
525 2824 595 2855 loco
614 2827 767 2866 corrupto
785 2824 888 2863 synd.
908 2825 949 2856 fr.
974 2821 1052 2865 146,
1072 2821 1094 2855 2
1112 2835 1144 2856 v.
1166 2826 1301 2869 μνῆσις.

418 2876 619 2920 Δῦνᾶτός
636 2882 651 2924 ll
669 2882 754 2922 quod
765 2886 872 2923 potest
898 2883 979 2924 fieri.
1009 2880 1047 2916 οὐ
1075 2880 1215 2916 δυνατὸν
1242 2879 1362 2927 προδιν

351 2925 487 2962 δοίσκειν
520 2930 575 2961 Ai.
601 2926 666 2961 163
683 2939 736 2961 an.
774 2931 836 2963 ποῖ
860 2927 923 2975 γὰρ
950 2927 1070 2974 μολεῖν
1103 2940 1161 2974 μοι
1196 2926 1357 2969 δυνατόν,

349 2972 550 3054 {gog-151¹}
562 2980 689 3016 potem.
717 2978 793 3014 τοῖς
819 2974 977 3014 δυνατοῖς
1003 2974 1067 3010 οὐκ
1085 2974 1200 3022 ἐριστὰ
1217 2972 1361 3009 πλάθειν

395 3046 401 3052 .
508 3033 526 3054 c
554 3048 560 3054 .

418 3076 541 3114 Δύνω
566 3092 597 3113 v.
627 3079 710 3115 δύω.

421 3135 505 3172 Δύο
531 3139 607 3172 duo.
638 3137 711 3173 δύο
738 3139 833 3186 φέρει
850 3138 1040 3186 δωρήματα
1066 3141 1126 3172 Ph.
1152 3137 1228 3171 117.
1251 3133 1300 3172 δύ’
1318 3137 1360 3173 αὖ

349 3181 427 3218 τώδ’
465 3183 629 3225 έξέδειξας
654 3184 734 3218 426.
771 3185 871 3233 ἄνδρε
904 3186 947 3233 γὰ
1008 3186 1069 3221 δύο
1100 3189 1267 3234 χωρεῖτον
1293 3183 1360 3219 539

353 3229 434 3273 [δύω
453 3233 522 3264 LA.
551 3231 611 3267 δύο
636 3243 742 3265 unum
760 3234 900 3275 apogr.].
928 3233 946 3268 ὀ
971 3232 1108 3279 ώλαμεν
1127 3229 1177 3267 δύ’
1210 3231 1285 3266 ὄντε
1303 3234 1360 3266 OR

351 3275 450 3310 1505.
475 3279 515 3321 [ὦ
534 3277 582 3313 δύ’
600 3277 710 3313 ἀθλίω
726 3280 837 3327 τροφοί
859 3281 913 3314 00
932 3278 1000 3314 330
1010 3282 1062 3314 ch.
1083 3282 1183 3313 Dind.
1205 3290 1263 3321 pro
1282 3278 1362 3313 δυσ-

349 3322 466 3358 οίθλιαι
488 3325 621 3372 τροφαί]
658 3322 708 3360 δύ’
735 3326 771 3367 ἐξ
797 3327 882 3372 ἐμοῦ
907 3326 1009 3362 παῖδε
1029 3325 1161 3369 [παῖδες
1180 3325 1273 3371 LA],
1300 3324 1361 3360 δύο

350 3365 378 3403 δ’
404 3369 468 3405 α”τα
493 3373 548 3405 Oc
566 3371 727 3406 530—33
746 3385 790 3407 m.
827 3371 1061 3421 ἐστερήθημεν
1096 3372 1156 3407 δύο
1189 3375 1270 3405 Ant.
1304 3371 1356 3405 13.

350 3415 421 3451 δύω
446 3429 547 3460 supra
565 3422 687 3461 scripto
704 3432 722 3454 ο
739 3423 804 3454 alia
828 3432 916 3454 man.
939 3423 1009 3454 LA.
1030 3419 1170 3468 ἀδελφὼ
1187 3418 1258 3454 δύω
1281 3420 1310 3462 [ο
1325 3421 1360 3452 in

345 2268 523 2317 κατάσχῃ,
552 2272 634 2302 Ant.
657 2267 725 2302 604
742 2271 794 2302 ch.
817 2269 838 2304 ἁ
865 2267 1016 2315 μοιριδία
1040 2281 1091 2308 τις
1110 2267 1245 2307 ούνασις
1272 2267 1364 2303 δεινοί
1399 2247 1576 2333 Ξῗίξὲἶζὲθ
1594 2243 2286 2335 ζέἰῖξυξέᾦ9ᾱὸἰὲπῖῗξὲωἶῖηῖὲῗιξῗὶα

1390 305 1447 339 55.
1467 306 1601 353 τρέφων
1620 304 1669 340 δύ’
1687 305 1752 342 ἄτα
1770 305 1850 341 533.
1895 319 2003 353 κομεν
2021 303 2072 342 δύ’
2095 306 2131 348 ἐξ
2147 306 2222 343 ἑνὸς
2238 302 2288 354 βλι

1390 351 1470 386 989.
1499 352 1549 388 δύ’
1574 352 1674 388 οὖσαι
1697 355 1752 387 Tr.
1774 351 1855 394 539,
1907 354 1946 389 ύο
1970 352 1994 400 ἢ
2020 354 2079 390 καὶ
2104 354 2243 394 πλείους
2265 354 2288 438 ‘a

1390 399 1470 434 943.
1492 403 1590 434 Eust.
1607 412 1642 443 p.
1656 399 1738 441 801,
1762 399 1792 435 1.
1813 400 1874 435 δύο
1892 399 1920 435 δ’
1937 400 1959 436 ἀ
1981 400 2123 449 γίποδας
2138 401 2256 449 κριοὺς

1389 449 1444 482 Ai.
1457 446 1526 481 237
1544 459 1596 481 an.
1620 446 1679 482 δύο
1697 446 1821 494 Λίβυες
1837 449 1890 481 El.
1905 447 1950 482 70
1977 475 1984 482 .
2007 448 2067 484 δύο
2085 448 2181 496 φέρει
2197 447 2224 483 δ’
2242 448 2288 485 ἑνὶ

1392 493 1483 528 1088
1501 497 1551 528 ch.
1575 494 1741 542 εὐφρόνας
1763 494 1923 542 [εὔφρονα
1941 495 2065 542 Dind.]
2091 495 2152 532 δύο
2170 499 2210 530 fr.
2231 499 2288 533 ine

1391 541 1424 575 3.
1453 543 1488 576 Si
1512 544 1668 584 exempla
1692 544 1841 576 elisionis
1859 544 2047 577 consideres
2064 550 2099 578 et
2123 546 2288 587 excipiam

1390 591 1456 632 pla,
1485 588 1545 624 δύο
1571 592 1607 622 in
1625 591 1692 623 fine
1709 601 1826 623 versus
1851 593 1999 632 positum
2016 592 2211 625 exhibentia.
2237 593 2285 625 Ph

1391 638 1445 671 El.
1467 635 1546 670 701.
1577 639 1632 670 Tr.
1655 634 1735 670 943.
1756 640 1822 671 inc.
1845 635 1925 679 713,
1946 635 1979 679 3,
2014 640 2051 671 in
2068 641 2189 672 ceteris
2210 649 2253 672 ne
2269 644 2288 672 t<

1391 686 1526 725 quidem
1559 695 1676 717 versus
1709 687 1782 726 lege
1814 688 1953 718 formam
1984 687 2114 719 videbis
2139 698 2158 719 a
2182 696 2288 727 gramm

1391 733 1579 764 damnatam
1606 730 1695 765 δύωι
1724 744 1756 765 v.
1785 734 1839 765 Br.
1867 733 1908 764 ad
1930 733 1989 765 Ar.
2018 735 2102 766 Ran.
2132 731 2233 766 1405.
2250 733 2288 767 Ρ(

1391 780 1473 811 Eur.
1502 781 1557 812 Or.
1583 777 1683 812 1550.
1713 781 1755 812 cf.
1785 781 1902 812 Matth.
1940 790 1987 820 gr.
2017 781 2074 814 Gr.
2097 779 2128 813 1.
2155 791 2190 822 p.
2210 777 2288 815 262.

1390 828 1459 858 ulla
1483 827 1547 859 fide
1571 838 1589 858 a
1613 827 1708 858 libris
1732 829 1790 859 illa
1807 829 1968 859 firmatur.
1991 847 2032 853 —
2051 826 2110 862 σὺν
2136 826 2261 862 δυοῖν
2283 841 2288 861 ι

1390 874 1452 906 Ph.
1473 871 1553 906 543.
1593 873 1731 918 ἰσοῦμαι
1763 874 1858 921 σφῷν
1892 873 1960 920 ἐγὼ
1989 873 2086 909 δυοῖν
2109 873 2222 921 τρίτος
2245 875 2288 908 Ol

1389 917 1489 954 *τάδ’
1509 919 1549 954 ἐκ
1567 920 1662 955 δυοῖν
1688 920 1835 968 ἔρρωγεν
1856 919 1945 955 1280
1969 920 2063 966 [secl.
2083 920 2216 967 Dind.].
2237 919 2288 956 οἷν

1391 969 1448 1001 OR
1467 966 1568 1001 1373.
1598 966 1747 1014 θιγγάνω
1774 968 1868 1003 δυοῖν
1886 970 1942 1002 OC
1960 966 2040 1001 329.
2062 968 2156 1003 δυοῖν
2179 970 2288 1004 κοικοῖς

1390 1014 1524 1049 παίδοιν
1543 1014 1637 1050 δυοῖν
1655 1014 1735 1050 818.
1763 1015 1858 1050 δυοῖν
1876 1015 2038 1063 ἀδελφοῖν
2063 1018 2145 1049 Ant.
2169 1014 2223 1049 13.
2251 1014 2288 1050 ἐκ

1392 1060 1465 1107 ἅμα
1489 1064 1545 1095 Tr.
1567 1061 1646 1095 941.
1677 1063 1771 1098 δυοῖν
1804 1062 1940 1110 βροτοῖν
1965 1065 2019 1096 Ai.
2044 1061 2146 1097 1028.
2179 1062 2214 1104 ἐξ
2238 1061 2288 1109 ἀρι

1392 1109 1486 1144 δυοῖν
1502 1108 1602 1144 1304.
1623 1109 1720 1145 δυοῖν
1738 1109 1856 1156 ἐρίζειν
1870 1112 1924 1144 El.
1938 1109 2018 1144 467.
2036 1109 2100 1145 οὐκ
2115 1109 2156 1145 ἂν
2175 1109 2288 1145 δυοῖν*

1305 1157 1353 1203 μὴ
1389 1169 1447 1191 τον
1477 1155 1577 1190 1320.
1614 1157 1652 1192 οὐ
1683 1157 1774 1192 δυεῖν
1801 1160 1940 1200 Triptol.
1962 1160 2003 1190 fr.
2024 1156 2093 1191 533
2119 1159 2219 1192 nihili
2243 1160 2288 1202 es!

1390 1206 1540 1237 nondum
1562 1206 1701 1238 inventa
1727 1207 1925 1238 emendatio.
1962 1207 2141 1247 Reliquum
2164 1210 2217 1238 est
2239 1214 2288 1245 syl

1391 1253 1585 1294 exemplum
1612 1254 1873 1286 vehementioris
1899 1251 1993 1287 δυοῖν
2023 1254 2285 1293 monosyllabum

1392 1310 1434 1344 με
1461 1298 1582 1345 δρᾶσαι
1604 1298 1744 1341 δικαιοῖ,
1772 1299 1867 1334 δυοῖν
1897 1299 2083 1347 ἀποκρίνας
2113 1302 2237 1334 κακοῖν
2259 1297 2288 1383 (ἒ

1392 1346 1438 1391 [ν.
1459 1348 1498 1379 de
1517 1357 1554 1379 eo
1572 1348 1687 1380 Herm.
1710 1349 1809 1380 EDM
1826 1345 1882 1380 53.
1911 1349 1990 1380 Lob.
2011 1348 2109 1381 Path.
2129 1345 2163 1389 2,
2185 1343 2251 1380 119
2279 1382 2281 1384 ,

1392 1397 1418 1427 Ι.
1441 1395 1597 1436 Rumpel.
1618 1397 1653 1427 in
1671 1395 1790 1428 Philol.
1811 1392 1868 1436 26,
1888 1392 1984 1440 241}
2013 1396 2087 1427 Etsi
2111 1405 2155 1427 ne
2173 1405 2232 1436 ego
2249 1393 2288 1439 ιη’

1394 1443 1453 1484 qui
1469 1443 1657 1474 Atticorum
1676 1447 1848 1484 poetarum
1866 1444 2017 1474 omnium
2033 1443 2074 1475 de
2091 1442 2288 1484 synaloephe

1395 1491 1463 1521 zesi
1481 1493 1514 1521 et
1532 1491 1615 1522 crasi
1632 1491 1787 1532 exempla
1803 1491 1839 1522 in
1853 1493 2026 1522 numerato
2043 1491 2160 1532 habeo,
2176 1488 2288 1531 planci

1393 1538 1586 1577 exemplum
1620 1539 1750 1579 reperi,
1783 1537 1970 1569 tenendum
2011 1538 2151 1570 arbitror
2191 1534 2288 1578 quotii

1392 1594 1506 1616 omnes
1525 1589 1558 1616 et
1576 1585 1669 1617 Suid.
1691 1588 1850 1625 tuentur,
1877 1586 1935 1626 qui
1957 1586 1995 1616 in
2019 1586 2092 1626 ipsa
2116 1596 2148 1616 v.
2170 1582 2288 1626 δυοῖν(Ι

1391 1641 1525 1663 versum
1553 1634 1660 1664 affert.
1700 1632 1920 1664 Coniecerant
1942 1634 2015 1665 τοῖν
2042 1630 2137 1665 δυοῖν
2161 1629 2288 1678 -ιιρίναςξι,Ι

1373 1679 1487 1710 ιΟοῐιί.
1515 1680 1574 1711 Ar.
1600 1689 1633 1720 p.
1656 1677 1711 1711 70.
1745 1673 1850 1713 τοῖνδ’
1881 1677 2068 1725 ἀποκρίνας
2090 1679 2209 1711 Elmsl.
2243 1674 2288 1724 [θῇ

1394 1724 1488 1759 δυοῖν
1504 1729 1629 1759 κακοῖν
1647 1724 1769 1770 Dind.]
1787 1744 1828 1750 —
1849 1727 2007 1759 Ceterum
2025 1727 2151 1758 clarum
2167 1729 2236 1767 est,
2261 1724 2288 1860 ἦ

1395 1774 1535 1814 genitivi
1559 1772 1679 1807 δυεῖν
1704 1775 1851 1806 Atticam
1876 1774 1999 1805 dictam
2023 1783 2076 1815 ap.
2104 1773 2204 1815 Soph.
2225 1780 2262 1805 ce

1396 1831 1517 1852 carere.
1554 1823 1623 1853 Iam
1648 1825 1779 1853 veteres
1803 1821 1843 1853 de
1869 1822 2069 1862 antiquitate
2094 1821 2168 1853 eius
2192 1820 2273 1853 dubi

1396 1880 1427 1899 v.
1449 1869 1547 1900 Eust.
1574 1879 1607 1910 p.
1629 1865 1709 1909 802,
1730 1865 1795 1909 26,
1828 1872 1862 1900 et
1890 1869 2134 1900 recentissimis
2159 1869 2238 1900 adeo
2261 1858 2288 1922 d

1400 1916 1487 1957 apud
1514 1917 1659 1947 eundem
1683 1916 1876 1948 Heraclides
1909 1926 1941 1957 p.
1976 1912 2081 1956 1907,
2111 1912 2168 1948 50.
2211 1914 2242 1947 N
2275 1925 2288 1952 Α

1400 1963 1520 1994 nichus
1546 1964 1709 2004 praefert,
1739 1964 1798 1995 sed
1814 1964 1953 2004 probum
1971 1966 2103 1995 tantum
2129 1963 2211 1994 dicit

1399 2011 1468 2042 tivo
1494 2021 1570 2042 casu
1598 2009 1703 2043 δυεῖν.
1733 2010 1798 2048 Qui
1823 2011 1902 2042 olim
1928 2008 2050 2043 δυεῖν
2073 2018 2285 2051 receperam

1400 2057 1502 2090 Seidl.
1524 2059 1558 2089 in
1578 2058 1631 2090 El.
1649 2054 1705 2089 95.
1727 2058 1843 2089 Herm.
1864 2058 1900 2088 in
1913 2058 1996 2090 Hec.
2016 2054 2060 2089 45
2079 2057 2205 2089 dudum
2221 2055 2283 2088 m?

1399 2105 1505 2144 credo,
1539 2106 1762 2141 sententiam,
1792 2108 1880 2136 certe
1897 2105 2014 2136 Herm.
2035 2105 2126 2136 fecit.
2155 2104 2252 2136 Matt

1399 2153 1474 2183 dem
1500 2153 1607 2184 sobrio
1632 2161 1714 2184 usus
1738 2153 1862 2184 iudicio
1886 2152 1926 2184 ad
1947 2151 2028 2185 Hec.
2058 2152 2080 2183 l.
2103 2161 2130 2183 c.
2159 2151 2238 2183 adeo
2262 2151 2270 2191 ss

1399 2200 1549 2231 constitit
1563 2225 1570 2239 ,
1606 2203 1645 2231 ut
1668 2200 1745 2240 plus
1771 2200 1875 2231 semel
1899 2200 2001 2231 etiam
2026 2203 2138 2230 contra
2162 2190 2274 2230 Ιίῐιιτοσί

1398 2341 1480 2373 Hec.
1501 2338 1557 2373 45.
1586 2341 1663 2372 Hel.
1686 2338 1765 2372 652.
1792 2341 1838 2372 ΙΤ
1856 2337 1936 2372 867.
1973 2341 2056 2372 Rem
2073 2340 2278 2387 confecisse!

1397 2389 1459 2420 dus
1473 2388 1666 2420 Schneider.
1685 2392 1747 2427 est,
1769 2389 1827 2429 qui
1845 2397 1888 2419 ne
1901 2397 1954 2429 ap.
1967 2387 2052 2419 Plat.
2074 2387 2210 2428 quidem
2231 2387 2276 2413 :¹³

1398 2436 1463 2467 flde
1482 2439 1632 2467 constare
1650 2433 1742 2468 δυεῖν
1761 2435 1908 2467 ostendit
1924 2435 1966 2466 ad
1983 2435 2105 2476 Rpubl.
2127 2430 2160 2466 5.
2181 2443 2215 2475 p.
2240 2434 2269 2459 Γ

1468 2490 1521 2527 Δυ
1534 2491 1838 2539 οκαιδεκοίμην
1851 2500 1893 2526 ος
1923 2493 2095 2525 duodecim
2126 2493 2230 2524 merui
2250 2487 2286 2520 ιε’*

1397 2550 1494 2619 gagg-3.
1517 2539 1629 2586 παντᾷ
1645 2538 1962 2586 δυοκαιδεκάμηνον
1981 2538 2195 2585 ἀμμένουσαι
2210 2537 2266 2587 χ’
2282 2583 2283 2586 ¹

1480 2589 1531 2619 ch.

1468 2631 1494 2668 Δ
1506 2627 1525 2667 υ“’
1538 2645 1555 2679 ρ
1565 2646 1583 2668 ο
1594 2647 1618 2679 μ
1628 2645 1670 2667 αι
1696 2634 1809 2676 άεΙΙεο.
1840 2632 1987 2679 δύρομαι
2003 2628 2068 2680 γάρ
2085 2633 2143 2666 OR
2164 2630 2225 2665 121
2234 2647 2260 2661 r

1396 2682 1449 2713 bri
1475 2687 1586 2714 contra
1611 2692 1744 2713 versum
1773 2679 1950 2727 ὀδύρομαι.
1995 2682 2083 2713 Illud
2108 2690 2151 2712 ex
2177 2689 2269 2723 emat·

1397 2729 1532 2761 Porsoni
1542 2733 1593 2760 est
1604 2730 1644 2760 ad
1652 2729 1734 2760 Hec.
1750 2726 1829 2760 734.
1852 2729 1971 2760 Elmsl.
1983 2729 2120 2769 quidem
2131 2728 2246 2764 solum,
2270 2760 2284 2766 „

1400 2785 1466 2807 non
1488 2773 1654 2822 ὀδύρομαι
1671 2777 1871 2815 tragicorum
1889 2785 1963 2807 esse
1981 2776 2139 2807 decrevit.
2161 2785 2193 2806 v.
2215 2771 2276 2808 ὂψ·ἱ

1468 2831 1721 2872 Δῦσοίθλιος
1754 2843 1976 2866 aerumnosus.
2021 2833 2050 2868 ὦ
2079 2829 2285 2875 §neamus

1398 2879 1462 2924 [sic
1482 2883 1556 2913 LA:
1586 2875 1637 2914 δύ’
1653 2878 1765 2914 ἀθλίω
1782 2874 1892 2926 τροφοί
1906 2878 2027 2925 Dind.]
2045 2880 2100 2914 OC
2110 2876 2190 2912 330.
2226 2894 2240 2907 a>
2256 2913 2257 2917 ,
2275 2875 2282 2904 ἶ

1398 2928 1516 2969 Oedipi
1536 2930 1662 2960 cultum
1682 2932 1715 2959 et
1733 2928 1884 2959 habitum
1902 2928 1993 2959 dicit.
2116 2925 2148 2970 (Ι
2164 2936 2198 2968 p.
2218 2921 2240 2958 4

1467 2983 1494 3020 Δ
1506 2998 1523 3019 υ
1535 2985 1637 3020 σαίω
1649 2998 1666 3019 ν
1692 2988 1788 3017 miser
1805 2988 1883 3018 vita.
1922 2983 2016 3029 ἦσθα
2033 2984 2180 3019 δυσαίων
2196 2985 2247 3017 O*
2260 2981 2272 3014 ἱ

1397 3031 1607 3077 [genetivum
1638 3043 1756 3066 causae
1789 3031 1907 3066 ἀλαῶν
1933 3031 2098 3078 ὀμμάτων
2131 3032 2210 3064 inde
2239 3045 2254 3077 ²2

1398 3081 1578 3113 Sehrwald.
1600 3084 1744 3122 quaestt.
1764 3091 1797 3121 p.
1821 3078 1868 3124 5].
2251 3076 2285 3086 ’”

1468 3135 1757 3191 ΔυσοίλγητοΙς
1789 3138 1906 3177 durus,
1946 3139 2154 3170 inhumanus.
2197 3134 2250 3174 δυ,

1397 3184 1460 3266 ἶαέρ
1487 3183 1648 3266 ὂὲᾌῑὲἵηῖ’
1674 3183 1883 3266 {aff-‘²⁴²
1897 3182 2214 3264 h⁰ss³12‹{{“{3‚‘‡²3⁶1‘'i‘””

1400 3258 1504 3312 strum
1525 3289 1567 3311 ex
1579 3258 1724 3320 utroque
1742 3243 1898 3311 νέἒὶαΐύὶο
1913 3242 2225 3318 confusum913x61i
2248 3266 2288 3317 ῥ’

1399 3323 1527 3371 παθής.
1554 3323 1578 3370 ἢ
1605 3323 1713 3363 δειλός
1738 3324 1827 3359 ἐστιν
1851 3323 1874 3370 ἢ
1903 3323 2114 3371 δυσάλγητος
2133 3319 2267 3371 φρέναῖ

1399 3370 1479 3413 689,
1509 3370 1541 3404 2.
1577 3374 1619 3404 V.
1641 3374 1754 3414 Intpp.
1785 3373 1882 3412 Greg.
1914 3372 1985 3404 Gor.
2006 3383 2040 3413 p.
2065 3369 2141 3403 163.
2164 3372 2185 3405 S
2256 3402 2267 3408 .,

1399 3420 1575 3452 Demosth.
1595 3416 1628 3452 2.
1650 3430 1683 3461 p.
1707 3417 1763 3451 70.
2250 3425 2267 3449 4
