2288 3600
195 123 294 171 506

189 240 271 286 ἐμοὶ
287 240 368 276 τάδε
385 241 478 288 [τόδε
502 246 604 278 Dind.
627 256 669 278 ex
680 244 772 291 LA];
806 243 906 279 1384.
928 249 1103 293 προφωνῶ
1119 245 1201 281 τάδε

188 289 250 321 OR
265 286 347 323 223.
375 289 456 325 τάδε
474 289 745 340 ὑπερμαχοῦμαι
762 291 842 325 264.
873 298 1010 327 σκοπῶν
1027 292 1108 328 τάδε
1118 291 1198 327 286.

186 335 272 382 πρὸς
296 336 377 371 τάδε
403 336 518 384 θυμοῦ
544 338 623 373 343.
671 353 700 387 ῳ
717 338 790 374 τάδ’
816 339 981 387 ἐκπρᾶξαι
1005 339 1102 386 μέλει
1119 339 1198 382 377,

187 385 247 424 qui
281 386 383 418 etiam
416 388 643 420 nominativus
675 389 790 421 haberi
821 392 942 430 potest.
995 388 1050 435 γὼ
1069 385 1202 426 συνθεὶς

185 429 268 465 τάδε
285 430 366 466 401.
419 431 483 467 οὐκ
506 432 596 480 ηὔδα
615 433 714 476 τάδε;
753 432 832 468 568.
877 434 907 468 εἰ
933 434 995 479 μὲν
1012 429 1105 480 λέγει
1120 434 1202 469 τάδε

190 476 272 513 574.
314 478 413 526 ἀφεὶς
431 480 512 515 τάδε
529 479 610 515 599.
646 483 768 528 γνώσει
792 481 872 516 τάδε
898 480 979 515 613.
1024 483 1201 517 πίστευσον

184 526 267 560 τάδε
285 525 365 560 646.
394 522 466 562 τάδ’
486 526 576 567 οὔτις
593 527 699 567 ἄλλος
715 528 758 575 ἦν
778 528 795 563 ὁ
814 527 1007 574 προστιθείς
1024 527 1103 563 819.
1137 529 1202 564 πό-

189 571 242 611 λις
259 573 323 621 γὰρ
341 573 470 620 ἤκουσε
487 575 567 610 τάδε
585 574 665 610 850.
701 575 779 624 οὐχὶ
795 574 866 611 τάδ’
884 577 930 615 ὠς
947 576 1054 631 τάχος
1071 575 1197 619 λέξεις

184 619 268 654 945.
295 620 368 656 τάδ’
394 621 504 656 ὀκνῶν
525 621 625 656 1000.
654 621 828 670 ηὑρῆσθαι
844 623 923 658 τάδε
944 622 1045 658 1050.
1115 622 1142 658 δ’
1161 622 1200 658 ἂν

182 666 257 702 τάδ’
276 668 342 717 οὐχ
358 664 468 714 ἥκιστ’
493 668 534 704 ἂν
557 667 652 716 λέγοι
673 669 773 705 1053.
828 671 876 716 μὴ
903 671 967 717 δρᾶ
988 671 1070 706 τάδε
1118 669 1198 704 064.

186 714 238 760 μὴ
258 714 297 750 ού
313 712 390 751 τάδ’
404 715 570 762 ἐκμαθεῖν
589 716 689 752 1065.
718 717 869 753 κάλλιστ’
886 716 926 752 ἂν
945 717 1037 753 εἴποι
1055 718 1097 765 σὴ
1114 718 1201 765 γυνὴ

186 757 259 796 τάδ’
277 764 323 802 ὡς
343 763 417 812 ἔχει
444 763 545 806 1172,
568 767 655 807 quod
672 777 739 799 non
758 767 870 798 minus
889 771 978 799 recte
996 768 1202 799 nominativo

187 821 264 843 casu
283 812 410 844 dictum
424 814 604 853 intelligas.
649 811 667 847 ὁ
691 812 860 859 πορσύνας
885 812 965 847 τάδε
986 811 1086 847 1476.
1133 813 1202 893 φιὲς

187 855 262 892 τάδ’
279 856 358 901 οὖν;
390 857 492 893 1520.
520 857 608 899 λέξω
625 859 706 894 τάδε
725 861 780 894 OC
799 858 855 893 79.
884 863 1001 895 πονεῖν
1018 860 1100 894 τάδε
1118 858 1162 893 34
1191 887 1197 893 .

185 903 314 950 ἤκουσε
331 906 412 940 τάδε
429 904 509 940 416.
539 906 613 955 γέω
629 907 709 941 τάδε
727 906 807 941 478.
837 905 1000 952 πραξάτω
1017 907 1098 942 τάδε
1117 906 1197 941 497.

185 951 304 1000 ψυχὴν
321 949 394 988 τάδ’
412 948 609 988 ἐκτίνουσαν
625 952 706 988 499.
726 950 798 989 τάδ’
807 953 943 989 ἀκούειν
954 953 1022 988 529
1033 966 1076 987 m.
1091 954 1122 989 οἰ
1153 956 1202 989 ώ-

184 999 253 1039 ζειν
270 999 351 1034 τάδε
362 999 442 1034 820.
462 1001 543 1036 τάδε
554 1013 591 1048 γε
611 1001 772 1047 μωμένου
784 1000 913 1035 836011.
931 1001 1005 1036 τάδ’
1019 1001 1107 1049 ἔρδω
1141 1000 1197 1035 51.

182 1047 399 1094 γνώσειτάδε
409 1047 489 1083 852.
519 1047 638 1083 εἰτάδε
650 1049 763 1087 δοκεῖς
772 1049 884 1084 τελεῖν
895 1047 965 1082 878
976 1052 1027 1082 ch.
1048 1045 1121 1084 τάδ’
1141 1048 1201 1083 ἀν-

182 1094 298 1139 τιδρᾶν
309 1093 390 1129 953.
417 1095 498 1130 τάδε
511 1094 708 1142 ἡμάρτανον
719 1095 799 1131 968.
821 1095 1105 1143 φθέγγομαιτάδε
1117 1095 1196 1130 987.

185 1140 309 1187 ἀμύνω
331 1142 414 1178 τάδε
443 1141 546 1177 1128.
589 1142 662 1178 τάδ’
687 1142 840 1178 εἰκαθεῖν
871 1143 971 1178 1178.
1016 1143 1096 1182 τοὺς
1128 1142 1201 1178 τάδ’

185 1188 685 1283 Ξιειάξειξιῑέὲἃί..ἓίῑὲῖ
698 1187 996 1273 3332330114330'25'
1010 1190 1201 1273 ἕὺῖὲἒθιῑ

281 1264 288 1271 ι
570 1257 586 1272 ὖ
951 1267 957 1273 .
1068 1261 1075 1272 Ν

181 1284 265 1319 τάδε
285 1283 387 1318 1513.
437 1284 520 1320 τάδε
555 1284 688 1331 δράσειν
726 1284 826 1320 1637.
880 1286 994 1332 δράσω
1027 1252 1086 1320 {zai
1118 1285 1200 1320 τάδε

184 1330 276 1366 1773
293 1343 347 1365 an.
377 1331 538 1379 βιάζομαι
554 1332 634 1368 τάδε
651 1334 732 1366 Ant.
755 1331 811 1366 66.
851 1329 924 1369 τάδ’
957 1332 997 1368 ἂν
1030 1331 1199 1381 προύγοιο

184 1377 251 1413 80.
273 1378 332 1414 ἐὰν
352 1379 401 1425 μὴ
421 1382 504 1415 πᾶσι
518 1379 672 1428 κηρύξῃς
689 1380 769 1415 τάδε
787 1379 843 1414 87.
887 1381 926 1416 τὸ
954 1381 1002 1428 μὴ
1020 1375 1198 1426 ’πιγωρεῖν

181 1429 257 1464 τοῖς
281 1425 477 1462 ἀπιστοῦσιν
500 1427 582 1463 τάδε
605 1425 686 1461 219.
730 1427 785 1462 κεί
809 1427 881 1462 τάδ’
915 1427 1042 1462 εἵσεται
1075 1426 1198 1474 Κρέων

182 1471 264 1508 229.
325 1473 536 1521 ὁτολμήσας
560 1474 642 1510 τάδε
659 1473 741 1508 248.
793 1474 970 1521 εἰργάσθαι
1000 1475 1082 1510 τάδε
1114 1473 1195 1508 294.

181 1519 311 1566 ἤνυσαν
328 1521 410 1556 τάδε
427 1519 508 1556 302.
554 1522 591 1561 ὃς
607 1517 680 1557 τάδ’
708 1521 799 1569 ἔρδει
817 1522 886 1557 374
902 1525 953 1557 ch.
1000 1522 1198 1569 δεδρακέναι

180 1567 263 1604 τάδε
280 1567 360 1602 442.
407 1569 456 1617 μὴ
476 1569 637 1615 πράσσειν
654 1569 735 1604 τάδε
753 1569 834 1604 447.
888 1570 906 1604 ὸ
939 1569 1090 1617 κηρύξας
1115 1569 1197 1604 τάδε

179 1613 262 1649 450.
314 1615 424 1664 λέγεις
459 1616 574 1664 ὀρθῶς
606 1616 688 1652 τάδε
706 1615 787 1651 685.
840 1617 977 1653 ἀκούειν
1005 1617 1086 1652 τάδε
1112 1615 1192 1651 692.

178 1658 251 1697 τάδ’
271 1662 361 1710 ὀρῶν
378 1662 449 1698 802
464 1676 519 1698 an.
546 1664 626 1699 τάδε
643 1663 750 1714 ταύτῃ
768 1663 1124 1712 κατακυροῦσθαι936
1139 1676 1193 1698 an.

181 1710 356 1756 βιάζονται
387 1710 468 1746 τάδε
506 1710 606 1746 1073.
661 1712 725 1758 δρᾶ
755 1724 814 1747 νυν
847 1713 929 1748 τάδε
962 1711 1063 1746 1107.
1115 1711 1196 1746 τάδε

178 1756 358 1804 ἠθροῦμεν
385 1757 485 1792 1219.
530 1758 611 1794 τάδε
638 1758 750 1807 ἴσχειν
775 1762 831 1794 Tr.
863 1758 928 1794 139
948 1762 1000 1793 ch.
1037 1758 1196 1808 ἀγγείλας

179 1804 261 1840 τάδε
282 1803 359 1840 190.
387 1801 460 1841 τάδ’
477 1805 673 1855 ἀντίπρωρα
690 1806 732 1854 δή
752 1819 803 1841 σοι
821 1806 958 1854 βλέπειν
977 1805 1026 1841 πά
1049 1818 1119 1841 εστι
1127 1804 1195 1840 223

182 1854 234 1886 ch.
263 1851 434 1901 αἰχμάσαι
450 1853 532 1888 τάδε
552 1840 632 1888 355.
660 1858 908 1903 χειροποιεῖται
923 1853 1006 1889 τάδε
1023 1818 1104 1888 891.
1132 1857 1195 1901 τῆς

183 1900 409 1948 τεχνωμένης
438 1900 520 1936 τάδε
561 1899 642 1935 928.
699 1901 822 1949 ἔρξειεν
856 1901 938 1936 τάδε
975 1899 1054 1935 935.
1115 1900 1195 1936 τάδε

180 1947 310 1995 ἔχομεν
344 1946 425 1993 ὁρᾶν
458 1947 528 1982 950
546 1950 598 1982 ch.
649 1948 731 1984 τάδε
757 1948 795 1984 δὲ
819 1948 994 1995 μέλλομεν
1028 1947 1194 1994 [μένομεν

180 1997 326 2029 Dind.c.
351 1994 443 2041 Erf.]
470 1991 523 2031 ἐπ’
551 1995 682 2031 ἐλπίσιν
709 1994 775 2030 951
796 1999 847 2030 ch.
894 1995 993 2036 δείξω
1026 1994 1090 2043 γὰρ
1123 1994 1196 2030 τάδ’

182 2042 224 2079 ἐκ
239 2041 476 2089 καλυμμάτων
503 2041 603 2077 1077.
654 2042 718 2089 τήν
743 2055 780 2091 γε
799 2043 971 2090 δράσασαν
989 2043 1070 2078 τάδε
1092 2041 1192 2077 1108.

184 2102 210 2125 π
233 2089 346 2124 άσσειν
363 2089 443 2124 τάδε
464 2088 565 2124 1247.
609 2089 825 2126 τελειοῦσθαι
841 2091 922 2125 τάδε
943 2089 1044 2124 1257.
1098 2088 1195 2136 ε’ίπερ

182 2149 357 2185 ειργασται
372 2137 453 2172 τάδε
472 2139 527 2171 Ai.
540 2136 598 2171 22.
629 2137 678 2184 μὴ
697 2135 786 2173 αὔδα
800 2137 882 2173 τάδε
901 2136 980 2171 368.
1010 2138 1056 2176 ὡς
1074 2137 1196 2184 φράσω

180 2185 262 2221 τάδε
289 2183 369 2218 733.
421 2184 507 2219 κάπὶ
530 2185 581 2232 τῷ
599 2184 691 2232 λέγει
722 2185 822 2228 τάδε;
862 2184 942 2219 797.
995 2183 1091 2232 κάγὼ
1115 2183 1196 2219 τάδε

180 2229 343 2279 (στέρξω)
370 2229 470 2266 1039.
516 2231 668 2278 εἰρκτέον
693 2231 766 2267 τάδ’
794 2231 882 2267 ἐστίν
917 2230 1017 2266 1250.
1062 2230 1079 2266 ὁ
1107 2231 1195 2279 δρῶν

180 2279 262 2314 τάδε
281 2277 382 2312 1280.
420 2278 580 2325 πράσσειν
598 2275 672 2314 τάδ’
716 2283 783 2325 μᾶς
803 2278 904 2313 1401.
941 2278 958 2314 ὁ
980 2278 1061 2314 τάδε
1079 2279 1196 2325 πορών

181 2328 237 2361 El.
260 2324 326 2359 127
343 2327 395 2360 oh.
431 2324 504 2361 τάδ’
521 2326 627 2361 αὐδᾶν
647 2326 663 2359 1
730 2328 782 2360 ch.
811 2325 946 2374 ξυνίημι
963 2325 1044 2361 τάδε
1064 2324 1127 2360 131
1147 2338 1192 2360 ιιι.

181 2379 256 2413 πῶς
272 2372 336 2420 γὰρ
355 2372 394 2408 οὐ
413 2367 509 2420 δρῴη
527 2371 600 2409 τάδ’
616 2372 674 2415 ἅν;
696 2371 777 2408 258.
823 2369 895 2409 τάδ’
921 2373 1085 2420 ἐξυβρίζει
1110 2371 1191 2407 293.

181 2419 292 2468 λέγεις
313 2419 386 2455 τάδ’
411 2419 498 2467 ἡμῖν
523 2419 601 2455 311.
647 2420 776 2467 σμικρὰ
809 2421 872 2468 μὲν
896 2421 977 2456 τάδε
995 2420 1088 2466 (δός)
1111 2418 1192 2454 450.

182 2467 318 2515 δράσεις
333 2467 416 2503 τάδε
433 2465 513 2502 465.
557 2468 588 2503 εἰ
604 2467 676 2503 τάδ’
709 2466 716 2477 '
751 2471 900 2503 τεκοῦσα
925 2467 1086 2503 πεύσεται
1111 2466 1192 2500 470.

180 2518 242 2551 τοῦ
269 2510 343 2550 τάδ’
370 2513 404 2550 ἐ*
433 2510 528 2550 κουσ’
552 2513 637 2557 ὕπο;
666 2513 711 2550 55
740 2543 747 2549 .
803 2514 972 2550 παύσετον
1001 2514 1083 2549 τάδε
1111 2512 1192 2548 795.

181 2561 275 2611 λέγω
291 2561 373 2598 τάδε
389 2560 412 2597 8
436 2560 471 2596 2.
491 2560 573 2596 921.
601 2565 662 2597 τοῦ
677 2558 751 2598 τάδ’
768 2561 921 2609 ἤκουσας
938 2561 1091 2621 βροτῶν;
1112 2559 1193 2595 926.

179 2609 358 2649 νουθετεῖς
388 2609 469 2644 τάδε
505 2607 606 2644 1025.
658 2605 731 2645 τάδ’
764 2609 829 2645 οὐκ
853 2608 906 2645 ἐπ’
930 2610 1007 2648 1ιεῐας
1030 2608 1197 2655 τελοῦμεν

183 2655 272 2692 1061
299 2658 357 2691 ch.
402 2656 590 2692 ἐπαιτεῖται
605 2655 686 2692 τάδε
731 2656 822 2703 [τόδε
840 2659 944 2690 Dind.
975 2658 1035 2690 sed
1053 2658 1115 2690 LA
1142 2666 1194 2698 pr.

183 2703 316 2740 ἐπαιτεῖ
330 2703 409 2739 τόδε
426 2709 464 2738 et
479 2715 525 2737 m.
535 2714 602 2738 rec.
624 2703 815 2740 ἐπαιτεῖται
830 2703 930 2750 τάδε]
942 2702 1043 2737 1124.
1073 2703 1197 2741 στένεις

179 2751 282 2795 reson
312 2749 414 2785 1180.
466 2749 616 2786 ἐννέπειν
633 2751 715 2787 τάδε
735 2749 825 2786 1255
842 2762 888 2785 m.
932 2749 1004 2787 τάδ’
1030 2751 1078 2789 ὡς
1095 2749 1196 2786 πάλιν

178 2797 356 2845 (θέμενοι)
387 2796 478 2832 1434
505 2799 558 2832 ch.
601 2798 683 2833 τάδε
711 2798 872 2845 πράσσειν
890 2801 931 2832 fr.
953 2799 1043 2832 Alet.
1069 2795 1127 2839 94,
1160 2796 1192 2830 5.

183 2845 267 2881 ποία
283 2842 382 2884 πόλις
401 2843 441 2880 ἂν
458 2843 530 2880 τάδ’
548 2843 700 2893 ἐνέγκοι;
722 2846 841 2880 Alead.
864 2843 943 2888 105,
964 2843 998 2879 4.
1037 2839 1110 2879 τάδ’
1128 2842 1199 2879 ἔστι

181 2893 325 2939 κνισμός
349 2892 451 2925 Salm.
478 2890 566 2935 482,
596 2892 628 2927 1.
678 2894 828 2934 Horum,
861 2903 948 2935 quae
973 2894 1041 2925 nisi
1071 2893 1199 2934 aliquid

181 2942 331 2974 insciens
353 2941 512 2982 praeterii
535 2942 648 2973 omnia
664 2946 764 2983 sunt,
801 2941 965 2973 nonnulla
987 2941 1053 2972 etsi
1079 2940 1197 2972 adver-

182 2989 340 3021 biascunt
351 3013 359 3028 ‚
388 2988 484 3020 velut
509 2985 550 3021 ἐκ
572 2985 672 3022 τοῦδε
689 2991 725 3021 et
743 2986 783 3022 ἐκ
798 2986 907 3021 τῶνδε
932 2989 1000 3019 iam
1017 2991 1052 3019 et
1063 2986 1199 3027 posthac

182 3035 405 3075 significantia
416 3060 424 3076 ,
445 3038 559 3067 tamen
577 3036 679 3067 etiam
695 3036 778 3068 haec
794 3035 835 3068 ad
851 3035 1104 3067 substantivum
1118 3043 1197 3076 pro-

183 3083 330 3116 nominis
346 3092 447 3115 usum
463 3085 554 3115 recte
571 3085 781 3116 revocantur.
878 3079 930 3125 (ΙΙ
946 3091 980 3124 p.
1001 3077 1071 3113 236
1089 3078 1199 3125 extr.)

252 3177 322 3208 Iam
359 3179 541 3218 antequam
580 3177 621 3209 ad
658 3186 778 3209 usum
810 3179 846 3209 et
886 3177 1199 3218 proprietatem

183 3224 390 3264 pronominis
437 3224 624 3256 accuratius
674 3223 947 3256 considerandam
994 3222 1195 3262 accedimus,

184 3271 412 3302 enumeranda
446 3270 621 3310 ducimus,
652 3272 689 3302 in
721 3271 845 3312 quibus
871 3267 945 3302 ὅδε
969 3270 1091 3302 vitiose
1119 3269 1199 3301 olim

183 3317 365 3356 legebatur.
415 3317 577 3358 Inprimis
595 3318 686 3349 enim
710 3318 875 3350 usitatum
890 3318 927 3349 in
953 3317 1048 3348 libris
1065 3316 1200 3357 scriptis

186 3360 259 3397 ὅδε
277 3367 311 3395 et
329 3361 347 3396 ὁ
365 3361 428 3403 δέ,
448 3361 552 3397 τάδε
570 3368 605 3396 et
620 3362 671 3397 τὰ
688 3361 734 3397 δέ
750 3373 859 3397 errore
878 3364 1060 3405 confundi3
1095 3363 1199 3404 idque

182 3419 294 3455 genus
326 3413 361 3446 et
391 3411 529 3456 propius
555 3414 629 3446 erat
656 3411 698 3444 ad
722 3412 930 3455 peccandum
947 3408 994 3444 δέ
1009 3411 1047 3442 in
1064 3410 1199 3452 epodosi

1165 127 1272 179 ’Όδε

1921 143 1970 190 [ιι
1987 156 2020 187 p.
2037 142 2256 193 ποι-264]

1238 248 1304 280 dici
1322 249 1457 288 ignaris.
1511 247 1571 288 οὓς
1589 247 1629 283 ἂν
1647 254 1715 284 τῶν
1732 249 1773 285 λό
1798 261 1845 286 ων
1863 249 1958 298 ἀλγῶ
1975 249 2110 293 κλύων,
2129 251 2250 290 τούσδε

1237 294 1297 328 καὶ
1336 295 1498 342 πράσσειν
1535 301 1647 343 στυγῶ
1687 298 1747 330 Ph.
1775 262 1821 331 87
1853 302 2040 332 correctum
2065 298 2146 338 τοὺς
2169 298 2207 335 δέ
2231 313 2251 336 ι

1238 343 1365 375 Buttm.
1397 341 1590 388 [defensum
1605 343 1726 379 τούσδε
1744 357 1763 378 a
1780 346 1885 378 Dind.
1905 357 1934 380 c.
1953 347 2078 379 Wund.
2102 371 2110 379 .
2152 345 2186 381 εἴ
2199 358 2252 388 τις

1257 392 1281 435 ἦ
1327 387 1430 428 θεοὺς
1478 389 1653 425 ἐπίσταται
1683 394 1800 438 τιμαῖς
1848 391 2009 438 σεβίζειν,
2059 391 2083 439 ἥ
2108 404 2124 427 ε
2155 392 2252 429 τοῦθ’

1238 436 1423 483 υπερφέρει
1441 438 1496 471 Oc
1516 436 1605 471 1007
1622 440 1716 472 dedit
1732 440 1836 472 Dind.
1857 451 1885 474 c.
1922 441 1982 472 LA
2000 438 2052 485 [in
2068 451 2133 482 quo
2149 453 2174 487 η
2198 447 2251 475 est

1238 487 1274 516 in
1298 487 1418 525 litura3
1442 486 1521 518 olim
1539 497 1571 519 οι
1586 487 1640 518 vel
1658 497 1686 519 ει
1703 487 1839 520 videtur
1855 485 1988 532 fuisse],
2025 488 2082 521 ΡΑ
2105 485 2129 533 ἡ
2157 486 2194 522 δέ
2216 493 2252 522 et

1238 536 1328 565 recte
1346 533 1394 564 sic
1410 533 1558 565 Brunck.
1580 531 1632 571 οἷς
1649 530 1689 567 ἂν
1709 532 1748 567 σὺ
1766 532 1916 583 πρόσθῃ,
1936 531 2043 569 τοῖσδ’
2061 533 2182 582 ἔφασκ’
2197 534 2248 570 εἷ-

1237 591 1292 613 ναι
1335 578 1460 625 κράτος
1495 577 1586 612 1332
1618 581 1666 613 sic
1695 582 1773 614 libri
1812 591 1947 614 omnes:
1984 586 2074 615 recte
2113 583 2247 618 dabitur

1237 628 1310 664 τοῖς
1336 625 1384 660 δέ.
1435 623 1526 661 τοῦδ’
1560 625 1628 673 ἐγὼ
1650 625 1766 662 κλύων
1799 626 1915 675 ἀπῇξα
1939 629 1994 661 Tr.
2034 626 2100 662 188
2132 632 2252 672 copula

1238 675 1431 716 requiritur,
1452 678 1542 706 recte
1560 679 1600 707 ut
1616 676 1731 707 Herm.
1753 677 1926 717 scripsisse
1940 677 2094 709 videatur
2126 678 2187 711 τοῦ
2213 676 2251 714 δέ

1239 719 1350 765 [cuius
1365 722 1547 762 vestigium
1580 723 1704 754 mansit
1735 723 1772 754 in
1800 722 1857 758 τὸν
1883 717 1911 756 δ’
1928 723 1988 755 LA
2003 721 2086 768 pr.].
2122 723 2250 770 τόδ’ῆν

1239 762 1293 814 ἄρ’
1310 766 1408 802 οὐδὲν
1425 766 1512 802 ἄλλο
1530 767 1621 815 πλὴν
1639 767 1756 804 θανεῖν
1774 767 1838 815 ἐμέ
1857 767 1958 804 1172,
1988 772 2159 804 sententia
2175 782 2251 806 cum

1238 816 1387 857 postulet
1404 816 1488 848 illud
1505 827 1582 848 vero
1598 817 1682 849 nihil
1698 821 1767 849 erat
1784 819 1850 850 nisi
1864 819 2061 850 moriturum
2084 828 2146 860 me,
2177 820 2251 851 iure

1237 862 1275 897 τὸ
1294 861 1332 896 δέ
1348 864 1519 902 Wyttenb.
1541 865 1686 896 correxit
1710 865 1790 897 bibl.
1820 865 1894 897 crit.
1916 863 1955 906 3,
1983 862 2007 897 2
2022 875 2056 906 p.
2081 863 2135 898 11.
2188 861 2248 900 οἵδ’

1239 908 1297 944 οὖν
1315 908 1494 956 γελώντων
1519 911 1574 943 Ai.
1596 908 1676 943 961.
1731 911 1851 945 Suidas
1875 912 1946 945 cod.
1973 913 2069 944 Leid.
2099 924 2131 945 v.
2169 910 2251 958 βλέ-

1238 968 1360 995 ποντες
1378 956 1418 990 οἱ
1435 952 1463 991 δ’
1480 955 1530 991 αὖ
1545 985 1552 998 ,
1574 959 1666 990 unde
1684 960 1758 991 iure
1767 959 1885 992 Herm.
1923 955 1958 992 οἵ
1974 952 2004 993 δ’
2020 957 2079 993 οὖν
2109 960 2159 992 illi
2175 970 2250 992 vero

1238 1002 1286 1049 [οἱ
1305 999 1332 1038 δ’
1357 1006 1461 1037 Dind.
1491 1016 1518 1037 c.
1548 1004 1730 1050 Berglero].
1783 1004 1806 1039 ἃ
1831 1005 1869 1040 δὲ
1887 1004 2176 1052 μέγιστ’-ἔβλαστε
2192 1006 2252 1042 νό-

1239 1063 1327 1096 μιμα
1342 1050 1450 1085 τῶνδε
1477 1052 1669 1098 φερομέναν
1694 1051 1816 1098 ἄριστα
1840 1055 1893 1086 ΕΙ.
1928 1050 2019 1087 1096
2044 1054 2096 1087 ch.
2147 1054 2251 1088 Recte

1238 1099 1353 1131 Herm.
1372 1103 1440 1132 τῶν
1459 1098 1506 1133 δέ.
1545 1101 1599 1133 Sic
1617 1101 1849 1133 emendandus
1872 1102 1940 1134 fuit
1956 1111 2075 1134 versus
2093 1102 2183 1135 Alet.
2205 1103 2245 1135 fr.

1237 1143 1301 1187 94,
1322 1143 1362 1188 8,
1385 1147 1443 1178 ubi
1470 1148 1550 1178 olim
1566 1145 1688 1181 τούσδε
1704 1149 1893 1189 legebatur,
1927 1159 1960 1181 v.
1983 1146 2013 1188 ὁ,
2033 1145 2068 1192 ἡ,
2089 1147 2134 1182 τό
2150 1159 2245 1190 pron.

1237 1193 1412 1227 demonstr.
1464 1194 1571 1227 Aliud
1598 1205 1706 1235 genus
1723 1196 1800 1227 vitii
1817 1199 1880 1237 est,
1910 1206 1988 1228 cum
2017 1192 2090 1230 ὅδε
2118 1200 2153 1228 et
2178 1194 2196 1230 ὅ
2212 1208 2250 1243 γε

1237 1242 1503 1274 confunduntur.
1533 1239 1658 1275 οὔκουν
1674 1237 1745 1276 τόδ’
1762 1240 1860 1290 ἔργον
1877 1245 1978 1277 τοῦτο
1995 1242 2142 1289 ποιήσας
2167 1243 2251 1278 ποτέ

1236 1289 1318 1320 Ant.
1344 1285 1423 1320 321.
1475 1287 1573 1322 τόδε
1603 1293 1637 1321 et
1667 1291 1800 1324 τοῦτο
1827 1300 1903 1322 cum
1928 1292 1977 1323 sic
2004 1291 2158 1332 componi
2187 1299 2250 1323 ne-

1237 1340 1376 1376 queant.
1428 1334 1466 1369 τό
1491 1330 1521 1381 γ’
1547 1334 1646 1382 ἔργον
1672 1339 1816 1369 correxit
1838 1338 1976 1378 Reisk.;
2025 1338 2157 1371 Schaei'.
2194 1334 2252 1372 ὅδε

1237 1383 1377 1415 soloeoe.
1414 1381 1445 1416 εἰ
1461 1382 1525 1430 γὰρ
1546 1383 1587 1430 δὴ
1605 1382 1649 1417 τά
1660 1382 1690 1431 γ’
1706 1382 1834 1463 &mcv-‘g
1845 1382 1945 1431 φύσει
1961 1382 2103 1428 ἄκοσμα
2115 1382 2249 1431 θρέψω,

1237 1428 1349 1475 κάρτα
1363 1428 1443 1468 τοὺς
1460 1429 1525 1471 ἔξω
1533 1429 1653 1478 γένους
1670 1433 1752 1464 Ant.
1766 1429 1810 1464 65
1839 1458 1846 1465 .
1870 1432 1926 1464 Sic
1934 1435 2024 1464 recte
2033 1431 2104 1464 Etr.
2118 1433 2160 1464 de
2170 1442 2249 1465 con-

1236 1478 1376 1519 iectura,
1396 1479 1492 1511 libris
1506 1482 1564 1510 aut
1579 1476 1652 1512 τάδ’
1668 1483 1727 1511 aut
1742 1477 1786 1512 τά
1801 1476 1828 1512 τ’
1846 1482 1885 1511 ut
1910 1479 1970 1511 LA
1990 1479 2246 1512 exhibentibus.

1236 1542 1277 1548 —-
1296 1524 1428 1570 τῆσδε
1447 1527 1567 1558 vitiose
1581 1527 1617 1557 in
1635 1527 1730 1558 libris
1748 1527 1907 1558 scribitur
1922 1526 1984 1559 Ph.
2005 1522 2075 1558 266
2099 1527 2159 1559 ubi
2175 1528 2252 1559 iure

1234 1572 1351 1604 Aurat.
1370 1575 1419 1617 τῆ
1431 1585 1446 1610 ς
1464 1570 1704 1620 ἀνδροφθόρου
1723 1571 1862 1621 ἐχίδνης
1880 1573 1993 1615 dedit,
2024 1574 2089 1606 etsi
2116 1574 2246 1607 Buttm.

1235 1629 1301 1651 sec.
1323 1620 1481 1652 Doederl.
1501 1621 1537 1651 in
1556 1630 1645 1661 spec.
1667 1621 1719 1653 ed.
1743 1621 1843 1662 Soph.
1863 1630 1898 1662 p.
1920 1617 1967 1653 54
1989 1620 2076 1653 illud
2093 1631 2170 1653 cum
2187 1621 2249 1654 ali-

1234 1676 1301 1707 qua
1318 1667 1470 1708 emphasi
1488 1668 1554 1700 dici
1577 1669 1803 1701 existimabat.
1846 1669 1887 1700 In
1915 1666 1997 1700 Ant.
2019 1664 2099 1700 509.
2145 1664 2251 1714 ὁρῶσι

1233 1711 1354 1761 χοῦτοι
1371 1719 1460 1747 recte
1479 1725 1570 1747 nunc
1588 1725 1631 1746 ex
1650 1715 1709 1747 LA
1725 1715 1824 1747 datur
1840 1724 1900 1757 pro
1916 1712 2030 1761 χοῖδε.
2074 1715 2130 1748 Sic
2154 1718 2190 1748 et
2212 1716 2250 1747 in

1235 1764 1353 1803 Tymp.
1374 1763 1415 1794 fr.
1438 1759 1517 1802 563,
1542 1759 1614 1793 1ex
1633 1762 1766 1795 Stobaei
1784 1759 1841 1803 59,
1866 1759 1910 1794 12
1933 1762 2025 1795 codd.
2045 1774 2053 1802 3
2074 1771 2168 1795 nunc
2191 1772 2248 1795 re-

1234 1810 1322 1841 ctius
1339 1807 1461 1842 τούτου
1480 1819 1580 1851 quam
1597 1806 1698 1842 τοῦδε
1716 1810 1852 1849 legitur.
1889 1810 1931 1841 In
1949 1808 2005 1841 Tr.
2028 1805 2097 1842 363
2114 1813 2173 1842 aut
2188 1808 2247 1844 τὸν

1232 1853 1386 1902 Εὔρυτον
1403 1860 1486 1890 τῶν
1498 1854 1540 1889 δε
1559 1866 1601 1888 ex
1615 1857 1676 1888 LA
1694 1856 1919 1897 scribendum,
1940 1859 1980 1889 ut
1998 1857 2042 1888 sit
2053 1857 2148 1897 reym'
2164 1857 2251 1898 quod

1233 1905 1299 1936 illis
1316 1904 1395 1936 locis
1411 1907 1501 1944 esset,
1526 1907 1585 1936 aut
1602 1907 1688 1937 σῶν
1713 1904 1926 1936 scribendum
1948 1903 2057 1936 videri
2080 1905 2250 1944 significa-

1233 1952 1345 1983 vimus
1362 1952 1398 1982 in
1415 1962 1447 1983 v.
1470 1949 1638 1990 δεσπόζω.
1693 1951 1816 1984 Contra
1843 1960 1920 1984 cum
1944 1951 1982 1982 in
2005 1951 2101 1983 libris
2117 1951 2250 1992 legatur

1231 1996 1274 2031 τὰ
1293 1996 1330 2032 δέ
1348 1998 1402 2029 El.
1423 1995 1492 2030 212
1510 1999 1562 2031 ch.
1590 1996 1708 2042 [idque
1726 2008 1836 2039 recep.
1859 1995 1995 2042 Dind.],
2025 1997 2140 2030 Herm.
2166 1996 2249 2033 τάδε

1234 2046 1391 2078 correxit.
1433 2046 1485 2078 De
1503 2046 1559 2077 Ai.
1580 2042 1649 2078 405
1674 2057 1705 2077 v.
1727 2044 1861 2079 τοιόσδε
1885 2048 1921 2077 et
1945 2044 2062 2077 Const.
2088 2045 2250 2078 Matthiae

1233 2103 1290 2134 qu.
1314 2093 1465 2134 Sophocl.
1488 2103 1521 2134 p.
1544 2089 1601 2125 39.
1652 2093 1810 2134 Denique
1824 2092 2034 2134 pronominis
2058 2092 2168 2134 ipsius
2195 2103 2251 2126 ca-

1234 2150 1290 2172 sus
1307 2141 1397 2172 inter
1414 2149 1449 2171 se
1466 2141 1588 2172 vitiosa
1605 2140 1774 2182 scriptura
1791 2139 1989 2172 commutati
2014 2140 2245 2180 reperiuntur.

1233 2187 1281 2224 ὡς
1298 2184 1398 2225 πόλις
1425 2185 1462 2220 δέ
1487 2197 1540 2220 σοι
1564 2191 1684 2220 κακῶν
1710 2185 1835 2225 ἄνατος
1867 2180 2003 2220 τῶνδ’
2035 2183 2251 2235 ἀπαλλαχθῇ

1232 2231 1361 2282 χθονός
1387 2234 1441 2267 OC
1470 2231 1550 2267 786.
1604 2235 1700 2267 Hane
1731 2235 1894 2268 librorum
1917 2234 2139 2275 scripturam,
2173 2244 2251 2267 cum

1232 2278 1362 2330 χθονός
1381 2282 1430 2313 sic
1447 2282 1555 2314 solum
1578 2291 1639 2323 per
1666 2291 1702 2313 se
1727 2281 1856 2313 dictum
1880 2280 2033 2313 Athenas
2059 2281 2250 2322 significare

1233 2339 1300 2361 non
1327 2330 1453 2371 possit,
1489 2326 1590 2366 πόλις
1623 2331 1735 2361 autem
1761 2328 1894 2361 Thebae
1918 2328 2006 2368 sint,
2044 2337 2250 2370 sensumque

1234 2376 1326 2409 huno
1350 2386 1425 2407 esse
1451 2377 1646 2408 conveniat:
1675 2379 1713 2408 ut
1736 2377 1852 2407 civitas
1877 2378 1938 2407 tua
1960 2376 2000 2408 ab
2025 2374 2105 2415 hac,
2134 2377 2170 2407 ἱπ
2186 2386 2251 2417 qua

1233 2433 1323 2455 nunc
1340 2433 1464 2464 sumus,
1485 2423 1562 2455 urbe
1579 2423 1706 2455 cladem
1721 2433 1762 2454 ne
1779 2423 1931 2462 accipiat,
1953 2422 2099 2462 Scaliger
2113 2424 2164 2468 τῆ
2178 2420 2249 2456 σδε

1234 2470 1442 2503 emendando
1472 2471 1625 2502 correxit.
1677 2469 1749 2502 Hoc
1774 2469 1990 2510 scholiastae,
2027 2472 2067 2501 ut
2099 2469 2246 2510 videtur,

1232 2519 1358 2549 lectum
1389 2518 1522 2560 [scribit
1553 2518 1645 2549 enim
1672 2514 1729 2551 ἵνα
1753 2514 1776 2561 ἡ
1795 2514 1896 2562 Θήβη
1914 2512 2072 2560 ἀβλαβὴς
2097 2513 2191 2550 ἔσται
2210 2514 2251 2550 ἐκ

1232 2562 1359 2610 ταύτης
1376 2567 1439 2609 τῆς
1456 2563 1538 2610 γῆς)
1554 2565 1655 2604 vulgo
1675 2565 1835 2605 probatur
1860 2568 1966 2595 nunc.¹
1994 2579 2036 2586 -
2062 2560 2085 2607 ἦ
2113 2562 2183 2608 μὴν
2209 2562 2248 2598 σὺ

1232 2609 1336 2645 κᾶνευ
1352 2609 1461 2644 τῶνδε
1478 2609 1647 2657 λυπηθεὶς
1667 2609 1736 2644 ἔσει
1753 2610 1809 2643 OC
1826 2606 1908 2642 816.
1960 2609 2033 2642 Hoc
2048 2607 2156 2643 τῶνδε
2173 2620 2250 2645 cum

1233 2668 1331 2691 nemo
1349 2662 1457 2699 esset,
1495 2660 1553 2699 qui
1578 2668 1644 2690 non
1670 2659 1810 2690 referret
1835 2657 1876 2690 ad
1901 2655 2009 2690 τῶνδε
2036 2655 2245 2704 συμμάχων,

1232 2706 1321 2748 quod
1349 2706 1552 2748 praecessit,
1580 2709 1671 2738 recte
1704 2705 1793 2737 haud
1818 2704 1920 2737 dubie
1953 2704 2095 2736 coniecit
2119 2704 2246 2744 Musgr.

1232 2754 1308 2786 τοῦ
1320 2751 1380 2794 δε,
1403 2754 1591 2785 secundum
1609 2751 2026 2785 sententiamascholiasta
2036 2752 2244 2792 expositam:

1233 2798 1291 2833 καὶ
1307 2797 1414 2846 χωρὶς
1430 2801 1491 2833 τοῦ
1517 2797 1636 2845 λαβεῖν
1655 2810 1691 2832 σε
1708 2797 1756 2836 εἰς
1782 2795 1914 2843 Θήβας.
1951 2815 1993 2821 -
2028 2797 2187 2839 Denique
2210 2800 2248 2831 in

1234 2848 1332 2879 Laoc.
1361 2848 1402 2878 fr.
1424 2844 1512 2888 342,
1533 2843 1555 2878 6
1578 2847 1706 2878 dudum
1730 2847 1854 2886 legitur
1881 2842 1914 2878 οἱ
1936 2837 2032 2889 τῆσδ’
2058 2842 2161 2889 ἐρῶσι
2185 2848 2248 2890 τῆς

1234 2891 1413 2933 ἀποικίας,
1444 2903 1519 2925 cum
1547 2894 1627 2925 olim
1651 2903 1809 2935 perversa
1834 2893 2001 2933 scriptura
2026 2895 2174 2924 exstaret
2190 2903 2244 2935 ap.

1235 2941 1437 2982 Dionysium
1457 2937 1486 2980 1,
1509 2937 1554 2972 48
1570 2939 1735 2975 τοῖσδε.

1969 2982 2021 3028 (11
2037 2995 2071 3026 p.
2091 2981 2173 3026 264,
2194 2984 2250 3030 8.)

1305 3035 1343 3066 B.
1373 3036 1443 3067 Iam
1460 3035 1500 3067 de
1517 3034 1863 3075 siqnis‘icatione
1880 3033 2086 3073 pronominis
2111 3036 2248 3072 agentes

1234 3082 1318 3114 illud
1342 3082 1488 3123 primum
1505 3082 1661 3123 ponimus
1677 3106 1684 3121 ,
1713 3089 1786 3112 esse
1801 3079 1953 3112 omniurn
1970 3079 2248 3112 demonstrativo-

1234 3139 1308 3161 rum
1325 3129 1423 3170 quasi
1439 3130 1670 3160 fortissimum.
1693 3140 1763 3159 -.’
1781 3124 1812 3158 1.
1831 3126 1989 3158 Indicans
2020 3125 2055 3158 id
2081 3126 2166 3167 quod
2193 3136 2247 3158 co-

1235 3176 1308 3207 dem
1323 3185 1363 3208 ac
1379 3186 1439 3208 nos
1463 3177 1532 3207 Loco
1550 3179 1580 3207 et
1605 3176 1698 3216 quasi
1722 3176 1935 3206 coniunctum
1950 3176 2112 3214 versetur,
2140 3177 2178 3205 ut
2195 3173 2248 3205 da·-

1234 3225 1301 3263 92'to
1318 3226 1477 3263 tanquam
1482 3232 1638 3263 praesens
1652 3222 1868 3253 demonstrari
1883 3229 1976 3260 posse
1992 3219 2154 3252 videatur.
2176 3217 2222 3254 οὗ
2234 3238 2251 3245 -

1233 3280 1280 3303 το
1292 3280 1308 3307 ς
1332 3273 1367 3302 et
1386 3270 1498 3310 ipsum
1511 3279 1564 3301 res
1581 3268 1760 3310 aliquando
1773 3269 1969 3309 praesentes
1986 3271 2249 3299 commonstran-

1235 3317 1277 3348 do
1302 3317 1426 3356 servit,
1447 3319 1487 3348 ut
1503 3319 1617 3348 tamen
1635 3316 1676 3347 ad
1694 3316 1820 3356 priores
1838 3318 1872 3346 et
1897 3316 2011 3345 mente
2038 3314 2247 3355 amplecten-

1235 3363 1292 3395 das
1309 3363 1423 3404 potius
1441 3364 1607 3396 referatur
1623 3372 1764 3404 eamque
1780 3361 1985 3403 provinciam
1997 3361 2136 3393 habeat:
2157 3358 2250 3396 ἐκεῖ·

1235 3420 1293 3448 νος
1310 3413 1424 3443 autem
1440 3419 1510 3443 rem
1528 3421 1547 3442 a
1564 3413 1675 3443 nostro
1691 3410 1761 3442 loco
1775 3409 1989 3443 remotiorem
2004 3407 2128 3442 deinde
2148 3408 2247 3443 etiam
2285 3408 2288 3450 J
