<?xml version="1.0" encoding="UTF-8"?>
<!DOCTYPE html PUBLIC "-//W3C//DTD XHTML 1.0 Transitional//EN"
    "http://www.w3.org/TR/xhtml1/DTD/xhtml1-transitional.dtd">
<html xmlns="http://www.w3.org/1999/xhtml" xml:lang="en" lang="en">
 <head>
  <title>
</title>
<meta http-equiv="Content-Type" content="text/html;charset=utf-8" />
  <meta name='ocr-system' content='tesseract 3.04.00' />
  <meta name='ocr-capabilities' content='ocr_page ocr_carea ocr_par ocr_line ocrx_word'/>
</head>
<body>
  <div class='ocr_page' id='page_1' title='image "./lexiconsophocleu00elleuoft_1054.png"; bbox 0 0 2288 3600; ppageno 0'>
   <div class='ocr_carea' id='block_1_1' title="bbox 169 145 267 194">
    <p class='ocr_par' dir='ltr' id='par_1_1' title="bbox 169 145 267 194">
     <span class='ocr_line' id='line_1_1' title="bbox 169 145 267 194; baseline -0.01 0"><span class='ocrx_word' id='word_1_1' title='bbox 169 145 267 194; x_wconf 80' lang='lat'><strong>508</strong></span> 
     </span>
    </p>
   </div>
   <div class='ocr_carea' id='block_1_2' title="bbox 165 263 1188 2621">
    <p class='ocr_par' dir='ltr' id='par_1_2' title="bbox 165 263 1188 2621">
     <span class='ocr_line' id='line_1_2' title="bbox 167 263 1188 308; baseline 0.004 -14"><span class='ocrx_word' id='word_1_2' title='bbox 167 263 300 296; x_wconf 80' lang='lat' dir='ltr'><strong>dictum</strong></span> <span class='ocrx_word' id='word_1_3' title='bbox 319 265 519 299; x_wconf 81' lang='lat' dir='ltr'><strong>demonstrat</strong></span> <span class='ocrx_word' id='word_1_4' title='bbox 537 268 684 308; x_wconf 86' lang='lat' dir='ltr'><strong>quidem,</strong></span> <span class='ocrx_word' id='word_1_5' title='bbox 713 267 771 299; x_wconf 89' lang='lat' dir='ltr'><strong>sed</strong></span> <span class='ocrx_word' id='word_1_6' title='bbox 788 268 836 299; x_wconf 86' lang='lat' dir='ltr'><strong>ita</strong></span> <span class='ocrx_word' id='word_1_7' title='bbox 853 270 892 298; x_wconf 92' lang='lat' dir='ltr'><strong>ut</strong></span> <span class='ocrx_word' id='word_1_8' title='bbox 908 276 982 298; x_wconf 87' lang='lat' dir='ltr'><strong>cum</strong></span> <span class='ocrx_word' id='word_1_9' title='bbox 999 267 1110 308; x_wconf 86' lang='lat' dir='ltr'><strong>aliquo</strong></span> <span class='ocrx_word' id='word_1_10' title='bbox 1128 276 1188 298; x_wconf 88' lang='lat' dir='ltr'><strong>no-</strong></span> 
     </span>
     <span class='ocr_line' id='line_1_3' title="bbox 169 311 1187 355; baseline 0.002 -13"><span class='ocrx_word' id='word_1_11' title='bbox 169 311 264 343; x_wconf 85' lang='lat' dir='ltr'><strong>mine</strong></span> <span class='ocrx_word' id='word_1_12' title='bbox 289 314 441 353; x_wconf 82' lang='lat' dir='ltr'><strong>proxime</strong></span> <span class='ocrx_word' id='word_1_13' title='bbox 467 315 623 354; x_wconf 85' lang='lat' dir='ltr'><strong>coniungi</strong></span> <span class='ocrx_word' id='word_1_14' title='bbox 649 317 739 346; x_wconf 86' lang='lat' dir='ltr'><strong>recte</strong></span> <span class='ocrx_word' id='word_1_15' title='bbox 764 323 829 346; x_wconf 91' lang='lat' dir='ltr'><strong>non</strong></span> <span class='ocrx_word' id='word_1_16' title='bbox 854 315 978 355; x_wconf 85' lang='lat' dir='ltr'><strong>possit,</strong></span> <span class='ocrx_word' id='word_1_17' title='bbox 1008 314 1098 346; x_wconf 89' lang='lat' dir='ltr'><strong>unde</strong></span> <span class='ocrx_word' id='word_1_18' title='bbox 1124 314 1187 346; x_wconf 87' lang='lat' dir='ltr'><strong>ad-</strong></span> 
     </span>
     <span class='ocr_line' id='line_1_4' title="bbox 167 360 1183 402; baseline 0.002 -12"><span class='ocrx_word' id='word_1_19' title='bbox 167 360 274 391; x_wconf 72' lang='lat' dir='ltr'><strong>verbii</strong></span> <span class='ocrx_word' id='word_1_20' title='bbox 292 360 537 401; x_wconf 86' lang='lat' dir='ltr'><strong>quadamtenus</strong></span> <span class='ocrx_word' id='word_1_21' title='bbox 557 365 710 393; x_wconf 84' lang='lat' dir='ltr'><strong>naturam</strong></span> <span class='ocrx_word' id='word_1_22' title='bbox 728 361 853 402; x_wconf 88' lang='lat' dir='ltr'><strong>induit,</strong></span> <span class='ocrx_word' id='word_1_23' title='bbox 874 362 968 393; x_wconf 82' lang='lat' dir='ltr'><strong>verbo</strong></span> <span class='ocrx_word' id='word_1_24' title='bbox 982 361 1183 393; x_wconf 82' lang='lat' dir='ltr'><strong>addendum.</strong></span> 
     </span>
     <span class='ocr_line' id='line_1_5' title="bbox 171 406 1183 450; baseline 0.001 -12"><span class='ocrx_word' id='word_1_25' title='bbox 171 406 214 439; x_wconf 88' lang='lat' dir='ltr'><strong>V.</strong></span> <span class='ocrx_word' id='word_1_26' title='bbox 238 407 406 439; x_wconf 83' lang='lat' dir='ltr'><strong>Schaofer.</strong></span> <span class='ocrx_word' id='word_1_27' title='bbox 426 409 504 440; x_wconf 89' lang='lat' dir='ltr'><strong>mel.</strong></span> <span class='ocrx_word' id='word_1_28' title='bbox 526 419 570 440; x_wconf 90' lang='lat' dir='ltr'><strong>cr.</strong></span> <span class='ocrx_word' id='word_1_29' title='bbox 590 419 624 450; x_wconf 89' lang='lat' dir='ltr'><strong>p.</strong></span> <span class='ocrx_word' id='word_1_30' title='bbox 646 406 702 440; x_wconf 88' lang='lat'><strong>77.</strong></span> <span class='ocrx_word' id='word_1_31' title='bbox 724 410 751 440; x_wconf 91' lang='lat' dir='ltr'><strong>I.</strong></span> <span class='ocrx_word' id='word_1_32' title='bbox 769 410 875 440; x_wconf 88' lang='lat' dir='ltr'><strong>Henr.</strong></span> <span class='ocrx_word' id='word_1_33' title='bbox 891 410 987 440; x_wconf 86' lang='lat' dir='ltr'><strong>Voss.</strong></span> <span class='ocrx_word' id='word_1_34' title='bbox 1010 408 1050 440; x_wconf 84' lang='lat' dir='ltr'><strong>ad</strong></span> <span class='ocrx_word' id='word_1_35' title='bbox 1069 409 1183 448; x_wconf 82' lang='lat' dir='ltr'><strong>hymn.</strong></span> 
     </span>
     <span class='ocr_line' id='line_1_6' title="bbox 172 451 1187 497; baseline 0.003 -13"><span class='ocrx_word' id='word_1_36' title='bbox 172 454 249 485; x_wconf 85' lang='lat' dir='ltr'><strong>Cer.</strong></span> <span class='ocrx_word' id='word_1_37' title='bbox 263 451 309 485; x_wconf 98' lang='lat'><strong>87</strong></span> <span class='ocrx_word' id='word_1_38' title='bbox 333 464 366 495; x_wconf 90' lang='lat' dir='ltr'><strong>p.</strong></span> <span class='ocrx_word' id='word_1_39' title='bbox 385 452 426 487; x_wconf 88' lang='lat'><strong>31</strong></span> <span class='ocrx_word' id='word_1_40' title='bbox 448 459 484 487; x_wconf 87' lang='lat' dir='ltr'><strong>ct</strong></span> <span class='ocrx_word' id='word_1_41' title='bbox 507 456 548 487; x_wconf 83' lang='lat' dir='ltr'><strong>ad</strong></span> <span class='ocrx_word' id='word_1_42' title='bbox 563 458 654 487; x_wconf 88' lang='lat' dir='ltr'><strong>Arat.</strong></span> <span class='ocrx_word' id='word_1_43' title='bbox 675 466 707 497; x_wconf 93' lang='lat' dir='ltr'><strong>p.</strong></span> <span class='ocrx_word' id='word_1_44' title='bbox 726 453 782 487; x_wconf 88' lang='lat'><strong>53.</strong></span> <span class='ocrx_word' id='word_1_45' title='bbox 803 456 923 487; x_wconf 85' lang='lat' dir='ltr'><strong>Matth.</strong></span> <span class='ocrx_word' id='word_1_46' title='bbox 945 456 986 487; x_wconf 86' lang='lat' dir='ltr'><strong>ad</strong></span> <span class='ocrx_word' id='word_1_47' title='bbox 1004 456 1086 487; x_wconf 83' lang='lat' dir='ltr'><strong>Eur.</strong></span> <span class='ocrx_word' id='word_1_48' title='bbox 1100 456 1187 496; x_wconf 89' lang='lat' dir='ltr'><strong>Hip-</strong></span> 
     </span>
     <span class='ocr_line' id='line_1_7' title="bbox 169 498 1188 548; baseline 0.003 -16"><span class='ocrx_word' id='word_1_49' title='bbox 169 501 237 541; x_wconf 90' lang='lat' dir='ltr'><strong>pol.</strong></span> <span class='ocrx_word' id='word_1_50' title='bbox 268 498 346 533; x_wconf 88' lang='lat'>109.</span> <span class='ocrx_word' id='word_1_51' title='bbox 390 499 460 535; x_wconf 85' lang='grc' dir='ltr'>τόδ’</span> <span class='ocrx_word' id='word_1_52' title='bbox 494 499 658 548; x_wconf 78' lang='grc' dir='ltr'>ἐξύπερθε</span> <span class='ocrx_word' id='word_1_53' title='bbox 691 500 850 547; x_wconf 82' lang='grc' dir='ltr'>(εἰσορῶ)</span> <span class='ocrx_word' id='word_1_54' title='bbox 881 503 942 534; x_wconf 88' lang='lat' dir='ltr'><strong>Ph.</strong></span> <span class='ocrx_word' id='word_1_55' title='bbox 972 499 1028 534; x_wconf 86' lang='lat'><strong>29.</strong></span> <span class='ocrx_word' id='word_1_56' title='bbox 1069 500 1188 548; x_wconf 88' lang='grc' dir='ltr'>πυρεῖ’</span> 
     </span>
     <span class='ocr_line' id='line_1_8' title="bbox 172 545 1187 596; baseline 0.001 -16"><span class='ocrx_word' id='word_1_57' title='bbox 172 545 260 591; x_wconf 80' lang='grc' dir='ltr'>ὁμοῦ</span> <span class='ocrx_word' id='word_1_58' title='bbox 284 546 366 581; x_wconf 88' lang='grc' dir='ltr'>τάδε</span> <span class='ocrx_word' id='word_1_59' title='bbox 395 546 450 581; x_wconf 85' lang='grc'><strong>36.</strong></span> <span class='ocrx_word' id='word_1_60' title='bbox 481 548 592 595; x_wconf 76' lang='grc' dir='ltr'>στίβον</span> <span class='ocrx_word' id='word_1_61' title='bbox 621 548 760 596; x_wconf 83' lang='grc' dir='ltr'>ὀγμεύει</span> <span class='ocrx_word' id='word_1_62' title='bbox 784 548 882 583; x_wconf 86' lang='grc' dir='ltr'>τόνδε</span> <span class='ocrx_word' id='word_1_63' title='bbox 909 547 1016 586; x_wconf 81' lang='grc' dir='ltr'>πέλας</span> <span class='ocrx_word' id='word_1_64' title='bbox 1034 560 1100 582; x_wconf 85' lang='grc' dir='ltr'><strong>που</strong></span> <span class='ocrx_word' id='word_1_65' title='bbox 1122 546 1187 581; x_wconf 88' lang='grc'><strong>163</strong></span> 
     </span>
     <span class='ocr_line' id='line_1_9' title="bbox 170 591 1187 643; baseline 0.003 -18"><span class='ocrx_word' id='word_1_66' title='bbox 170 605 226 626; x_wconf 83' lang='lat' dir='ltr'><strong>an.</strong></span> <span class='ocrx_word' id='word_1_67' title='bbox 257 593 370 634; x_wconf 79' lang='grc' dir='ltr'>στάζει</span> <span class='ocrx_word' id='word_1_68' title='bbox 394 594 458 642; x_wconf 84' lang='grc' dir='ltr'><strong>γὰρ</strong></span> <span class='ocrx_word' id='word_1_69' title='bbox 478 595 520 630; x_wconf 83' lang='grc' dir='ltr'><strong>αὖ</strong></span> <span class='ocrx_word' id='word_1_70' title='bbox 539 609 596 642; x_wconf 90' lang='grc' dir='ltr'><strong>μοι</strong></span> <span class='ocrx_word' id='word_1_71' title='bbox 621 595 751 643; x_wconf 90' lang='grc' dir='ltr'>φοίνιον</span> <span class='ocrx_word' id='word_1_72' title='bbox 780 591 851 630; x_wconf 79' lang='grc' dir='ltr'>τόδ’</span> <span class='ocrx_word' id='word_1_73' title='bbox 876 595 916 630; x_wconf 81' lang='grc' dir='ltr'>ἐκ</span> <span class='ocrx_word' id='word_1_74' title='bbox 934 594 1042 641; x_wconf 72' lang='grc' dir='ltr'>βυθοῦ</span> <span class='ocrx_word' id='word_1_75' title='bbox 1060 598 1187 643; x_wconf 87' lang='grc' dir='ltr'>κηκῖον</span> 
     </span>
     <span class='ocr_line' id='line_1_10' title="bbox 170 639 1188 690; baseline 0 -16"><span class='ocrx_word' id='word_1_76' title='bbox 170 639 260 686; x_wconf 81' lang='grc' dir='ltr'>αἷμα</span> <span class='ocrx_word' id='word_1_77' title='bbox 277 639 358 674; x_wconf 74' lang='grc'>783.</span> <span class='ocrx_word' id='word_1_78' title='bbox 394 642 623 690; x_wconf 87' lang='grc' dir='ltr'>προσέρχεται</span> <span class='ocrx_word' id='word_1_79' title='bbox 647 641 715 678; x_wconf 77' lang='grc' dir='ltr'>τόδ’</span> <span class='ocrx_word' id='word_1_80' title='bbox 744 642 844 690; x_wconf 72' lang='grc' dir='ltr'>ἐγγύς</span> <span class='ocrx_word' id='word_1_81' title='bbox 870 642 939 675; x_wconf 82' lang='lat'><strong>788</strong></span> <span class='ocrx_word' id='word_1_82' title='bbox 964 645 1005 675; x_wconf 87' lang='lat' dir='ltr'><strong>dc</strong></span> <span class='ocrx_word' id='word_1_83' title='bbox 1025 645 1110 676; x_wconf 89' lang='lat' dir='ltr'><strong>malo</strong></span> <span class='ocrx_word' id='word_1_84' title='bbox 1128 654 1188 675; x_wconf 87' lang='lat' dir='ltr'><strong>suo</strong></span> 
     </span>
     <span class='ocr_line' id='line_1_11' title="bbox 167 689 1188 728; baseline 0.003 -10"><span class='ocrx_word' id='word_1_85' title='bbox 167 689 426 728; x_wconf 81' lang='lat' dir='ltr'><strong>ingravescente</strong></span> <span class='ocrx_word' id='word_1_86' title='bbox 454 692 539 724; x_wconf 84' lang='lat' dir='ltr'><strong>Phil.</strong></span> <span class='ocrx_word' id='word_1_87' title='bbox 586 693 652 723; x_wconf 85' lang='lat' dir='ltr'><strong>Nos</strong></span> <span class='ocrx_word' id='word_1_88' title='bbox 678 692 781 723; x_wconf 78' lang='lat' dir='ltr'><strong>simili</strong></span> <span class='ocrx_word' id='word_1_89' title='bbox 807 692 901 722; x_wconf 84' lang='lat' dir='ltr'><strong>modo</strong></span> <span class='ocrx_word' id='word_1_90' title='bbox 927 691 971 722; x_wconf 78' lang='lat' dir='ltr'><strong>da</strong></span> <span class='ocrx_word' id='word_1_91' title='bbox 1001 693 1123 722; x_wconf 80' lang='lat' dir='ltr'><strong>kommt</strong></span> <span class='ocrx_word' id='word_1_92' title='bbox 1156 701 1188 722; x_wconf 75' lang='lat' dir='ltr'><strong>es</strong></span> 
     </span>
     <span class='ocr_line' id='line_1_12' title="bbox 168 735 1186 784; baseline 0.004 -18"><span class='ocrx_word' id='word_1_93' title='bbox 168 736 299 768; x_wconf 81' lang='lat' dir='ltr'><strong>wieder.</strong></span> <span class='ocrx_word' id='word_1_94' title='bbox 321 735 414 782; x_wconf 82' lang='grc' dir='ltr'>κάρα</span> <span class='ocrx_word' id='word_1_95' title='bbox 430 736 495 784; x_wconf 86' lang='grc' dir='ltr'><strong>γὰρ</strong></span> <span class='ocrx_word' id='word_1_96' title='bbox 513 736 709 777; x_wconf 73' lang='grc' dir='ltr'>ὑπτιάζεται</span> <span class='ocrx_word' id='word_1_97' title='bbox 725 737 803 771; x_wconf 77' lang='grc' dir='ltr'>τόδε</span> <span class='ocrx_word' id='word_1_98' title='bbox 821 736 900 770; x_wconf 84' lang='grc'>822.</span> <span class='ocrx_word' id='word_1_99' title='bbox 933 736 1130 783; x_wconf 74' lang='grc' dir='ltr'>ἱκετεύομέν</span> <span class='ocrx_word' id='word_1_100' title='bbox 1151 748 1186 770; x_wconf 86' lang='grc' dir='ltr'><strong>σε</strong></span> 
     </span>
     <span class='ocr_line' id='line_1_13' title="bbox 166 781 1186 831; baseline 0.001 -15"><span class='ocrx_word' id='word_1_101' title='bbox 166 781 293 821; x_wconf 78' lang='grc' dir='ltr'>πάντες</span> <span class='ocrx_word' id='word_1_102' title='bbox 320 783 393 819; x_wconf 82' lang='grc' dir='ltr'>οἶδε</span> <span class='ocrx_word' id='word_1_103' title='bbox 412 785 469 817; x_wconf 80' lang='lat' dir='ltr'><strong>OR</strong></span> <span class='ocrx_word' id='word_1_104' title='bbox 487 783 546 818; x_wconf 87' lang='lat'><strong>41.</strong></span> <span class='ocrx_word' id='word_1_105' title='bbox 575 784 648 819; x_wconf 81' lang='grc' dir='ltr'>οἵδε</span> <span class='ocrx_word' id='word_1_106' title='bbox 673 784 737 831; x_wconf 80' lang='grc' dir='ltr'><strong>γὰρ</strong></span> <span class='ocrx_word' id='word_1_107' title='bbox 763 784 821 818; x_wconf 85' lang='grc' dir='ltr'><strong>τὸν</strong></span> <span class='ocrx_word' id='word_1_108' title='bbox 847 783 943 819; x_wconf 79' lang='grc' dir='ltr'>θεῖον</span> <span class='ocrx_word' id='word_1_109' title='bbox 970 782 1040 830; x_wconf 81' lang='grc' dir='ltr'><strong>ἤδη</strong></span> <span class='ocrx_word' id='word_1_110' title='bbox 1068 783 1186 829; x_wconf 89' lang='grc' dir='ltr'>μάντιν</span> 
     </span>
     <span class='ocr_line' id='line_1_14' title="bbox 167 827 1187 878; baseline 0.002 -15"><span class='ocrx_word' id='word_1_111' title='bbox 167 827 227 863; x_wconf 75' lang='grc' dir='ltr'><strong>ὧδ’</strong></span> <span class='ocrx_word' id='word_1_112' title='bbox 243 828 384 878; x_wconf 81' lang='grc' dir='ltr'>ἄγουσιν</span> <span class='ocrx_word' id='word_1_113' title='bbox 403 830 483 865; x_wconf 89' lang='grc'>297.</span> <span class='ocrx_word' id='word_1_114' title='bbox 514 831 615 870; x_wconf 77' lang='grc' dir='ltr'>αὐτὸς</span> <span class='ocrx_word' id='word_1_115' title='bbox 634 827 658 865; x_wconf 84' lang='grc' dir='ltr'><strong>δ’</strong></span> <span class='ocrx_word' id='word_1_116' title='bbox 687 827 736 865; x_wconf 77' lang='grc' dir='ltr'><strong>ὅδ’</strong></span> <span class='ocrx_word' id='word_1_117' title='bbox 761 830 831 878; x_wconf 80' lang='grc' dir='ltr'><strong>ἤδη</strong></span> <span class='ocrx_word' id='word_1_118' title='bbox 851 830 1021 876; x_wconf 92' lang='grc' dir='ltr'>δωμάτων</span> <span class='ocrx_word' id='word_1_119' title='bbox 1041 830 1105 870; x_wconf 81' lang='grc' dir='ltr'>ἔξω</span> <span class='ocrx_word' id='word_1_120' title='bbox 1123 843 1187 865; x_wconf 85' lang='grc' dir='ltr'><strong>πε-</strong></span> 
     </span>
     <span class='ocr_line' id='line_1_15' title="bbox 168 876 1185 924; baseline -0.002 -12"><span class='ocrx_word' id='word_1_121' title='bbox 168 876 214 924; x_wconf 74' lang='grc' dir='ltr'><strong>ρᾷ</strong></span> <span class='ocrx_word' id='word_1_122' title='bbox 225 903 232 918; x_wconf 84' lang='grc'>,</span> <span class='ocrx_word' id='word_1_123' title='bbox 270 889 357 921; x_wconf 86' lang='lat' dir='ltr'><strong>quae</strong></span> <span class='ocrx_word' id='word_1_124' title='bbox 375 881 439 912; x_wconf 86' lang='lat' dir='ltr'><strong>duo</strong></span> <span class='ocrx_word' id='word_1_125' title='bbox 457 881 613 921; x_wconf 84' lang='lat' dir='ltr'><strong>exempla</strong></span> <span class='ocrx_word' id='word_1_126' title='bbox 631 882 697 913; x_wconf 87' lang='lat' dir='ltr'><strong>etsi</strong></span> <span class='ocrx_word' id='word_1_127' title='bbox 714 882 814 912; x_wconf 83' lang='lat' dir='ltr'><strong>etiam</strong></span> <span class='ocrx_word' id='word_1_128' title='bbox 832 880 997 912; x_wconf 85' lang='lat' dir='ltr'><strong>secundae</strong></span> <span class='ocrx_word' id='word_1_129' title='bbox 1016 880 1185 919; x_wconf 76' lang='lat' dir='ltr'><strong>significa—</strong></span> 
     </span>
     <span class='ocr_line' id='line_1_16' title="bbox 165 926 1185 968; baseline 0.001 -11"><span class='ocrx_word' id='word_1_130' title='bbox 165 926 284 968; x_wconf 80' lang='lat' dir='ltr'><strong>tionis,</strong></span> <span class='ocrx_word' id='word_1_131' title='bbox 313 937 414 968; x_wconf 85' lang='lat' dir='ltr'><strong>quam</strong></span> <span class='ocrx_word' id='word_1_132' title='bbox 430 929 620 968; x_wconf 76' lang='lat' dir='ltr'><strong>posuimus,</strong></span> <span class='ocrx_word' id='word_1_133' title='bbox 650 938 724 960; x_wconf 88' lang='lat' dir='ltr'><strong>esse</strong></span> <span class='ocrx_word' id='word_1_134' title='bbox 742 931 895 968; x_wconf 86' lang='lat' dir='ltr'><strong>possunt,</strong></span> <span class='ocrx_word' id='word_1_135' title='bbox 926 928 1114 967; x_wconf 83' lang='lat' dir='ltr'><strong>elegantius</strong></span> <span class='ocrx_word' id='word_1_136' title='bbox 1133 931 1185 958; x_wconf 82' lang='lat' dir='ltr'><strong>ta-</strong></span> 
     </span>
     <span class='ocr_line' id='line_1_17' title="bbox 166 972 1184 1021; baseline 0 -15"><span class='ocrx_word' id='word_1_137' title='bbox 166 984 247 1006; x_wconf 86' lang='lat' dir='ltr'><strong>men</strong></span> <span class='ocrx_word' id='word_1_138' title='bbox 260 975 340 1007; x_wconf 86' lang='lat' dir='ltr'><strong>huic</strong></span> <span class='ocrx_word' id='word_1_139' title='bbox 351 975 460 1007; x_wconf 90' lang='lat' dir='ltr'><strong>ordini</strong></span> <span class='ocrx_word' id='word_1_140' title='bbox 479 979 711 1007; x_wconf 80' lang='lat' dir='ltr'><strong>accensentur.</strong></span> <span class='ocrx_word' id='word_1_141' title='bbox 731 973 870 1021; x_wconf 73' lang='grc' dir='ltr'>κλῆθρα</span> <span class='ocrx_word' id='word_1_142' title='bbox 883 972 926 1020; x_wconf 87' lang='grc' dir='ltr'>γά</span> <span class='ocrx_word' id='word_1_143' title='bbox 965 972 1084 1007; x_wconf 84' lang='grc' dir='ltr'>πυλῶν</span> <span class='ocrx_word' id='word_1_144' title='bbox 1102 972 1184 1007; x_wconf 83' lang='grc' dir='ltr'>τάδε</span> 
     </span>
     <span class='ocr_line' id='line_1_18' title="bbox 169 1007 1181 1067; baseline -0.002 -13"><span class='ocrx_word' id='word_1_145' title='bbox 169 1020 331 1067; x_wconf 44' lang='lat' dir='ltr'><strong>&amp;ouem</strong></span> <span class='ocrx_word' id='word_1_146' title='bbox 366 1019 467 1054; x_wconf 79' lang='lat'>1294.</span> <span class='ocrx_word' id='word_1_147' title='bbox 506 1020 541 1059; x_wconf 69' lang='grc' dir='ltr'><strong>ἐς</strong></span> <span class='ocrx_word' id='word_1_148' title='bbox 566 1020 643 1055; x_wconf 56' lang='grc' dir='ltr'>δέον</span> <span class='ocrx_word' id='word_1_149' title='bbox 670 1007 812 1066; x_wconf 60' lang='grc' dir='ltr'>πάρεσθ’</span> <span class='ocrx_word' id='word_1_150' title='bbox 847 1020 904 1055; x_wconf 62' lang='grc' dir='ltr'><strong>ὅδε</strong></span> <span class='ocrx_word' id='word_1_151' title='bbox 968 1019 1054 1065; x_wconf 58' lang='lat' dir='ltr'><strong>pam</strong></span> <span class='ocrx_word' id='word_1_152' title='bbox 1082 1018 1181 1052; x_wconf 73' lang='lat'>1416.</span> 
     </span>
     <span class='ocr_line' id='line_1_19' title="bbox 169 1065 1184 1115; baseline -0.002 -13"><span class='ocrx_word' id='word_1_153' title='bbox 169 1066 278 1106; x_wconf 80' lang='grc' dir='ltr'>πέλας</span> <span class='ocrx_word' id='word_1_154' title='bbox 295 1067 359 1115; x_wconf 81' lang='grc' dir='ltr'><strong>γὰρ</strong></span> <span class='ocrx_word' id='word_1_155' title='bbox 376 1067 483 1115; x_wconf 83' lang='grc' dir='ltr'>ἄνδρα</span> <span class='ocrx_word' id='word_1_156' title='bbox 499 1068 596 1102; x_wconf 89' lang='grc' dir='ltr'>τόνδε</span> <span class='ocrx_word' id='word_1_157' title='bbox 614 1068 683 1114; x_wconf 83' lang='grc' dir='ltr'><strong>νῷν</strong></span> <span class='ocrx_word' id='word_1_158' title='bbox 709 1067 779 1114; x_wconf 74' lang='grc' dir='ltr'><strong>ὁρῶ</strong></span> <span class='ocrx_word' id='word_1_159' title='bbox 796 1070 852 1102; x_wconf 86' lang='lat' dir='ltr'><strong>OC</strong></span> <span class='ocrx_word' id='word_1_160' title='bbox 869 1066 926 1101; x_wconf 86' lang='lat'><strong>29.</strong></span> <span class='ocrx_word' id='word_1_161' title='bbox 944 1069 1003 1114; x_wconf 49' lang='lat' dir='ltr'><strong>fb}</strong></span> <span class='ocrx_word' id='word_1_162' title='bbox 1021 1066 1108 1113; x_wconf 78' lang='grc' dir='ltr'>ἀνὴρ</span> <span class='ocrx_word' id='word_1_163' title='bbox 1128 1065 1184 1100; x_wconf 79' lang='grc' dir='ltr'><strong>ὅδε</strong></span> 
     </span>
     <span class='ocr_line' id='line_1_20' title="bbox 170 1113 1184 1162; baseline 0 -15"><span class='ocrx_word' id='word_1_164' title='bbox 170 1113 216 1148; x_wconf 85' lang='grc'><strong>32</strong></span> <span class='ocrx_word' id='word_1_165' title='bbox 241 1126 312 1148; x_wconf 85' lang='lat' dir='ltr'><strong>eece</strong></span> <span class='ocrx_word' id='word_1_166' title='bbox 336 1117 438 1148; x_wconf 72' lang='lat' dir='ltr'><strong>adest.</strong></span> <span class='ocrx_word' id='word_1_167' title='bbox 467 1114 671 1162; x_wconf 83' lang='grc' dir='ltr'>πορεύονται</span> <span class='ocrx_word' id='word_1_168' title='bbox 696 1115 760 1162; x_wconf 86' lang='grc' dir='ltr'><strong>γὰρ</strong></span> <span class='ocrx_word' id='word_1_169' title='bbox 789 1114 862 1150; x_wconf 76' lang='grc' dir='ltr'>οἵδε</span> <span class='ocrx_word' id='word_1_170' title='bbox 889 1114 932 1161; x_wconf 80' lang='grc' dir='ltr'><strong>δή</strong></span> <span class='ocrx_word' id='word_1_171' title='bbox 955 1127 1044 1153; x_wconf 77' lang='grc' dir='ltr'>τινες</span> <span class='ocrx_word' id='word_1_172' title='bbox 1069 1114 1184 1162; x_wconf 81' lang='grc' dir='ltr'>χρόνῳ</span> 
     </span>
     <span class='ocr_line' id='line_1_21' title="bbox 168 1161 1187 1204; baseline -0.003 -8"><span class='ocrx_word' id='word_1_173' title='bbox 168 1161 310 1197; x_wconf 88' lang='grc' dir='ltr'>παλαιοί</span> <span class='ocrx_word' id='word_1_174' title='bbox 330 1161 407 1196; x_wconf 92' lang='grc'>111.</span> <span class='ocrx_word' id='word_1_175' title='bbox 428 1164 515 1195; x_wconf 90' lang='lat' dir='ltr'><strong>Male</strong></span> <span class='ocrx_word' id='word_1_176' title='bbox 533 1164 722 1196; x_wconf 83' lang='lat' dir='ltr'><strong>Brunckius</strong></span> <span class='ocrx_word' id='word_1_177' title='bbox 741 1162 797 1196; x_wconf 85' lang='grc' dir='ltr'><strong>ὦδ</strong></span> <span class='ocrx_word' id='word_1_178' title='bbox 809 1175 824 1196; x_wconf 90' lang='grc' dir='ltr'><strong>ε</strong></span> <span class='ocrx_word' id='word_1_179' title='bbox 837 1189 844 1203; x_wconf 85' lang='grc'>,</span> <span class='ocrx_word' id='word_1_180' title='bbox 873 1165 914 1195; x_wconf 87' lang='lat' dir='ltr'><strong>dc</strong></span> <span class='ocrx_word' id='word_1_181' title='bbox 931 1173 998 1204; x_wconf 89' lang='lat' dir='ltr'><strong>quo</strong></span> <span class='ocrx_word' id='word_1_182' title='bbox 1015 1166 1187 1203; x_wconf 83' lang='lat' dir='ltr'><strong>corrupte-</strong></span> 
     </span>
     <span class='ocr_line' id='line_1_22' title="bbox 168 1207 1187 1252; baseline 0 -10"><span class='ocrx_word' id='word_1_183' title='bbox 168 1211 222 1243; x_wconf 88' lang='lat' dir='ltr'><strong>lae</strong></span> <span class='ocrx_word' id='word_1_184' title='bbox 239 1221 362 1251; x_wconf 86' lang='lat' dir='ltr'><strong>genere</strong></span> <span class='ocrx_word' id='word_1_185' title='bbox 381 1222 411 1243; x_wconf 87' lang='lat' dir='ltr'><strong>v.</strong></span> <span class='ocrx_word' id='word_1_186' title='bbox 434 1211 602 1243; x_wconf 79' lang='lat' dir='ltr'><strong>Schael&#39;er.</strong></span> <span class='ocrx_word' id='word_1_187' title='bbox 624 1212 701 1242; x_wconf 86' lang='lat' dir='ltr'><strong>mel.</strong></span> <span class='ocrx_word' id='word_1_188' title='bbox 724 1221 767 1243; x_wconf 80' lang='lat' dir='ltr'><strong>cr.</strong></span> <span class='ocrx_word' id='word_1_189' title='bbox 789 1212 811 1242; x_wconf 96' lang='lat' dir='ltr'><strong>l.</strong></span> <span class='ocrx_word' id='word_1_190' title='bbox 835 1222 862 1243; x_wconf 81' lang='grc' dir='ltr'><strong>ο.</strong></span> <span class='ocrx_word' id='word_1_191' title='bbox 885 1221 919 1252; x_wconf 88' lang='lat' dir='ltr'><strong>p.</strong></span> <span class='ocrx_word' id='word_1_192' title='bbox 939 1209 997 1242; x_wconf 90' lang='lat'><strong>77.</strong></span> <span class='ocrx_word' id='word_1_193' title='bbox 1027 1207 1075 1242; x_wconf 77' lang='grc' dir='ltr'><strong>ὅδ’</strong></span> <span class='ocrx_word' id='word_1_194' title='bbox 1094 1208 1187 1242; x_wconf 83' lang='grc' dir='ltr'>έκεῖ-</span> 
     </span>
     <span class='ocr_line' id='line_1_23' title="bbox 167 1252 1185 1304; baseline -0.001 -13"><span class='ocrx_word' id='word_1_195' title='bbox 167 1270 228 1296; x_wconf 83' lang='grc' dir='ltr'><strong>νος</strong></span> <span class='ocrx_word' id='word_1_196' title='bbox 246 1256 314 1304; x_wconf 85' lang='grc' dir='ltr'>ἐγώ</span> <span class='ocrx_word' id='word_1_197' title='bbox 333 1255 400 1291; x_wconf 87' lang='grc'><strong>137</strong></span> <span class='ocrx_word' id='word_1_198' title='bbox 418 1268 472 1290; x_wconf 87' lang='lat' dir='ltr'><strong>an.</strong></span> <span class='ocrx_word' id='word_1_199' title='bbox 500 1256 560 1291; x_wconf 91' lang='grc' dir='ltr'><strong>καὶ</strong></span> <span class='ocrx_word' id='word_1_200' title='bbox 578 1257 646 1303; x_wconf 82' lang='grc' dir='ltr'><strong>μὴν</strong></span> <span class='ocrx_word' id='word_1_201' title='bbox 665 1256 747 1296; x_wconf 71' lang='grc' dir='ltr'>ἅναξ</span> <span class='ocrx_word' id='word_1_202' title='bbox 765 1252 813 1290; x_wconf 74' lang='grc' dir='ltr'><strong>ὅδ’</strong></span> <span class='ocrx_word' id='word_1_203' title='bbox 830 1256 915 1302; x_wconf 81' lang='grc' dir='ltr'>ἧμιν</span> <span class='ocrx_word' id='word_1_204' title='bbox 934 1254 1068 1303; x_wconf 84' lang='grc' dir='ltr'>Αἰγέως</span> <span class='ocrx_word' id='word_1_205' title='bbox 1086 1255 1185 1303; x_wconf 83' lang='grc' dir='ltr'>γόνος</span> 
     </span>
     <span class='ocr_line' id='line_1_24' title="bbox 168 1299 1184 1352; baseline -0.002 -14"><span class='ocrx_word' id='word_1_206' title='bbox 168 1303 248 1338; x_wconf 98' lang='grc'>549.</span> <span class='ocrx_word' id='word_1_207' title='bbox 278 1304 417 1352; x_wconf 77' lang='grc' dir='ltr'>ἔρχεται</span> <span class='ocrx_word' id='word_1_208' title='bbox 434 1301 466 1339; x_wconf 88' lang='grc' dir='ltr'>Κ</span> <span class='ocrx_word' id='word_1_209' title='bbox 493 1304 558 1339; x_wconf 83' lang='grc' dir='ltr'><strong>έων</strong></span> <span class='ocrx_word' id='word_1_210' title='bbox 585 1303 643 1339; x_wconf 82' lang='grc' dir='ltr'><strong>ὅδε</strong></span> <span class='ocrx_word' id='word_1_211' title='bbox 661 1303 740 1338; x_wconf 90' lang='grc'>723.</span> <span class='ocrx_word' id='word_1_212' title='bbox 770 1299 837 1339; x_wconf 77' lang='grc' dir='ltr'>αἵδ’</span> <span class='ocrx_word' id='word_1_213' title='bbox 877 1303 963 1349; x_wconf 76' lang='grc' dir='ltr'>ὁμοῦ</span> <span class='ocrx_word' id='word_1_214' title='bbox 988 1302 1184 1348; x_wconf 76' lang='grc' dir='ltr'>πελάζομεν</span> 
     </span>
     <span class='ocr_line' id='line_1_25' title="bbox 172 1349 1186 1400; baseline 0 -16"><span class='ocrx_word' id='word_1_215' title='bbox 172 1350 274 1385; x_wconf 91' lang='grc'>1107.</span> <span class='ocrx_word' id='word_1_216' title='bbox 303 1352 445 1397; x_wconf 87' lang='grc' dir='ltr'>πάρεστι</span> <span class='ocrx_word' id='word_1_217' title='bbox 492 1355 570 1400; x_wconf 80' lang='grc' dir='ltr'>εῦρο</span> <span class='ocrx_word' id='word_1_218' title='bbox 588 1350 802 1398; x_wconf 78' lang='grc' dir='ltr'>Πολυνείκης</span> <span class='ocrx_word' id='word_1_219' title='bbox 820 1350 877 1385; x_wconf 88' lang='grc' dir='ltr'><strong>ὅδε</strong></span> <span class='ocrx_word' id='word_1_220' title='bbox 898 1349 998 1384; x_wconf 86' lang='grc'>1253.</span> <span class='ocrx_word' id='word_1_221' title='bbox 1028 1349 1093 1385; x_wconf 84' lang='grc' dir='ltr'>αἵδ’</span> <span class='ocrx_word' id='word_1_222' title='bbox 1119 1349 1186 1398; x_wconf 80' lang='grc' dir='ltr'><strong>οὐχ</strong></span> 
     </span>
     <span class='ocr_line' id='line_1_26' title="bbox 167 1396 1185 1446; baseline -0.002 -13"><span class='ocrx_word' id='word_1_223' title='bbox 167 1398 252 1438; x_wconf 81' lang='grc' dir='ltr'>ἑκάς</span> <span class='ocrx_word' id='word_1_224' title='bbox 271 1396 372 1432; x_wconf 89' lang='grc'>1668.</span> <span class='ocrx_word' id='word_1_225' title='bbox 401 1397 459 1433; x_wconf 79' lang='grc' dir='ltr'><strong>ὅδε</strong></span> <span class='ocrx_word' id='word_1_226' title='bbox 479 1398 636 1445; x_wconf 83' lang='grc' dir='ltr'>βασιλεὺς</span> <span class='ocrx_word' id='word_1_227' title='bbox 653 1399 771 1446; x_wconf 88' lang='grc' dir='ltr'>χώρας</span> <span class='ocrx_word' id='word_1_228' title='bbox 790 1401 870 1432; x_wconf 89' lang='lat' dir='ltr'><strong>Ant.</strong></span> <span class='ocrx_word' id='word_1_229' title='bbox 895 1397 972 1431; x_wconf 89' lang='lat'>155.</span> <span class='ocrx_word' id='word_1_230' title='bbox 999 1396 1047 1432; x_wconf 77' lang='grc' dir='ltr'><strong>ὅδ’</strong></span> <span class='ocrx_word' id='word_1_231' title='bbox 1065 1397 1106 1432; x_wconf 85' lang='grc' dir='ltr'>ἐκ</span> <span class='ocrx_word' id='word_1_232' title='bbox 1124 1397 1185 1432; x_wconf 89' lang='grc' dir='ltr'><strong>δό-</strong></span> 
     </span>
     <span class='ocr_line' id='line_1_27' title="bbox 169 1440 1183 1494; baseline -0.003 -14"><span class='ocrx_word' id='word_1_233' title='bbox 169 1458 246 1492; x_wconf 90' lang='grc' dir='ltr'><strong>μων</strong></span> <span class='ocrx_word' id='word_1_234' title='bbox 264 1446 353 1494; x_wconf 84' lang='grc' dir='ltr'>περᾷ</span> <span class='ocrx_word' id='word_1_235' title='bbox 369 1444 448 1480; x_wconf 89' lang='grc'>386.</span> <span class='ocrx_word' id='word_1_236' title='bbox 476 1445 536 1480; x_wconf 90' lang='grc' dir='ltr'><strong>καὶ</strong></span> <span class='ocrx_word' id='word_1_237' title='bbox 562 1446 631 1492; x_wconf 84' lang='grc' dir='ltr'><strong>μὴν</strong></span> <span class='ocrx_word' id='word_1_238' title='bbox 650 1446 715 1492; x_wconf 88' lang='grc' dir='ltr'><strong>πρὸ</strong></span> <span class='ocrx_word' id='word_1_239' title='bbox 740 1445 860 1480; x_wconf 83' lang='grc' dir='ltr'>πυλῶν</span> <span class='ocrx_word' id='word_1_240' title='bbox 878 1440 934 1491; x_wconf 75' lang='grc' dir='ltr'><strong>ἥδ’</strong></span> <span class='ocrx_word' id='word_1_241' title='bbox 957 1443 1098 1491; x_wconf 82' lang='grc' dir='ltr'>Ἰσμήνη</span> <span class='ocrx_word' id='word_1_242' title='bbox 1116 1443 1183 1478; x_wconf 86' lang='grc'><strong>526</strong></span> 
     </span>
     <span class='ocr_line' id='line_1_28' title="bbox 166 1490 1186 1540; baseline -0.001 -14"><span class='ocrx_word' id='word_1_243' title='bbox 166 1504 222 1526; x_wconf 88' lang='lat' dir='ltr'><strong>an.</strong></span> <span class='ocrx_word' id='word_1_244' title='bbox 253 1492 311 1528; x_wconf 80' lang='grc' dir='ltr'><strong>ὅδε</strong></span> <span class='ocrx_word' id='word_1_245' title='bbox 338 1493 407 1540; x_wconf 87' lang='grc' dir='ltr'><strong>μὴν</strong></span> <span class='ocrx_word' id='word_1_246' title='bbox 423 1492 545 1538; x_wconf 83' lang='grc' dir='ltr'>Αἵμων</span> <span class='ocrx_word' id='word_1_247' title='bbox 571 1491 640 1527; x_wconf 93' lang='grc'><strong>626</strong></span> <span class='ocrx_word' id='word_1_248' title='bbox 657 1505 709 1527; x_wconf 90' lang='lat' dir='ltr'><strong>an.</strong></span> <span class='ocrx_word' id='word_1_249' title='bbox 739 1491 791 1527; x_wconf 75' lang='grc' dir='ltr'><strong>ὅθ’</strong></span> <span class='ocrx_word' id='word_1_250' title='bbox 818 1492 887 1539; x_wconf 80' lang='grc' dir='ltr'><strong>ὁρῶ</strong></span> <span class='ocrx_word' id='word_1_251' title='bbox 914 1491 1074 1537; x_wconf 81' lang='grc' dir='ltr'>θάλαμον</span> <span class='ocrx_word' id='word_1_252' title='bbox 1090 1490 1186 1537; x_wconf 88' lang='grc' dir='ltr'>τήνδ’</span> 
     </span>
     <span class='ocr_line' id='line_1_29' title="bbox 167 1535 1185 1588; baseline -0.002 -13"><span class='ocrx_word' id='word_1_253' title='bbox 167 1535 359 1588; x_wconf 83' lang='grc' dir='ltr'>Ἀντιγόνην</span> <span class='ocrx_word' id='word_1_254' title='bbox 384 1539 573 1575; x_wconf 79' lang='grc' dir='ltr'>ἀνύτουσαν</span> <span class='ocrx_word' id='word_1_255' title='bbox 594 1539 663 1574; x_wconf 81' lang='grc'><strong>805</strong></span> <span class='ocrx_word' id='word_1_256' title='bbox 673 1552 727 1573; x_wconf 87' lang='lat' dir='ltr'><strong>an.</strong></span> <span class='ocrx_word' id='word_1_257' title='bbox 757 1541 840 1587; x_wconf 81' lang='grc' dir='ltr'>πρὸς</span> <span class='ocrx_word' id='word_1_258' title='bbox 867 1538 926 1578; x_wconf 81' lang='grc' dir='ltr'><strong>οὓς</strong></span> <span class='ocrx_word' id='word_1_259' title='bbox 944 1535 996 1574; x_wconf 76' lang='grc' dir='ltr'><strong>ἅδ’</strong></span> <span class='ocrx_word' id='word_1_260' title='bbox 1015 1539 1031 1573; x_wconf 87' lang='grc' dir='ltr'>έ</span> <span class='ocrx_word' id='word_1_261' title='bbox 1054 1540 1082 1573; x_wconf 87' lang='grc' dir='ltr'>ὼ</span> <span class='ocrx_word' id='word_1_262' title='bbox 1101 1537 1185 1584; x_wconf 84' lang='grc' dir='ltr'>μέτ-</span> 
     </span>
     <span class='ocr_line' id='line_1_30' title="bbox 168 1585 1184 1636; baseline -0.002 -14"><span class='ocrx_word' id='word_1_263' title='bbox 168 1600 263 1626; x_wconf 87' lang='grc' dir='ltr'>οικος</span> <span class='ocrx_word' id='word_1_264' title='bbox 290 1587 439 1636; x_wconf 80' lang='grc' dir='ltr'>ἔρχομαι</span> <span class='ocrx_word' id='word_1_265' title='bbox 464 1586 534 1621; x_wconf 92' lang='grc'><strong>868</strong></span> <span class='ocrx_word' id='word_1_266' title='bbox 551 1599 604 1620; x_wconf 86' lang='lat' dir='ltr'><strong>an.</strong></span> <span class='ocrx_word' id='word_1_267' title='bbox 633 1587 692 1622; x_wconf 91' lang='grc' dir='ltr'><strong>καὶ</strong></span> <span class='ocrx_word' id='word_1_268' title='bbox 718 1587 787 1634; x_wconf 78' lang='grc' dir='ltr'><strong>μὴν</strong></span> <span class='ocrx_word' id='word_1_269' title='bbox 807 1586 854 1622; x_wconf 80' lang='grc' dir='ltr'><strong>ὅδ’</strong></span> <span class='ocrx_word' id='word_1_270' title='bbox 873 1585 956 1626; x_wconf 81' lang='grc' dir='ltr'>ἄναξ</span> <span class='ocrx_word' id='word_1_271' title='bbox 974 1586 1076 1625; x_wconf 74' lang='grc' dir='ltr'>αὐτος</span> <span class='ocrx_word' id='word_1_272' title='bbox 1095 1585 1184 1632; x_wconf 85' lang='grc' dir='ltr'>ἐφή-</span> 
     </span>
     <span class='ocr_line' id='line_1_31' title="bbox 166 1630 1183 1682; baseline -0.005 -12"><span class='ocrx_word' id='word_1_273' title='bbox 166 1647 222 1670; x_wconf 89' lang='grc' dir='ltr'><strong>κει</strong></span> <span class='ocrx_word' id='word_1_274' title='bbox 249 1634 339 1670; x_wconf 89' lang='grc'>1257</span> <span class='ocrx_word' id='word_1_275' title='bbox 363 1646 417 1668; x_wconf 89' lang='lat' dir='ltr'><strong>an.</strong></span> <span class='ocrx_word' id='word_1_276' title='bbox 447 1634 546 1682; x_wconf 83' lang='grc' dir='ltr'>ἐγγὺς</span> <span class='ocrx_word' id='word_1_277' title='bbox 571 1633 598 1669; x_wconf 84' lang='grc' dir='ltr'><strong>δ’</strong></span> <span class='ocrx_word' id='word_1_278' title='bbox 630 1630 678 1669; x_wconf 82' lang='grc' dir='ltr'><strong>ὅδ’</strong></span> <span class='ocrx_word' id='word_1_279' title='bbox 703 1634 804 1673; x_wconf 78' lang='grc' dir='ltr'>αὐτὸς</span> <span class='ocrx_word' id='word_1_280' title='bbox 837 1633 999 1681; x_wconf 78' lang='grc' dir='ltr'>ἀρτίπους</span> <span class='ocrx_word' id='word_1_281' title='bbox 1032 1633 1183 1680; x_wconf 75' lang='grc' dir='ltr'>θρώσκει</span> 
     </span>
     <span class='ocr_line' id='line_1_32' title="bbox 167 1678 1183 1729; baseline -0.004 -12"><span class='ocrx_word' id='word_1_282' title='bbox 167 1681 297 1723; x_wconf 81' lang='grc' dir='ltr'>δόμους</span> <span class='ocrx_word' id='word_1_283' title='bbox 323 1685 379 1717; x_wconf 88' lang='lat' dir='ltr'><strong>Tr.</strong></span> <span class='ocrx_word' id='word_1_284' title='bbox 402 1681 458 1716; x_wconf 91' lang='lat'><strong>58.</strong></span> <span class='ocrx_word' id='word_1_285' title='bbox 487 1680 537 1717; x_wconf 81' lang='grc' dir='ltr'><strong>ὅδ’</strong></span> <span class='ocrx_word' id='word_1_286' title='bbox 555 1680 746 1721; x_wconf 81' lang='grc' dir='ltr'>ἀναόδατος</span> <span class='ocrx_word' id='word_1_287' title='bbox 773 1681 912 1729; x_wconf 82' lang='grc' dir='ltr'>φέρεται</span> <span class='ocrx_word' id='word_1_288' title='bbox 929 1679 998 1714; x_wconf 88' lang='grc'><strong>967</strong></span> <span class='ocrx_word' id='word_1_289' title='bbox 1015 1693 1069 1714; x_wconf 89' lang='lat' dir='ltr'><strong>an.</strong></span> <span class='ocrx_word' id='word_1_290' title='bbox 1097 1678 1183 1718; x_wconf 79' lang='grc' dir='ltr'>Αἴας</span> 
     </span>
     <span class='ocr_line' id='line_1_33' title="bbox 167 1725 1183 1777; baseline -0.003 -13"><span class='ocrx_word' id='word_1_291' title='bbox 167 1725 219 1764; x_wconf 68' lang='grc' dir='ltr'><strong>ὅδ’</strong></span> <span class='ocrx_word' id='word_1_292' title='bbox 244 1729 330 1776; x_wconf 80' lang='grc' dir='ltr'>ἡμῖν</span> <span class='ocrx_word' id='word_1_293' title='bbox 354 1729 479 1777; x_wconf 83' lang='grc' dir='ltr'>ἀρτίως</span> <span class='ocrx_word' id='word_1_294' title='bbox 503 1729 698 1776; x_wconf 80' lang='grc' dir='ltr'>νεοσφαγὴς</span> <span class='ocrx_word' id='word_1_295' title='bbox 722 1732 835 1764; x_wconf 89' lang='grc' dir='ltr'>κεῖται</span> <span class='ocrx_word' id='word_1_296' title='bbox 859 1731 914 1762; x_wconf 88' lang='lat' dir='ltr'><strong>Ai.</strong></span> <span class='ocrx_word' id='word_1_297' title='bbox 935 1727 1016 1762; x_wconf 87' lang='lat'>898.</span> <span class='ocrx_word' id='word_1_298' title='bbox 1036 1727 1096 1762; x_wconf 86' lang='grc' dir='ltr'><strong>καὶ</strong></span> <span class='ocrx_word' id='word_1_299' title='bbox 1115 1727 1183 1773; x_wconf 80' lang='grc' dir='ltr'><strong>μὴν</strong></span> 
     </span>
     <span class='ocr_line' id='line_1_34' title="bbox 166 1774 1183 1860; baseline -0.003 -48"><span class='ocrx_word' id='word_1_300' title='bbox 166 1776 243 1812; x_wconf 77' lang='grc' dir='ltr'>οἵδε</span> <span class='ocrx_word' id='word_1_301' title='bbox 261 1776 408 1825; x_wconf 84' lang='grc' dir='ltr'>πλησίον</span> <span class='ocrx_word' id='word_1_302' title='bbox 418 1775 582 1860; x_wconf 42' lang='grc' dir='ltr'>Βπλησίοι</span> <span class='ocrx_word' id='word_1_303' title='bbox 598 1779 701 1810; x_wconf 87' lang='lat' dir='ltr'><strong>Dind.</strong></span> <span class='ocrx_word' id='word_1_304' title='bbox 722 1788 766 1810; x_wconf 84' lang='lat' dir='ltr'><strong>ex</strong></span> <span class='ocrx_word' id='word_1_305' title='bbox 784 1775 858 1821; x_wconf 90' lang='lat' dir='ltr'><strong>LA]</strong></span> <span class='ocrx_word' id='word_1_306' title='bbox 882 1775 1035 1822; x_wconf 85' lang='grc' dir='ltr'>πάρεισιν</span> <span class='ocrx_word' id='word_1_307' title='bbox 1061 1774 1183 1821; x_wconf 83' lang='grc' dir='ltr'>ἄνδρες</span> 
     </span>
     <span class='ocr_line' id='line_1_35' title="bbox 168 1818 1183 1870; baseline -0.002 -13"><span class='ocrx_word' id='word_1_308' title='bbox 168 1822 271 1858; x_wconf 89' lang='grc'>1168.</span> <span class='ocrx_word' id='word_1_309' title='bbox 302 1824 382 1859; x_wconf 82' lang='grc' dir='ltr'>ἰδὼν</span> <span class='ocrx_word' id='word_1_310' title='bbox 407 1822 415 1836; x_wconf 91' lang='grc'>’</span> <span class='ocrx_word' id='word_1_311' title='bbox 452 1822 639 1870; x_wconf 81' lang='grc' dir='ltr'>γαμέμνον’</span> <span class='ocrx_word' id='word_1_312' title='bbox 663 1823 750 1869; x_wconf 77' lang='grc' dir='ltr'>ἡμῖν</span> <span class='ocrx_word' id='word_1_313' title='bbox 779 1823 878 1869; x_wconf 81' lang='grc' dir='ltr'>δεῦρο</span> <span class='ocrx_word' id='word_1_314' title='bbox 902 1818 992 1858; x_wconf 86' lang='grc' dir='ltr'>τόνδ’</span> <span class='ocrx_word' id='word_1_315' title='bbox 1018 1822 1183 1869; x_wconf 79' lang='grc' dir='ltr'>ὁρμώμε-</span> 
     </span>
     <span class='ocr_line' id='line_1_36' title="bbox 166 1869 1185 1919; baseline -0.004 -13"><span class='ocrx_word' id='word_1_316' title='bbox 166 1883 227 1907; x_wconf 92' lang='grc' dir='ltr'><strong>νον</strong></span> <span class='ocrx_word' id='word_1_317' title='bbox 247 1870 350 1906; x_wconf 88' lang='grc'>1224.</span> <span class='ocrx_word' id='word_1_318' title='bbox 380 1871 472 1918; x_wconf 86' lang='grc' dir='ltr'>ὁρᾶτ’</span> <span class='ocrx_word' id='word_1_319' title='bbox 500 1869 662 1919; x_wconf 79' lang='grc' dir='ltr'>Ὀρέστην</span> <span class='ocrx_word' id='word_1_320' title='bbox 687 1870 785 1905; x_wconf 87' lang='grc' dir='ltr'>τόνδε</span> <span class='ocrx_word' id='word_1_321' title='bbox 809 1872 862 1903; x_wconf 96' lang='grc' dir='ltr'><strong>ΕΙ.</strong></span> <span class='ocrx_word' id='word_1_322' title='bbox 886 1869 987 1903; x_wconf 89' lang='grc'>1228.</span> <span class='ocrx_word' id='word_1_323' title='bbox 1018 1871 1085 1903; x_wconf 85' lang='lat' dir='ltr'><strong>Sed</strong></span> <span class='ocrx_word' id='word_1_324' title='bbox 1103 1874 1185 1902; x_wconf 83' lang='lat' dir='ltr'><strong>sunt</strong></span> 
     </span>
     <span class='ocr_line' id='line_1_37' title="bbox 169 1920 1179 1962; baseline -0.004 -9"><span class='ocrx_word' id='word_1_325' title='bbox 169 1921 332 1962; x_wconf 83' lang='lat' dir='ltr'><strong>quaedam</strong></span> <span class='ocrx_word' id='word_1_326' title='bbox 348 1931 365 1953; x_wconf 88' lang='lat' dir='ltr'><strong>a</strong></span> <span class='ocrx_word' id='word_1_327' title='bbox 383 1921 464 1952; x_wconf 87' lang='lat' dir='ltr'><strong>viris</strong></span> <span class='ocrx_word' id='word_1_328' title='bbox 478 1921 584 1952; x_wconf 87' lang='lat' dir='ltr'><strong>doctis</strong></span> <span class='ocrx_word' id='word_1_329' title='bbox 600 1921 725 1951; x_wconf 88' lang='lat' dir='ltr'><strong>iniuria</strong></span> <span class='ocrx_word' id='word_1_330' title='bbox 735 1920 814 1951; x_wconf 86' lang='lat' dir='ltr'><strong>huic</strong></span> <span class='ocrx_word' id='word_1_331' title='bbox 824 1920 939 1959; x_wconf 84' lang='lat' dir='ltr'><strong>generi</strong></span> <span class='ocrx_word' id='word_1_332' title='bbox 953 1920 1179 1950; x_wconf 84' lang='lat' dir='ltr'><strong>adnumerata.</strong></span> 
     </span>
     <span class='ocr_line' id='line_1_38' title="bbox 166 1960 1182 2013; baseline -0.005 -13"><span class='ocrx_word' id='word_1_333' title='bbox 166 1966 206 2000; x_wconf 91' lang='grc' dir='ltr'><strong>τὸ</strong></span> <span class='ocrx_word' id='word_1_334' title='bbox 223 1965 287 2013; x_wconf 83' lang='grc' dir='ltr'><strong>γὰρ</strong></span> <span class='ocrx_word' id='word_1_335' title='bbox 303 1965 447 2002; x_wconf 87' lang='grc' dir='ltr'>παλαιὸν</span> <span class='ocrx_word' id='word_1_336' title='bbox 458 1960 599 2013; x_wconf 80' lang='grc' dir='ltr'>”Αργος,</span> <span class='ocrx_word' id='word_1_337' title='bbox 620 1963 793 2007; x_wconf 69' lang='grc' dir='ltr'>οὑπόθεις,</span> <span class='ocrx_word' id='word_1_338' title='bbox 809 1964 888 1999; x_wconf 87' lang='grc' dir='ltr'>τόδε</span> <span class='ocrx_word' id='word_1_339' title='bbox 901 1966 955 1997; x_wconf 91' lang='grc' dir='ltr'><strong>ΕΙ.</strong></span> <span class='ocrx_word' id='word_1_340' title='bbox 974 1963 996 1997; x_wconf 88' lang='grc'>4</span> <span class='ocrx_word' id='word_1_341' title='bbox 1013 1975 1080 1997; x_wconf 90' lang='lat' dir='ltr'><strong>non</strong></span> <span class='ocrx_word' id='word_1_342' title='bbox 1097 1965 1182 1996; x_wconf 88' lang='lat' dir='ltr'><strong>male</strong></span> 
     </span>
     <span class='ocr_line' id='line_1_39' title="bbox 166 2011 1179 2056; baseline -0.004 -9"><span class='ocrx_word' id='word_1_343' title='bbox 166 2015 401 2056; x_wconf 80' lang='lat' dir='ltr'><strong>interpreteris</strong></span> <span class='ocrx_word' id='word_1_344' title='bbox 427 2025 468 2046; x_wconf 82' lang='lat' dir='ltr'><strong>en</strong></span> <span class='ocrx_word' id='word_1_345' title='bbox 486 2016 612 2055; x_wconf 73' lang='lat' dir='ltr'><strong>Arqos:</strong></span> <span class='ocrx_word' id='word_1_346' title='bbox 638 2023 701 2046; x_wconf 89' lang='lat' dir='ltr'><strong>nec</strong></span> <span class='ocrx_word' id='word_1_347' title='bbox 725 2017 838 2046; x_wconf 89' lang='lat' dir='ltr'><strong>tamen</strong></span> <span class='ocrx_word' id='word_1_348' title='bbox 865 2011 922 2046; x_wconf 83' lang='grc' dir='ltr'><strong>ὅδε</strong></span> <span class='ocrx_word' id='word_1_349' title='bbox 946 2012 1179 2052; x_wconf 85' lang='lat' dir='ltr'><strong>adverbiascit,</strong></span> 
     </span>
     <span class='ocr_line' id='line_1_40' title="bbox 167 2061 1183 2102; baseline -0.004 -8"><span class='ocrx_word' id='word_1_350' title='bbox 167 2065 208 2094; x_wconf 84' lang='lat' dir='ltr'><strong>ut</strong></span> <span class='ocrx_word' id='word_1_351' title='bbox 225 2072 301 2094; x_wconf 89' lang='lat' dir='ltr'><strong>cum</strong></span> <span class='ocrx_word' id='word_1_352' title='bbox 325 2063 425 2094; x_wconf 88' lang='lat' dir='ltr'><strong>verbo</strong></span> <span class='ocrx_word' id='word_1_353' title='bbox 442 2063 664 2102; x_wconf 82' lang='lat' dir='ltr'><strong>coniungatur</strong></span> <span class='ocrx_word' id='word_1_354' title='bbox 675 2086 683 2102; x_wconf 91' lang='lat'><strong>,</strong></span> <span class='ocrx_word' id='word_1_355' title='bbox 716 2061 774 2092; x_wconf 89' lang='lat' dir='ltr'><strong>sed</strong></span> <span class='ocrx_word' id='word_1_356' title='bbox 791 2062 861 2093; x_wconf 86' lang='lat' dir='ltr'><strong>loca</strong></span> <span class='ocrx_word' id='word_1_357' title='bbox 878 2061 1070 2092; x_wconf 83' lang='lat' dir='ltr'><strong>circumsita</strong></span> <span class='ocrx_word' id='word_1_358' title='bbox 1086 2068 1183 2090; x_wconf 86' lang='lat' dir='ltr'><strong>mon-</strong></span> 
     </span>
     <span class='ocr_line' id='line_1_41' title="bbox 167 2099 1183 2154; baseline -0.002 -13"><span class='ocrx_word' id='word_1_359' title='bbox 167 2113 276 2141; x_wconf 89' lang='lat' dir='ltr'><strong>strans</strong></span> <span class='ocrx_word' id='word_1_360' title='bbox 299 2110 509 2151; x_wconf 86' lang='lat' dir='ltr'><strong>paedagogus</strong></span> <span class='ocrx_word' id='word_1_361' title='bbox 534 2109 616 2141; x_wconf 88' lang='lat' dir='ltr'><strong>dicit</strong></span> <span class='ocrx_word' id='word_1_362' title='bbox 633 2106 712 2142; x_wconf 86' lang='grc' dir='ltr'>τόδε</span> <span class='ocrx_word' id='word_1_363' title='bbox 740 2105 804 2154; x_wconf 84' lang='grc' dir='ltr'><strong>γὰρ</strong></span> <span class='ocrx_word' id='word_1_364' title='bbox 828 2106 867 2141; x_wconf 87' lang='grc' dir='ltr'><strong>τὸ</strong></span> <span class='ocrx_word' id='word_1_365' title='bbox 891 2105 1037 2140; x_wconf 86' lang='grc' dir='ltr'>παλαιὸν</span> <span class='ocrx_word' id='word_1_366' title='bbox 1053 2099 1183 2152; x_wconf 76' lang='grc' dir='ltr'>’Ἄργος</span> 
     </span>
     <span class='ocr_line' id='line_1_42' title="bbox 169 2154 1183 2197; baseline -0.005 -8"><span class='ocrx_word' id='word_1_367' title='bbox 169 2154 240 2190; x_wconf 83' lang='grc' dir='ltr'>ἐστί</span> <span class='ocrx_word' id='word_1_368' title='bbox 263 2157 341 2197; x_wconf 76' lang='lat' dir='ltr'><strong>ula,</strong></span> <span class='ocrx_word' id='word_1_369' title='bbox 370 2167 469 2197; x_wconf 81' lang='lat' dir='ltr'><strong>quam</strong></span> <span class='ocrx_word' id='word_1_370' title='bbox 494 2156 544 2188; x_wconf 87' lang='lat' dir='ltr'><strong>hic</strong></span> <span class='ocrx_word' id='word_1_371' title='bbox 573 2157 835 2196; x_wconf 71' lang='lat' dir='ltr'><strong>circumspiciens</strong></span> <span class='ocrx_word' id='word_1_372' title='bbox 863 2156 1021 2194; x_wconf 81' lang='lat' dir='ltr'><strong>intueris,</strong></span> <span class='ocrx_word' id='word_1_373' title='bbox 1058 2154 1183 2194; x_wconf 76' lang='lat' dir='ltr'><strong>Aryiva</strong></span> 
     </span>
     <span class='ocr_line' id='line_1_43' title="bbox 168 2199 1182 2248; baseline -0.002 -13"><span class='ocrx_word' id='word_1_374' title='bbox 168 2206 257 2236; x_wconf 85' lang='lat' dir='ltr'><strong>terra</strong></span> <span class='ocrx_word' id='word_1_375' title='bbox 273 2206 331 2236; x_wconf 78' lang='lat' dir='ltr'><strong>est.</strong></span> <span class='ocrx_word' id='word_1_376' title='bbox 360 2204 463 2235; x_wconf 88' lang='lat' dir='ltr'><strong>Plane</strong></span> <span class='ocrx_word' id='word_1_377' title='bbox 480 2204 528 2235; x_wconf 88' lang='lat' dir='ltr'><strong>ita</strong></span> <span class='ocrx_word' id='word_1_378' title='bbox 544 2203 671 2235; x_wconf 90' lang='lat' dir='ltr'><strong>dictum</strong></span> <span class='ocrx_word' id='word_1_379' title='bbox 701 2200 790 2248; x_wconf 82' lang='grc' dir='ltr'>ἀκτὴ</span> <span class='ocrx_word' id='word_1_380' title='bbox 817 2200 878 2246; x_wconf 86' lang='grc' dir='ltr'><strong>μὲν</strong></span> <span class='ocrx_word' id='word_1_381' title='bbox 904 2199 968 2246; x_wconf 82' lang='grc' dir='ltr'><strong>ἥδε</strong></span> <span class='ocrx_word' id='word_1_382' title='bbox 985 2204 1048 2246; x_wconf 84' lang='grc' dir='ltr'><strong>τῆς</strong></span> <span class='ocrx_word' id='word_1_383' title='bbox 1066 2210 1182 2246; x_wconf 89' lang='grc' dir='ltr'>περιρ-</span> 
     </span>
     <span class='ocr_line' id='line_1_44' title="bbox 167 2245 1184 2297; baseline -0.003 -14"><span class='ocrx_word' id='word_1_384' title='bbox 167 2248 270 2295; x_wconf 83' lang='grc' dir='ltr'>ρύτου</span> <span class='ocrx_word' id='word_1_385' title='bbox 292 2248 421 2297; x_wconf 80' lang='grc' dir='ltr'>χθονὸς</span> <span class='ocrx_word' id='word_1_386' title='bbox 445 2247 502 2295; x_wconf 93' lang='grc' dir='ltr'><strong>Λή</strong></span> <span class='ocrx_word' id='word_1_387' title='bbox 530 2261 590 2283; x_wconf 90' lang='grc' dir='ltr'><strong>νου</strong></span> <span class='ocrx_word' id='word_1_388' title='bbox 616 2251 677 2282; x_wconf 88' lang='lat' dir='ltr'><strong>Ph.</strong></span> <span class='ocrx_word' id='word_1_389' title='bbox 702 2247 732 2281; x_wconf 90' lang='lat'><strong>1.</strong></span> <span class='ocrx_word' id='word_1_390' title='bbox 759 2247 864 2294; x_wconf 79' lang='grc' dir='ltr'>ήμεῐς</span> <span class='ocrx_word' id='word_1_391' title='bbox 891 2247 953 2294; x_wconf 85' lang='grc' dir='ltr'><strong>μὲν</strong></span> <span class='ocrx_word' id='word_1_392' title='bbox 978 2247 1012 2282; x_wconf 82' lang='grc' dir='ltr'><strong>ἐν</strong></span> <span class='ocrx_word' id='word_1_393' title='bbox 1038 2245 1184 2294; x_wconf 85' lang='grc' dir='ltr'>Τραχῖνι</span> 
     </span>
     <span class='ocr_line' id='line_1_45' title="bbox 167 2262 1179 2344; baseline -0.004 -14"><span class='ocrx_word' id='word_1_394' title='bbox 167 2295 253 2344; x_wconf 77' lang='grc' dir='ltr'>τῇδε</span> <span class='ocrx_word' id='word_1_395' title='bbox 269 2296 410 2342; x_wconf 87' lang='grc' dir='ltr'>ναίομεν</span> <span class='ocrx_word' id='word_1_396' title='bbox 428 2298 484 2330; x_wconf 85' lang='lat' dir='ltr'><strong>Tr.</strong></span> <span class='ocrx_word' id='word_1_397' title='bbox 505 2262 549 2329; x_wconf 75' lang='grc'><strong>39</strong></span> <span class='ocrx_word' id='word_1_398' title='bbox 568 2299 603 2329; x_wconf 85' lang='lat' dir='ltr'><strong>in</strong></span> <span class='ocrx_word' id='word_1_399' title='bbox 616 2297 685 2337; x_wconf 85' lang='lat' dir='ltr'><strong>hae,</strong></span> <span class='ocrx_word' id='word_1_400' title='bbox 708 2307 805 2338; x_wconf 79' lang='lat' dir='ltr'><strong>quam</strong></span> <span class='ocrx_word' id='word_1_401' title='bbox 822 2298 910 2328; x_wconf 82' lang='lat' dir='ltr'><strong>circa</strong></span> <span class='ocrx_word' id='word_1_402' title='bbox 925 2296 1061 2336; x_wconf 85' lang='lat' dir='ltr'><strong>videtis,</strong></span> <span class='ocrx_word' id='word_1_403' title='bbox 1090 2296 1179 2327; x_wconf 85' lang='lat' dir='ltr'><strong>urbe.</strong></span> 
     </span>
     <span class='ocr_line' id='line_1_46' title="bbox 169 2343 1183 2385; baseline -0.004 -8"><span class='ocrx_word' id='word_1_404' title='bbox 169 2345 262 2377; x_wconf 85' lang='lat' dir='ltr'><strong>Haec</strong></span> <span class='ocrx_word' id='word_1_405' title='bbox 285 2346 349 2377; x_wconf 84' lang='lat' dir='ltr'><strong>tria</strong></span> <span class='ocrx_word' id='word_1_406' title='bbox 373 2346 477 2385; x_wconf 88' lang='lat' dir='ltr'><strong>igitur</strong></span> <span class='ocrx_word' id='word_1_407' title='bbox 501 2354 545 2376; x_wconf 82' lang='lat' dir='ltr'><strong>ex</strong></span> <span class='ocrx_word' id='word_1_408' title='bbox 569 2345 695 2385; x_wconf 89' lang='lat' dir='ltr'><strong>primo,</strong></span> <span class='ocrx_word' id='word_1_409' title='bbox 724 2344 813 2385; x_wconf 90' lang='lat' dir='ltr'><strong>quod</strong></span> <span class='ocrx_word' id='word_1_410' title='bbox 829 2344 1025 2385; x_wconf 79' lang='lat' dir='ltr'><strong>posuimus,</strong></span> <span class='ocrx_word' id='word_1_411' title='bbox 1050 2343 1183 2382; x_wconf 86' lang='lat' dir='ltr'><strong>signifi-</strong></span> 
     </span>
     <span class='ocr_line' id='line_1_47' title="bbox 168 2390 1184 2433; baseline -0.004 -9"><span class='ocrx_word' id='word_1_412' title='bbox 168 2392 267 2424; x_wconf 81' lang='lat' dir='ltr'><strong>candi</strong></span> <span class='ocrx_word' id='word_1_413' title='bbox 291 2401 414 2432; x_wconf 86' lang='lat' dir='ltr'><strong>genere</strong></span> <span class='ocrx_word' id='word_1_414' title='bbox 439 2396 531 2424; x_wconf 88' lang='lat' dir='ltr'><strong>sunt.</strong></span> <span class='ocrx_word' id='word_1_415' title='bbox 567 2392 644 2423; x_wconf 84' lang='lat' dir='ltr'><strong>Alia</strong></span> <span class='ocrx_word' id='word_1_416' title='bbox 668 2391 708 2433; x_wconf 88' lang='lat' dir='ltr'><strong>ad</strong></span> <span class='ocrx_word' id='word_1_417' title='bbox 730 2391 936 2430; x_wconf 87' lang='lat' dir='ltr'><strong>secundum,</strong></span> <span class='ocrx_word' id='word_1_418' title='bbox 965 2399 1029 2431; x_wconf 92' lang='lat' dir='ltr'><strong>quo</strong></span> <span class='ocrx_word' id='word_1_419' title='bbox 1056 2390 1184 2430; x_wconf 86' lang='lat' dir='ltr'><strong>aliquid</strong></span> 
     </span>
     <span class='ocr_line' id='line_1_48' title="bbox 169 2434 1184 2482; baseline -0.002 -11"><span class='ocrx_word' id='word_1_420' title='bbox 169 2448 329 2480; x_wconf 83' lang='lat' dir='ltr'><strong>praesens</strong></span> <span class='ocrx_word' id='word_1_421' title='bbox 355 2442 651 2478; x_wconf 74' lang='lat' dir='ltr'><strong>commonstretur,</strong></span> <span class='ocrx_word' id='word_1_422' title='bbox 678 2438 865 2470; x_wconf 89' lang='lat' dir='ltr'><strong>referenda.</strong></span> <span class='ocrx_word' id='word_1_423' title='bbox 901 2436 960 2470; x_wconf 88' lang='grc' dir='ltr'><strong>καὶ</strong></span> <span class='ocrx_word' id='word_1_424' title='bbox 983 2435 1026 2482; x_wconf 73' lang='grc' dir='ltr'><strong>δὴ</strong></span> <span class='ocrx_word' id='word_1_425' title='bbox 1048 2434 1184 2482; x_wconf 77' lang='grc' dir='ltr'>κομίζει</span> 
     </span>
     <span class='ocr_line' id='line_1_49' title="bbox 166 2480 1185 2531; baseline -0.003 -11"><span class='ocrx_word' id='word_1_426' title='bbox 166 2483 374 2531; x_wconf 83' lang='grc' dir='ltr'>προσπόλων</span> <span class='ocrx_word' id='word_1_427' title='bbox 393 2480 442 2520; x_wconf 86' lang='grc' dir='ltr'><strong>ὅδ’</strong></span> <span class='ocrx_word' id='word_1_428' title='bbox 467 2483 609 2531; x_wconf 79' lang='grc' dir='ltr'>ἐγγύθεν</span> <span class='ocrx_word' id='word_1_429' title='bbox 636 2486 691 2517; x_wconf 87' lang='lat' dir='ltr'><strong>Ai.</strong></span> <span class='ocrx_word' id='word_1_430' title='bbox 714 2482 783 2517; x_wconf 86' lang='lat'><strong>544</strong></span> <span class='ocrx_word' id='word_1_431' title='bbox 800 2486 875 2524; x_wconf 78' lang='lat' dir='ltr'><strong>ilie,</strong></span> <span class='ocrx_word' id='word_1_432' title='bbox 903 2493 997 2525; x_wconf 79' lang='lat' dir='ltr'><strong>quern</strong></span> <span class='ocrx_word' id='word_1_433' title='bbox 1012 2484 1114 2517; x_wconf 79' lang='lat' dir='ltr'><strong>vides.</strong></span> <span class='ocrx_word' id='word_1_434' title='bbox 1141 2481 1185 2517; x_wconf 80' lang='grc' dir='ltr'><strong>τὰ</strong></span> 
     </span>
     <span class='ocr_line' id='line_1_50' title="bbox 170 2528 1184 2579; baseline -0.005 -12"><span class='ocrx_word' id='word_1_435' title='bbox 170 2532 234 2578; x_wconf 86' lang='grc' dir='ltr'><strong>μὲν</strong></span> <span class='ocrx_word' id='word_1_436' title='bbox 251 2532 317 2578; x_wconf 87' lang='grc' dir='ltr'><strong>πρὸ</strong></span> <span class='ocrx_word' id='word_1_437' title='bbox 333 2536 460 2579; x_wconf 83' lang='grc' dir='ltr'>χειρῶν</span> <span class='ocrx_word' id='word_1_438' title='bbox 477 2531 560 2567; x_wconf 87' lang='grc' dir='ltr'>τάδε</span> <span class='ocrx_word' id='word_1_439' title='bbox 578 2530 692 2579; x_wconf 81' lang='grc' dir='ltr'>φέρων</span> <span class='ocrx_word' id='word_1_440' title='bbox 710 2533 792 2564; x_wconf 87' lang='lat' dir='ltr'><strong>Ant.</strong></span> <span class='ocrx_word' id='word_1_441' title='bbox 816 2528 917 2564; x_wconf 85' lang='lat'>1279.</span> <span class='ocrx_word' id='word_1_442' title='bbox 937 2528 981 2563; x_wconf 81' lang='grc' dir='ltr'><strong>τὰ</strong></span> <span class='ocrx_word' id='word_1_443' title='bbox 999 2529 1062 2575; x_wconf 84' lang='grc' dir='ltr'><strong>μέν</strong></span> <span class='ocrx_word' id='word_1_444' title='bbox 1079 2531 1184 2572; x_wconf 81' lang='lat' dir='ltr'><strong>parti-</strong></span> 
     </span>
     <span class='ocr_line' id='line_1_51' title="bbox 167 2575 1186 2621; baseline -0.002 -9"><span class='ocrx_word' id='word_1_445' title='bbox 167 2585 243 2621; x_wconf 88' lang='lat' dir='ltr'><strong>tur,</strong></span> <span class='ocrx_word' id='word_1_446' title='bbox 274 2581 414 2613; x_wconf 84' lang='lat' dir='ltr'><strong>alterum</strong></span> <span class='ocrx_word' id='word_1_447' title='bbox 431 2580 645 2621; x_wconf 81' lang='lat' dir='ltr'><strong>significans,</strong></span> <span class='ocrx_word' id='word_1_448' title='bbox 673 2583 712 2611; x_wconf 90' lang='lat' dir='ltr'><strong>ut</strong></span> <span class='ocrx_word' id='word_1_449' title='bbox 736 2579 937 2620; x_wconf 83' lang='lat' dir='ltr'><strong>respondeat</strong></span> <span class='ocrx_word' id='word_1_450' title='bbox 958 2575 1001 2610; x_wconf 86' lang='grc' dir='ltr'><strong>τὰ</strong></span> <span class='ocrx_word' id='word_1_451' title='bbox 1025 2575 1052 2611; x_wconf 88' lang='grc' dir='ltr'><strong>δ’</strong></span> <span class='ocrx_word' id='word_1_452' title='bbox 1071 2576 1106 2611; x_wconf 79' lang='grc' dir='ltr'><strong>ἐν</strong></span> <span class='ocrx_word' id='word_1_453' title='bbox 1126 2575 1186 2611; x_wconf 86' lang='grc' dir='ltr'><strong>δό-</strong></span> 
     </span>
    </p>
   </div>
   <div class='ocr_carea' id='block_1_3' title="bbox 113 2624 1186 2673">
    <p class='ocr_par' dir='ltr' id='par_1_3' title="bbox 113 2624 1186 2673">
     <span class='ocr_line' id='line_1_52' title="bbox 113 2624 1186 2673; baseline -0.005 -12"><span class='ocrx_word' id='word_1_454' title='bbox 113 2647 116 2650; x_wconf 63' lang='grc'><strong><em>«</em></strong></span> <span class='ocrx_word' id='word_1_455' title='bbox 170 2639 258 2673; x_wconf 83' lang='grc' dir='ltr'>μοις,</span> <span class='ocrx_word' id='word_1_456' title='bbox 288 2627 376 2669; x_wconf 89' lang='lat' dir='ltr'><strong>quod</strong></span> <span class='ocrx_word' id='word_1_457' title='bbox 393 2628 559 2668; x_wconf 84' lang='lat' dir='ltr'><strong>sequitur.</strong></span> <span class='ocrx_word' id='word_1_458' title='bbox 579 2624 660 2660; x_wconf 88' lang='grc' dir='ltr'>τάδε</span> <span class='ocrx_word' id='word_1_459' title='bbox 678 2635 797 2668; x_wconf 89' lang='lat' dir='ltr'><strong>corpus</strong></span> <span class='ocrx_word' id='word_1_460' title='bbox 811 2625 994 2657; x_wconf 84' lang='lat' dir='ltr'><strong>Haemonis</strong></span> <span class='ocrx_word' id='word_1_461' title='bbox 1012 2629 1076 2666; x_wconf 87' lang='lat' dir='ltr'><strong>est,</strong></span> <span class='ocrx_word' id='word_1_462' title='bbox 1097 2625 1186 2666; x_wconf 90' lang='lat' dir='ltr'><strong>quod</strong></span> 
     </span>
    </p>
   </div>
   <div class='ocr_carea' id='block_1_4' title="bbox 168 2674 1190 3470">
    <p class='ocr_par' dir='ltr' id='par_1_4' title="bbox 168 2674 1188 3044">
     <span class='ocr_line' id='line_1_53' title="bbox 169 2674 1188 2715; baseline -0.004 -8"><span class='ocrx_word' id='word_1_463' title='bbox 169 2685 246 2707; x_wconf 85' lang='lat' dir='ltr'><strong>cum</strong></span> <span class='ocrx_word' id='word_1_464' title='bbox 263 2675 370 2707; x_wconf 85' lang='lat' dir='ltr'><strong>Creon</strong></span> <span class='ocrx_word' id='word_1_465' title='bbox 395 2675 552 2707; x_wconf 82' lang='lat' dir='ltr'><strong>manibus</strong></span> <span class='ocrx_word' id='word_1_466' title='bbox 566 2677 694 2715; x_wconf 85' lang='lat' dir='ltr'><strong>gestet,</strong></span> <span class='ocrx_word' id='word_1_467' title='bbox 723 2684 742 2705; x_wconf 88' lang='lat' dir='ltr'><strong>a</strong></span> <span class='ocrx_word' id='word_1_468' title='bbox 767 2674 886 2704; x_wconf 90' lang='lat' dir='ltr'><strong>nuntio</strong></span> <span class='ocrx_word' id='word_1_469' title='bbox 911 2676 1072 2713; x_wconf 86' lang='lat' dir='ltr'><strong>tanquam</strong></span> <span class='ocrx_word' id='word_1_470' title='bbox 1089 2681 1188 2713; x_wconf 86' lang='lat' dir='ltr'><strong>prae-</strong></span> 
     </span>
     <span class='ocr_line' id='line_1_54' title="bbox 169 2716 1181 2766; baseline -0.003 -13"><span class='ocrx_word' id='word_1_471' title='bbox 169 2731 248 2754; x_wconf 87' lang='lat' dir='ltr'><strong>sens</strong></span> <span class='ocrx_word' id='word_1_472' title='bbox 262 2724 551 2755; x_wconf 75' lang='lat' dir='ltr'><strong>commonstretur.</strong></span> <span class='ocrx_word' id='word_1_473' title='bbox 571 2718 636 2766; x_wconf 76' lang='grc' dir='ltr'><strong>ἥδε</strong></span> <span class='ocrx_word' id='word_1_474' title='bbox 655 2730 708 2753; x_wconf 90' lang='grc' dir='ltr'><strong>σοι</strong></span> <span class='ocrx_word' id='word_1_475' title='bbox 723 2718 819 2765; x_wconf 87' lang='grc' dir='ltr'>κείνη</span> <span class='ocrx_word' id='word_1_476' title='bbox 837 2717 931 2765; x_wconf 85' lang='grc' dir='ltr'>πάρα</span> <span class='ocrx_word' id='word_1_477' title='bbox 944 2720 998 2752; x_wconf 87' lang='grc' dir='ltr'><strong>ΕΙ.</strong></span> <span class='ocrx_word' id='word_1_478' title='bbox 1012 2716 1081 2751; x_wconf 89' lang='grc'><strong>665</strong></span> <span class='ocrx_word' id='word_1_479' title='bbox 1095 2719 1181 2760; x_wconf 76' lang='lat' dir='ltr'><strong>haec,</strong></span> 
     </span>
     <span class='ocr_line' id='line_1_55' title="bbox 169 2767 1185 2810; baseline -0.003 -10"><span class='ocrx_word' id='word_1_480' title='bbox 169 2778 270 2810; x_wconf 81' lang='lat' dir='ltr'><strong>quam</strong></span> <span class='ocrx_word' id='word_1_481' title='bbox 290 2771 495 2810; x_wconf 77' lang='lat' dir='ltr'><strong>praesentem</strong></span> <span class='ocrx_word' id='word_1_482' title='bbox 517 2767 629 2808; x_wconf 78' lang='lat' dir='ltr'><strong>vides,</strong></span> <span class='ocrx_word' id='word_1_483' title='bbox 662 2768 723 2799; x_wconf 80' lang='lat' dir='ltr'><strong>illa</strong></span> <span class='ocrx_word' id='word_1_484' title='bbox 746 2770 812 2808; x_wconf 74' lang='lat' dir='ltr'><strong>est,</strong></span> <span class='ocrx_word' id='word_1_485' title='bbox 840 2776 940 2808; x_wconf 81' lang='lat' dir='ltr'><strong>quam</strong></span> <span class='ocrx_word' id='word_1_486' title='bbox 965 2767 1114 2807; x_wconf 61' lang='lat' dir='ltr'><strong>quaer-ist,-</strong></span> <span class='ocrx_word' id='word_1_487' title='bbox 1150 2767 1185 2797; x_wconf 89' lang='lat' dir='ltr'><strong>in</strong></span> 
     </span>
     <span class='ocr_line' id='line_1_56' title="bbox 170 2807 1186 2858; baseline -0.002 -11"><span class='ocrx_word' id='word_1_488' title='bbox 170 2816 307 2848; x_wconf 84' lang='lat' dir='ltr'><strong>brevius</strong></span> <span class='ocrx_word' id='word_1_489' title='bbox 324 2817 372 2847; x_wconf 89' lang='lat' dir='ltr'><strong>ita</strong></span> <span class='ocrx_word' id='word_1_490' title='bbox 388 2815 597 2847; x_wconf 83' lang='lat' dir='ltr'><strong>contrahitur</strong></span> <span class='ocrx_word' id='word_1_491' title='bbox 608 2815 664 2846; x_wconf 90' lang='lat' dir='ltr'><strong>hic</strong></span> <span class='ocrx_word' id='word_1_492' title='bbox 680 2823 788 2846; x_wconf 82' lang='lat' dir='ltr'><strong>sermo</strong></span> <span class='ocrx_word' id='word_1_493' title='bbox 811 2811 875 2858; x_wconf 86' lang='grc' dir='ltr'><strong>ἥδε</strong></span> <span class='ocrx_word' id='word_1_494' title='bbox 900 2807 962 2846; x_wconf 76' lang='grc' dir='ltr'>ἐστ’</span> <span class='ocrx_word' id='word_1_495' title='bbox 992 2810 1121 2858; x_wconf 84' lang='grc' dir='ltr'>ἐκείνη,</span> <span class='ocrx_word' id='word_1_496' title='bbox 1142 2811 1186 2857; x_wconf 86' lang='grc' dir='ltr'><strong>ἣν</strong></span> 
     </span>
     <span class='ocr_line' id='line_1_57' title="bbox 168 2853 1185 2908; baseline -0.004 -12"><span class='ocrx_word' id='word_1_497' title='bbox 168 2864 343 2908; x_wconf 85' lang='grc' dir='ltr'>παροῦσαν</span> <span class='ocrx_word' id='word_1_498' title='bbox 368 2860 407 2907; x_wconf 83' lang='grc' dir='ltr'><strong>ὁρ</strong></span> <span class='ocrx_word' id='word_1_499' title='bbox 417 2861 464 2900; x_wconf 87' lang='grc' dir='ltr'><strong>”ς.</strong></span> <span class='ocrx_word' id='word_1_500' title='bbox 504 2861 667 2894; x_wconf 84' lang='lat' dir='ltr'><strong>Similiter</strong></span> <span class='ocrx_word' id='word_1_501' title='bbox 692 2862 820 2893; x_wconf 85' lang='lat' dir='ltr'><strong>dictum</strong></span> <span class='ocrx_word' id='word_1_502' title='bbox 843 2858 942 2906; x_wconf 84' lang='grc' dir='ltr'>ε’ίπερ</span> <span class='ocrx_word' id='word_1_503' title='bbox 966 2854 997 2905; x_wconf 80' lang='grc' dir='ltr'>γ’</span> <span class='ocrx_word' id='word_1_504' title='bbox 1025 2853 1185 2905; x_wconf 87' lang='grc' dir='ltr'>Ὀρέστου</span> 
     </span>
     <span class='ocr_line' id='line_1_58' title="bbox 171 2905 1187 2954; baseline -0.005 -11"><span class='ocrx_word' id='word_1_505' title='bbox 171 2913 273 2954; x_wconf 83' lang='grc' dir='ltr'>σῶμα</span> <span class='ocrx_word' id='word_1_506' title='bbox 306 2907 413 2954; x_wconf 87' lang='grc' dir='ltr'>βαστά</span> <span class='ocrx_word' id='word_1_507' title='bbox 434 2921 463 2942; x_wconf 88' lang='grc' dir='ltr'>ω</span> <span class='ocrx_word' id='word_1_508' title='bbox 494 2906 572 2942; x_wconf 89' lang='grc' dir='ltr'>τόδε</span> <span class='ocrx_word' id='word_1_509' title='bbox 605 2909 659 2940; x_wconf 87' lang='grc' dir='ltr'><strong>ΕΙ.</strong></span> <span class='ocrx_word' id='word_1_510' title='bbox 683 2905 772 2940; x_wconf 90' lang='grc'>1216</span> <span class='ocrx_word' id='word_1_511' title='bbox 797 2907 956 2949; x_wconf 79' lang='lat' dir='ltr'><strong>siquidem</strong></span> <span class='ocrx_word' id='word_1_512' title='bbox 981 2907 1076 2948; x_wconf 79' lang='lat' dir='ltr'><strong>haec,</strong></span> <span class='ocrx_word' id='word_1_513' title='bbox 1106 2916 1187 2948; x_wconf 81' lang='lat' dir='ltr'><strong>quae</strong></span> 
     </span>
     <span class='ocr_line' id='line_1_59' title="bbox 169 2954 1186 2997; baseline -0.003 -9"><span class='ocrx_word' id='word_1_514' title='bbox 169 2959 271 2997; x_wconf 61' lang='lat' dir='ltr'><strong>msto,</strong></span> <span class='ocrx_word' id='word_1_515' title='bbox 302 2956 424 2988; x_wconf 67' lang='lat' dir='ltr'><strong>Orestis</strong></span> <span class='ocrx_word' id='word_1_516' title='bbox 448 2959 526 2987; x_wconf 79' lang='lat' dir='ltr'><strong>sunt</strong></span> <span class='ocrx_word' id='word_1_517' title='bbox 549 2956 716 2996; x_wconf 80' lang='lat' dir='ltr'><strong>reliquiae.</strong></span> <span class='ocrx_word' id='word_1_518' title='bbox 753 2955 946 2986; x_wconf 87' lang='lat' dir='ltr'><strong>Articulum</strong></span> <span class='ocrx_word' id='word_1_519' title='bbox 968 2954 1029 2986; x_wconf 86' lang='lat' dir='ltr'><strong>hac</strong></span> <span class='ocrx_word' id='word_1_520' title='bbox 1054 2954 1186 2994; x_wconf 78' lang='lat' dir='ltr'><strong>signill-</strong></span> 
     </span>
     <span class='ocr_line' id='line_1_60' title="bbox 169 3002 925 3044; baseline -0.005 -8"><span class='ocrx_word' id='word_1_521' title='bbox 169 3004 299 3036; x_wconf 82' lang='lat' dir='ltr'><strong>catione</strong></span> <span class='ocrx_word' id='word_1_522' title='bbox 316 3003 523 3044; x_wconf 86' lang='lat' dir='ltr'><strong>pronominis</strong></span> <span class='ocrx_word' id='word_1_523' title='bbox 541 3011 608 3034; x_wconf 90' lang='lat' dir='ltr'><strong>non</strong></span> <span class='ocrx_word' id='word_1_524' title='bbox 626 3002 703 3034; x_wconf 85' lang='lat' dir='ltr'><strong>addi</strong></span> <span class='ocrx_word' id='word_1_525' title='bbox 718 3002 845 3034; x_wconf 86' lang='lat' dir='ltr'><strong>clarum</strong></span> <span class='ocrx_word' id='word_1_526' title='bbox 862 3005 925 3033; x_wconf 86' lang='lat' dir='ltr'><strong>est.</strong></span> 
     </span>
    </p>

    <p class='ocr_par' dir='ltr' id='par_1_5' title="bbox 169 3045 1190 3470">
     <span class='ocr_line' id='line_1_61' title="bbox 240 3045 1186 3092; baseline -0.005 -9"><span class='ocrx_word' id='word_1_527' title='bbox 240 3060 269 3083; x_wconf 93' lang='lat' dir='ltr'><strong>e.</strong></span> <span class='ocrx_word' id='word_1_528' title='bbox 298 3049 314 3092; x_wconf 83' lang='grc' dir='ltr'><strong>ΙΙ</strong></span> <span class='ocrx_word' id='word_1_529' title='bbox 338 3050 392 3082; x_wconf 82' lang='lat' dir='ltr'><strong>Ex</strong></span> <span class='ocrx_word' id='word_1_530' title='bbox 413 3050 530 3082; x_wconf 89' lang='lat' dir='ltr'><strong>eodem</strong></span> <span class='ocrx_word' id='word_1_531' title='bbox 554 3050 647 3092; x_wconf 71' lang='lat' dir='ltr'><strong>fonte</strong></span> <span class='ocrx_word' id='word_1_532' title='bbox 672 3049 759 3080; x_wconf 88' lang='lat' dir='ltr'><strong>illud</strong></span> <span class='ocrx_word' id='word_1_533' title='bbox 776 3049 896 3087; x_wconf 83' lang='lat' dir='ltr'><strong>fiuxit,</strong></span> <span class='ocrx_word' id='word_1_534' title='bbox 918 3048 1007 3089; x_wconf 89' lang='lat' dir='ltr'><strong>quod</strong></span> <span class='ocrx_word' id='word_1_535' title='bbox 1033 3045 1104 3081; x_wconf 82' lang='grc' dir='ltr'><strong>ὅδε</strong></span> <span class='ocrx_word' id='word_1_536' title='bbox 1133 3048 1186 3079; x_wconf 85' lang='lat' dir='ltr'><strong>vel</strong></span> 
     </span>
     <span class='ocr_line' id='line_1_62' title="bbox 169 3095 1185 3139; baseline -0.004 -10"><span class='ocrx_word' id='word_1_537' title='bbox 169 3107 231 3139; x_wconf 85' lang='lat' dir='ltr'><strong>per</strong></span> <span class='ocrx_word' id='word_1_538' title='bbox 247 3107 283 3129; x_wconf 85' lang='lat' dir='ltr'><strong>se</strong></span> <span class='ocrx_word' id='word_1_539' title='bbox 300 3097 450 3138; x_wconf 86' lang='lat' dir='ltr'><strong>positum</strong></span> <span class='ocrx_word' id='word_1_540' title='bbox 466 3097 520 3127; x_wconf 87' lang='lat' dir='ltr'><strong>vel</strong></span> <span class='ocrx_word' id='word_1_541' title='bbox 538 3097 666 3128; x_wconf 88' lang='lat' dir='ltr'><strong>nomini</strong></span> <span class='ocrx_word' id='word_1_542' title='bbox 683 3095 834 3128; x_wconf 87' lang='lat' dir='ltr'><strong>additum</strong></span> <span class='ocrx_word' id='word_1_543' title='bbox 854 3096 1038 3136; x_wconf 81' lang='lat' dir='ltr'><strong>loquentem</strong></span> <span class='ocrx_word' id='word_1_544' title='bbox 1054 3095 1185 3135; x_wconf 83' lang='lat' dir='ltr'><strong>signifi-</strong></span> 
     </span>
     <span class='ocr_line' id='line_1_63' title="bbox 170 3141 1183 3188; baseline -0.004 -12"><span class='ocrx_word' id='word_1_545' title='bbox 170 3147 241 3184; x_wconf 85' lang='lat' dir='ltr'><strong>cat,</strong></span> <span class='ocrx_word' id='word_1_546' title='bbox 271 3148 310 3176; x_wconf 92' lang='lat' dir='ltr'><strong>ut</strong></span> <span class='ocrx_word' id='word_1_547' title='bbox 342 3141 428 3188; x_wconf 83' lang='grc' dir='ltr'>ἐγώ</span> <span class='ocrx_word' id='word_1_548' title='bbox 461 3143 678 3184; x_wconf 79' lang='lat' dir='ltr'><strong>interpretari</strong></span> <span class='ocrx_word' id='word_1_549' title='bbox 702 3142 824 3184; x_wconf 84' lang='lat' dir='ltr'><strong>possis.</strong></span> <span class='ocrx_word' id='word_1_550' title='bbox 869 3143 913 3174; x_wconf 89' lang='lat' dir='ltr'><strong>V.</strong></span> <span class='ocrx_word' id='word_1_551' title='bbox 942 3141 1072 3174; x_wconf 80' lang='lat' dir='ltr'><strong>Schaef.</strong></span> <span class='ocrx_word' id='word_1_552' title='bbox 1104 3142 1183 3173; x_wconf 84' lang='lat' dir='ltr'><strong>mel.</strong></span> 
     </span>
     <span class='ocr_line' id='line_1_64' title="bbox 171 3184 1182 3235; baseline -0.003 -13"><span class='ocrx_word' id='word_1_553' title='bbox 171 3192 245 3223; x_wconf 88' lang='lat' dir='ltr'><strong>crit.</strong></span> <span class='ocrx_word' id='word_1_554' title='bbox 275 3200 310 3232; x_wconf 88' lang='lat' dir='ltr'><strong>p.</strong></span> <span class='ocrx_word' id='word_1_555' title='bbox 334 3187 413 3222; x_wconf 89' lang='grc'>114.</span> <span class='ocrx_word' id='word_1_556' title='bbox 440 3187 650 3235; x_wconf 79' lang='grc' dir='ltr'>ἠδικηκότες</span> <span class='ocrx_word' id='word_1_557' title='bbox 673 3187 732 3223; x_wconf 85' lang='grc' dir='ltr'><strong>τὸν</strong></span> <span class='ocrx_word' id='word_1_558' title='bbox 758 3186 867 3234; x_wconf 79' lang='grc' dir='ltr'>ἄνδρα</span> <span class='ocrx_word' id='word_1_559' title='bbox 881 3185 980 3221; x_wconf 85' lang='grc' dir='ltr'>τόνδε</span> <span class='ocrx_word' id='word_1_560' title='bbox 996 3188 1058 3220; x_wconf 89' lang='lat' dir='ltr'><strong>Ph.</strong></span> <span class='ocrx_word' id='word_1_561' title='bbox 1081 3184 1182 3220; x_wconf 92' lang='grc'>1036.</span> 
     </span>
     <span class='ocr_line' id='line_1_65' title="bbox 171 3230 1188 3282; baseline -0.004 -11"><span class='ocrx_word' id='word_1_562' title='bbox 171 3235 274 3282; x_wconf 85' lang='grc' dir='ltr'>φίλου</span> <span class='ocrx_word' id='word_1_563' title='bbox 293 3230 366 3282; x_wconf 85' lang='grc' dir='ltr'>μετ’</span> <span class='ocrx_word' id='word_1_564' title='bbox 383 3234 506 3281; x_wconf 81' lang='grc' dir='ltr'>ἀνδρὸς</span> <span class='ocrx_word' id='word_1_565' title='bbox 522 3233 623 3270; x_wconf 78' lang='grc' dir='ltr'>τοῦδε</span> <span class='ocrx_word' id='word_1_566' title='bbox 643 3233 745 3268; x_wconf 89' lang='grc'>1375.</span> <span class='ocrx_word' id='word_1_567' title='bbox 775 3233 898 3281; x_wconf 82' lang='grc' dir='ltr'>φονεὺς</span> <span class='ocrx_word' id='word_1_568' title='bbox 916 3233 963 3268; x_wconf 82' lang='grc' dir='ltr'><strong>ὢν</strong></span> <span class='ocrx_word' id='word_1_569' title='bbox 979 3233 1081 3268; x_wconf 81' lang='grc' dir='ltr'>τοῦδε</span> <span class='ocrx_word' id='word_1_570' title='bbox 1104 3231 1188 3268; x_wconf 89' lang='grc' dir='ltr'><strong>τάν-</strong></span> 
     </span>
     <span class='ocr_line' id='line_1_66' title="bbox 172 3278 1187 3330; baseline -0.003 -13"><span class='ocrx_word' id='word_1_571' title='bbox 172 3282 251 3328; x_wconf 82' lang='grc' dir='ltr'>δρὸς</span> <span class='ocrx_word' id='word_1_572' title='bbox 277 3282 439 3330; x_wconf 76' lang='grc' dir='ltr'>ἐμφανῶς</span> <span class='ocrx_word' id='word_1_573' title='bbox 467 3283 525 3315; x_wconf 89' lang='lat' dir='ltr'><strong>OR</strong></span> <span class='ocrx_word' id='word_1_574' title='bbox 542 3280 623 3315; x_wconf 88' lang='grc'>534.</span> <span class='ocrx_word' id='word_1_575' title='bbox 651 3280 702 3319; x_wconf 84' lang='grc' dir='ltr'><strong>τίς</strong></span> <span class='ocrx_word' id='word_1_576' title='bbox 724 3280 826 3316; x_wconf 82' lang='grc' dir='ltr'>τοῦδέ</span> <span class='ocrx_word' id='word_1_577' title='bbox 851 3281 879 3327; x_wconf 85' lang='grc' dir='ltr'>γ’</span> <span class='ocrx_word' id='word_1_578' title='bbox 907 3279 1029 3327; x_wconf 79' lang='grc' dir='ltr'>ἀνδρὸς</span> <span class='ocrx_word' id='word_1_579' title='bbox 1055 3278 1187 3326; x_wconf 84' lang='grc' dir='ltr'>μᾶλλον</span> 
     </span>
     <span class='ocr_line' id='line_1_67' title="bbox 171 3325 1188 3374; baseline 0.001 -13"><span class='ocrx_word' id='word_1_580' title='bbox 171 3327 310 3373; x_wconf 74' lang='lat' dir='ltr'><strong>[melius</strong></span> <span class='ocrx_word' id='word_1_581' title='bbox 333 3341 364 3363; x_wconf 88' lang='grc' dir='ltr'><strong>τ.</strong></span> <span class='ocrx_word' id='word_1_582' title='bbox 391 3327 484 3363; x_wconf 81' lang='grc' dir='ltr'>τοῦδ’</span> <span class='ocrx_word' id='word_1_583' title='bbox 512 3326 650 3363; x_wconf 81' lang='grc' dir='ltr'>ἀκούειν</span> <span class='ocrx_word' id='word_1_584' title='bbox 674 3326 796 3373; x_wconf 85' lang='grc' dir='ltr'>ἀνδρὸς</span> <span class='ocrx_word' id='word_1_585' title='bbox 822 3325 946 3372; x_wconf 91' lang='lat' dir='ltr'><strong>Dind.]</strong></span> <span class='ocrx_word' id='word_1_586' title='bbox 979 3325 1188 3374; x_wconf 80' lang='grc' dir='ltr'>ἀθλιώτερος</span> 
     </span>
     <span class='ocr_line' id='line_1_68' title="bbox 173 3370 1188 3421; baseline 0 -13"><span class='ocrx_word' id='word_1_587' title='bbox 173 3374 254 3409; x_wconf 90' lang='grc'>815.</span> <span class='ocrx_word' id='word_1_588' title='bbox 276 3370 329 3410; x_wconf 80' lang='grc' dir='ltr'><strong>ἐπ’</strong></span> <span class='ocrx_word' id='word_1_589' title='bbox 346 3373 443 3421; x_wconf 87' lang='grc' dir='ltr'>ἀνδρὶ</span> <span class='ocrx_word' id='word_1_590' title='bbox 458 3373 542 3421; x_wconf 81' lang='grc' dir='ltr'>τῷδε</span> <span class='ocrx_word' id='word_1_591' title='bbox 555 3373 637 3408; x_wconf 89' lang='grc'>829.</span> <span class='ocrx_word' id='word_1_592' title='bbox 663 3373 704 3409; x_wconf 78' lang='grc' dir='ltr'><strong>οὐ</strong></span> <span class='ocrx_word' id='word_1_593' title='bbox 726 3373 857 3420; x_wconf 86' lang='grc' dir='ltr'>μᾶλλον</span> <span class='ocrx_word' id='word_1_594' title='bbox 875 3373 974 3410; x_wconf 87' lang='grc' dir='ltr'>οὐδὲν</span> <span class='ocrx_word' id='word_1_595' title='bbox 991 3373 1091 3409; x_wconf 85' lang='grc' dir='ltr'>τοῦδε</span> <span class='ocrx_word' id='word_1_596' title='bbox 1106 3373 1188 3409; x_wconf 88' lang='grc' dir='ltr'><strong>τάν-</strong></span> 
     </span>
     <span class='ocr_line' id='line_1_69' title="bbox 173 3416 1190 3470; baseline 0 -14"><span class='ocrx_word' id='word_1_597' title='bbox 173 3419 252 3468; x_wconf 86' lang='grc' dir='ltr'>δρός</span> <span class='ocrx_word' id='word_1_598' title='bbox 272 3420 373 3456; x_wconf 87' lang='grc'>1018.</span> <span class='ocrx_word' id='word_1_599' title='bbox 408 3421 518 3469; x_wconf 81' lang='grc' dir='ltr'>χωρὶς</span> <span class='ocrx_word' id='word_1_600' title='bbox 543 3419 673 3470; x_wconf 76' lang='grc' dir='ltr'>ἐστάθη</span> <span class='ocrx_word' id='word_1_601' title='bbox 698 3420 801 3470; x_wconf 84' lang='grc' dir='ltr'>βορᾶς</span> <span class='ocrx_word' id='word_1_602' title='bbox 825 3416 968 3470; x_wconf 79' lang='grc' dir='ltr'>τράπεζ’</span> <span class='ocrx_word' id='word_1_603' title='bbox 992 3419 1073 3457; x_wconf 81' lang='grc' dir='ltr'>ἄνευ</span> <span class='ocrx_word' id='word_1_604' title='bbox 1097 3419 1190 3456; x_wconf 80' lang='grc' dir='ltr'>τοῦδ’</span> 
     </span>
    </p>
   </div>
   <div class='ocr_carea' id='block_1_5' title="bbox 1212 150 1231 166">
    <p class='ocr_par' dir='ltr' id='par_1_6' title="bbox 1212 150 1231 166">
     <span class='ocr_line' id='line_1_70' title="bbox 1212 150 1231 166; baseline 0 -1"><span class='ocrx_word' id='word_1_605' title='bbox 1212 150 1231 166; x_wconf 59' lang='lat' dir='ltr'><strong>‘N</strong></span> 
     </span>
    </p>
   </div>
   <div class='ocr_carea' id='block_1_6' title="bbox 1210 166 1258 199">
    <p class='ocr_par' dir='ltr' id='par_1_7' title="bbox 1210 166 1258 199">
     <span class='ocr_line' id='line_1_71' title="bbox 1210 166 1258 199; baseline 0.021 -1"><span class='ocrx_word' id='word_1_606' title='bbox 1210 166 1258 199; x_wconf 75' lang='grc' dir='ltr'><strong>ΟΕ</strong></span> 
     </span>
    </p>
   </div>
   <div class='ocr_carea' id='block_1_7' title="bbox 1146 147 1206 198">
    <p class='ocr_par' dir='ltr' id='par_1_8' title="bbox 1146 147 1206 198">
     <span class='ocr_line' id='line_1_72' title="bbox 1146 147 1206 198; baseline 0 0"><span class='ocrx_word' id='word_1_607' title='bbox 1146 147 1206 198; x_wconf 80' lang='lat'><strong>“0</strong></span> 
     </span>
    </p>
   </div>
   <div class='ocr_carea' id='block_1_8' title="bbox 1921 159 2240 210">
    <p class='ocr_par' dir='ltr' id='par_1_9' title="bbox 1921 159 2240 210">
     <span class='ocr_line' id='line_1_73' title="bbox 1921 159 2240 210; baseline 0.013 -16"><span class='ocrx_word' id='word_1_608' title='bbox 1921 159 2240 210; x_wconf 51' lang='lat' dir='ltr'><strong>[apuam-269]</strong></span> 
     </span>
    </p>
   </div>
   <div class='ocr_carea' id='block_1_9' title="bbox 1218 264 2239 3418">
    <p class='ocr_par' dir='ltr' id='par_1_10' title="bbox 1222 264 2238 1209">
     <span class='ocr_line' id='line_1_74' title="bbox 1225 264 2233 318; baseline 0.004 -18"><span class='ocrx_word' id='word_1_609' title='bbox 1225 264 1347 312; x_wconf 87' lang='grc' dir='ltr'>ἀνδρός</span> <span class='ocrx_word' id='word_1_610' title='bbox 1367 265 1467 301; x_wconf 86' lang='grc'>1464.</span> <span class='ocrx_word' id='word_1_611' title='bbox 1488 265 1564 301; x_wconf 81' lang='grc' dir='ltr'>ἀλλ’</span> <span class='ocrx_word' id='word_1_612' title='bbox 1589 266 1628 302; x_wconf 77' lang='grc' dir='ltr'><strong>οὔ</strong></span> <span class='ocrx_word' id='word_1_613' title='bbox 1650 280 1683 303; x_wconf 90' lang='grc' dir='ltr'><strong>τι</strong></span> <span class='ocrx_word' id='word_1_614' title='bbox 1707 267 1756 314; x_wconf 87' lang='grc' dir='ltr'>μὴ</span> <span class='ocrx_word' id='word_1_615' title='bbox 1774 267 1911 317; x_wconf 79' lang='grc' dir='ltr'>λάγωσι</span> <span class='ocrx_word' id='word_1_616' title='bbox 1930 268 2031 304; x_wconf 76' lang='grc' dir='ltr'>τοῦδε</span> <span class='ocrx_word' id='word_1_617' title='bbox 2047 267 2233 318; x_wconf 79' lang='grc' dir='ltr'>συμμάχου</span> 
     </span>
     <span class='ocr_line' id='line_1_75' title="bbox 1225 310 2233 364; baseline 0.005 -18"><span class='ocrx_word' id='word_1_618' title='bbox 1225 314 1280 347; x_wconf 91' lang='lat' dir='ltr'><strong>OC</strong></span> <span class='ocrx_word' id='word_1_619' title='bbox 1298 312 1367 347; x_wconf 88' lang='lat'><strong>450</strong></span> <span class='ocrx_word' id='word_1_620' title='bbox 1383 325 1452 347; x_wconf 79' lang='lat' dir='ltr'><strong>non</strong></span> <span class='ocrx_word' id='word_1_621' title='bbox 1469 316 1627 348; x_wconf 82' lang='lat' dir='ltr'><strong>habebunt</strong></span> <span class='ocrx_word' id='word_1_622' title='bbox 1644 318 1768 348; x_wconf 78' lang='lat' dir='ltr'><strong>socium</strong></span> <span class='ocrx_word' id='word_1_623' title='bbox 1789 311 1852 350; x_wconf 57' lang='lat' dir='ltr'><strong>mes.</strong></span> <span class='ocrx_word' id='word_1_624' title='bbox 1879 310 1958 363; x_wconf 78' lang='grc' dir='ltr'>τῷδ’</span> <span class='ocrx_word' id='word_1_625' title='bbox 1984 315 2081 364; x_wconf 80' lang='grc' dir='ltr'>ἀνδρὶ</span> <span class='ocrx_word' id='word_1_626' title='bbox 2103 314 2233 363; x_wconf 67' lang='grc' dir='ltr'>τούμοῦ</span> 
     </span>
     <span class='ocr_line' id='line_1_76' title="bbox 1225 360 2235 408; baseline 0.002 -13"><span class='ocrx_word' id='word_1_627' title='bbox 1225 360 1308 408; x_wconf 84' lang='grc' dir='ltr'>πρὸς</span> <span class='ocrx_word' id='word_1_628' title='bbox 1330 361 1538 408; x_wconf 82' lang='grc' dir='ltr'>κασιγνήτου</span> <span class='ocrx_word' id='word_1_629' title='bbox 1555 361 1641 396; x_wconf 88' lang='grc' dir='ltr'>τίσιν</span> <span class='ocrx_word' id='word_1_630' title='bbox 1661 360 1762 396; x_wconf 85' lang='grc'>1329.</span> <span class='ocrx_word' id='word_1_631' title='bbox 1784 365 1872 406; x_wconf 92' lang='lat' dir='ltr'><strong>quod</strong></span> <span class='ocrx_word' id='word_1_632' title='bbox 1889 365 2083 406; x_wconf 85' lang='lat' dir='ltr'><strong>exemplum</strong></span> <span class='ocrx_word' id='word_1_633' title='bbox 2097 368 2235 407; x_wconf 70' lang='lat' dir='ltr'><strong>propter</strong></span> 
     </span>
     <span class='ocr_line' id='line_1_77' title="bbox 1225 408 2234 454; baseline 0.005 -13"><span class='ocrx_word' id='word_1_634' title='bbox 1225 409 1376 441; x_wconf 82' lang='lat' dir='ltr'><strong>additum</strong></span> <span class='ocrx_word' id='word_1_635' title='bbox 1403 408 1508 454; x_wconf 86' lang='grc' dir='ltr'>ἐμός</span> <span class='ocrx_word' id='word_1_636' title='bbox 1534 412 1747 443; x_wconf 84' lang='lat' dir='ltr'><strong>memorabile</strong></span> <span class='ocrx_word' id='word_1_637' title='bbox 1767 415 1803 444; x_wconf 88' lang='lat' dir='ltr'><strong>et</strong></span> <span class='ocrx_word' id='word_1_638' title='bbox 1827 422 1880 453; x_wconf 79' lang='lat' dir='ltr'><strong>ap.</strong></span> <span class='ocrx_word' id='word_1_639' title='bbox 1910 411 2012 453; x_wconf 87' lang='lat' dir='ltr'><strong>Soph.</strong></span> <span class='ocrx_word' id='word_1_640' title='bbox 2039 421 2160 443; x_wconf 89' lang='lat' dir='ltr'><strong>unum.</strong></span> <span class='ocrx_word' id='word_1_641' title='bbox 2194 410 2234 446; x_wconf 88' lang='grc' dir='ltr'><strong>τὸ</strong></span> 
     </span>
     <span class='ocr_line' id='line_1_78' title="bbox 1224 454 2234 504; baseline 0.003 -15"><span class='ocrx_word' id='word_1_642' title='bbox 1224 454 1288 502; x_wconf 81' lang='grc' dir='ltr'><strong>γὰρ</strong></span> <span class='ocrx_word' id='word_1_643' title='bbox 1306 454 1417 502; x_wconf 82' lang='grc' dir='ltr'>φιλεῖν</span> <span class='ocrx_word' id='word_1_644' title='bbox 1443 455 1507 490; x_wconf 75' lang='grc' dir='ltr'><strong>οὐκ</strong></span> <span class='ocrx_word' id='word_1_645' title='bbox 1525 455 1613 490; x_wconf 83' lang='grc' dir='ltr'>ἔστιν</span> <span class='ocrx_word' id='word_1_646' title='bbox 1640 454 1675 496; x_wconf 74' lang='grc' dir='ltr'><strong>ἐξ</strong></span> <span class='ocrx_word' id='word_1_647' title='bbox 1704 455 1783 492; x_wconf 80' lang='grc' dir='ltr'>ὅτου</span> <span class='ocrx_word' id='word_1_648' title='bbox 1800 456 1906 492; x_wconf 80' lang='grc' dir='ltr'>πλέον</span> <span class='ocrx_word' id='word_1_649' title='bbox 1931 455 1955 503; x_wconf 86' lang='grc' dir='ltr'>ἢ</span> <span class='ocrx_word' id='word_1_650' title='bbox 1972 457 2074 492; x_wconf 84' lang='grc' dir='ltr'>τοῦδε</span> <span class='ocrx_word' id='word_1_651' title='bbox 2090 455 2234 504; x_wconf 81' lang='grc' dir='ltr'>τάνδρὸς</span> 
     </span>
     <span class='ocr_line' id='line_1_79' title="bbox 1225 499 2234 552; baseline 0.002 -15"><span class='ocrx_word' id='word_1_652' title='bbox 1225 502 1344 550; x_wconf 80' lang='grc' dir='ltr'>ἔσχετε</span> <span class='ocrx_word' id='word_1_653' title='bbox 1366 501 1466 536; x_wconf 90' lang='grc'>1618.</span> <span class='ocrx_word' id='word_1_654' title='bbox 1494 501 1564 538; x_wconf 84' lang='grc' dir='ltr'>τόδ’</span> <span class='ocrx_word' id='word_1_655' title='bbox 1589 499 1660 538; x_wconf 78' lang='grc' dir='ltr'>οὐδ’</span> <span class='ocrx_word' id='word_1_656' title='bbox 1685 502 1725 538; x_wconf 83' lang='grc' dir='ltr'><strong>ἂν</strong></span> <span class='ocrx_word' id='word_1_657' title='bbox 1744 503 1794 543; x_wconf 86' lang='grc' dir='ltr'><strong>εἴς</strong></span> <span class='ocrx_word' id='word_1_658' title='bbox 1811 516 1895 539; x_wconf 87' lang='grc' dir='ltr'>ποτε</span> <span class='ocrx_word' id='word_1_659' title='bbox 1910 503 2000 539; x_wconf 80' lang='grc' dir='ltr'>τόνδ’</span> <span class='ocrx_word' id='word_1_660' title='bbox 2024 503 2132 551; x_wconf 84' lang='grc' dir='ltr'>ἄνδρα</span> <span class='ocrx_word' id='word_1_661' title='bbox 2148 503 2234 552; x_wconf 89' lang='grc' dir='ltr'>φαίη</span> 
     </span>
     <span class='ocr_line' id='line_1_80' title="bbox 1226 548 2237 598; baseline 0.002 -15"><span class='ocrx_word' id='word_1_662' title='bbox 1226 548 1346 597; x_wconf 69' lang='grc' dir='ltr'>πρόσθ’</span> <span class='ocrx_word' id='word_1_663' title='bbox 1366 548 1449 584; x_wconf 85' lang='grc' dir='ltr'>ἰδεῖν</span> <span class='ocrx_word' id='word_1_664' title='bbox 1468 549 1657 597; x_wconf 84' lang='grc' dir='ltr'>δεδρακότα</span> <span class='ocrx_word' id='word_1_665' title='bbox 1674 553 1729 584; x_wconf 87' lang='lat' dir='ltr'><strong>Tr.</strong></span> <span class='ocrx_word' id='word_1_666' title='bbox 1749 549 1850 585; x_wconf 86' lang='grc'>1072.</span> <span class='ocrx_word' id='word_1_667' title='bbox 1879 550 2020 598; x_wconf 84' lang='grc' dir='ltr'>τελευτὴ</span> <span class='ocrx_word' id='word_1_668' title='bbox 2037 550 2138 586; x_wconf 83' lang='grc' dir='ltr'>τοῦδε</span> <span class='ocrx_word' id='word_1_669' title='bbox 2154 551 2237 586; x_wconf 87' lang='grc' dir='ltr'><strong>τάν-</strong></span> 
     </span>
     <span class='ocr_line' id='line_1_81' title="bbox 1226 595 2235 646; baseline 0.001 -15"><span class='ocrx_word' id='word_1_670' title='bbox 1226 596 1304 643; x_wconf 85' lang='grc' dir='ltr'>δρὸς</span> <span class='ocrx_word' id='word_1_671' title='bbox 1322 595 1450 644; x_wconf 82' lang='grc' dir='ltr'>ὑστάτη</span> <span class='ocrx_word' id='word_1_672' title='bbox 1472 596 1571 631; x_wconf 85' lang='grc'>1256.</span> <span class='ocrx_word' id='word_1_673' title='bbox 1600 597 1727 645; x_wconf 77' lang='grc' dir='ltr'>ἐχθρός</span> <span class='ocrx_word' id='word_1_674' title='bbox 1742 610 1780 645; x_wconf 90' lang='grc' dir='ltr'><strong>γε</strong></span> <span class='ocrx_word' id='word_1_675' title='bbox 1796 598 1884 646; x_wconf 82' lang='grc' dir='ltr'><strong>τῷδε</strong></span> <span class='ocrx_word' id='word_1_676' title='bbox 1900 597 2019 645; x_wconf 87' lang='grc' dir='ltr'>τάνδρὶ</span> <span class='ocrx_word' id='word_1_677' title='bbox 2042 597 2161 640; x_wconf 59' lang='lat' dir='ltr'><strong>nais&amp;</strong></span> <span class='ocrx_word' id='word_1_678' title='bbox 2175 602 2235 632; x_wconf 74' lang='grc' dir='ltr'><strong>νῦν</strong></span> 
     </span>
     <span class='ocr_line' id='line_1_82' title="bbox 1226 643 2236 690; baseline 0.001 -12"><span class='ocrx_word' id='word_1_679' title='bbox 1226 644 1274 678; x_wconf 83' lang='grc' dir='ltr'><strong>ἔτι</strong></span> <span class='ocrx_word' id='word_1_680' title='bbox 1300 646 1354 677; x_wconf 84' lang='grc' dir='ltr'><strong>Αἰ.</strong></span> <span class='ocrx_word' id='word_1_681' title='bbox 1376 643 1432 677; x_wconf 91' lang='lat'>78.</span> <span class='ocrx_word' id='word_1_682' title='bbox 1460 645 1671 690; x_wconf 82' lang='grc' dir='ltr'>κατέπεφνες</span> <span class='ocrx_word' id='word_1_683' title='bbox 1695 645 1792 680; x_wconf 88' lang='grc' dir='ltr'>τόνδε</span> <span class='ocrx_word' id='word_1_684' title='bbox 1819 645 2004 680; x_wconf 81' lang='grc' dir='ltr'>συνναύταν</span> <span class='ocrx_word' id='word_1_685' title='bbox 2022 644 2091 679; x_wconf 87' lang='grc'><strong>902</strong></span> <span class='ocrx_word' id='word_1_686' title='bbox 2106 647 2158 679; x_wconf 90' lang='lat' dir='ltr'><strong>ch.</strong></span> <span class='ocrx_word' id='word_1_687' title='bbox 2179 644 2236 685; x_wconf 76' lang='grc' dir='ltr'><strong>ξὺν</strong></span> 
     </span>
     <span class='ocr_line' id='line_1_83' title="bbox 1222 687 2237 739; baseline -0.001 -14"><span class='ocrx_word' id='word_1_688' title='bbox 1222 687 1296 738; x_wconf 76' lang='grc' dir='ltr'>τῇδ’</span> <span class='ocrx_word' id='word_1_689' title='bbox 1321 690 1456 739; x_wconf 73' lang='grc' dir='ltr'>ἀδελφῇ</span> <span class='ocrx_word' id='word_1_690' title='bbox 1482 694 1535 725; x_wconf 90' lang='grc' dir='ltr'><strong>ΕΙ.</strong></span> <span class='ocrx_word' id='word_1_691' title='bbox 1557 690 1625 725; x_wconf 90' lang='grc'><strong>956</strong></span> <span class='ocrx_word' id='word_1_692' title='bbox 1643 703 1786 735; x_wconf 84' lang='lat' dir='ltr'><strong>mecum,</strong></span> <span class='ocrx_word' id='word_1_693' title='bbox 1805 704 1912 726; x_wconf 72' lang='lat' dir='ltr'><strong>sorore</strong></span> <span class='ocrx_word' id='word_1_694' title='bbox 1929 698 1998 726; x_wconf 82' lang='lat' dir='ltr'><strong>tua.</strong></span> <span class='ocrx_word' id='word_1_695' title='bbox 2028 694 2237 726; x_wconf 72' lang='lat' dir='ltr'><strong>Substantive</strong></span> 
     </span>
     <span class='ocr_line' id='line_1_84' title="bbox 1225 737 2235 787; baseline 0.003 -16"><span class='ocrx_word' id='word_1_696' title='bbox 1225 741 1273 771; x_wconf 86' lang='lat' dir='ltr'><strong>sic</strong></span> <span class='ocrx_word' id='word_1_697' title='bbox 1289 740 1372 772; x_wconf 87' lang='lat' dir='ltr'><strong>dicti</strong></span> <span class='ocrx_word' id='word_1_698' title='bbox 1397 737 1471 773; x_wconf 84' lang='grc' dir='ltr'><strong>ὅδε</strong></span> <span class='ocrx_word' id='word_1_699' title='bbox 1498 741 1564 772; x_wconf 92' lang='lat' dir='ltr'><strong>duo</strong></span> <span class='ocrx_word' id='word_1_700' title='bbox 1582 744 1714 772; x_wconf 89' lang='lat' dir='ltr'><strong>tantum</strong></span> <span class='ocrx_word' id='word_1_701' title='bbox 1739 742 1895 783; x_wconf 83' lang='lat' dir='ltr'><strong>exempla</strong></span> <span class='ocrx_word' id='word_1_702' title='bbox 1910 742 2038 783; x_wconf 88' lang='lat' dir='ltr'><strong>reperi:</strong></span> <span class='ocrx_word' id='word_1_703' title='bbox 2066 738 2173 786; x_wconf 84' lang='grc' dir='ltr'>τῆσδέ</span> <span class='ocrx_word' id='word_1_704' title='bbox 2196 751 2235 787; x_wconf 88' lang='grc' dir='ltr'><strong>γε</strong></span> 
     </span>
     <span class='ocr_line' id='line_1_85' title="bbox 1224 785 2233 832; baseline 0.001 -13"><span class='ocrx_word' id='word_1_705' title='bbox 1224 785 1337 832; x_wconf 77' lang='grc' dir='ltr'>ζώσης</span> <span class='ocrx_word' id='word_1_706' title='bbox 1377 785 1425 820; x_wconf 82' lang='grc' dir='ltr'><strong>ἔτι</strong></span> <span class='ocrx_word' id='word_1_707' title='bbox 1457 788 1511 819; x_wconf 90' lang='lat' dir='ltr'><strong>Tr.</strong></span> <span class='ocrx_word' id='word_1_708' title='bbox 1533 785 1599 820; x_wconf 89' lang='lat'><strong>305</strong></span> <span class='ocrx_word' id='word_1_709' title='bbox 1634 792 1668 819; x_wconf 87' lang='lat' dir='ltr'><strong>et</strong></span> <span class='ocrx_word' id='word_1_710' title='bbox 1693 786 1749 822; x_wconf 85' lang='grc' dir='ltr'><strong>ἐπὶ</strong></span> <span class='ocrx_word' id='word_1_711' title='bbox 1779 786 1871 832; x_wconf 84' lang='grc' dir='ltr'>τῷδε</span> <span class='ocrx_word' id='word_1_712' title='bbox 1892 790 2048 822; x_wconf 79' lang='grc' dir='ltr'>νοσοῦντι</span> <span class='ocrx_word' id='word_1_713' title='bbox 2083 785 2173 820; x_wconf 89' lang='grc'>1012</span> <span class='ocrx_word' id='word_1_714' title='bbox 2188 798 2233 821; x_wconf 89' lang='lat' dir='ltr'><strong>m.</strong></span> 
     </span>
     <span class='ocr_line' id='line_1_86' title="bbox 1227 833 2237 881; baseline 0.001 -15"><span class='ocrx_word' id='word_1_715' title='bbox 1227 852 1268 858; x_wconf 91' lang='lat'>-</span> <span class='ocrx_word' id='word_1_716' title='bbox 1293 835 1374 875; x_wconf 86' lang='lat' dir='ltr'><strong>Est,</strong></span> <span class='ocrx_word' id='word_1_717' title='bbox 1410 835 1469 866; x_wconf 92' lang='lat' dir='ltr'><strong>ubi</strong></span> <span class='ocrx_word' id='word_1_718' title='bbox 1499 836 1647 881; x_wconf 75' lang='grc' dir='ltr'>γεῖρες</span> <span class='ocrx_word' id='word_1_719' title='bbox 1681 833 1779 869; x_wconf 88' lang='grc' dir='ltr'>αἷδε</span> <span class='ocrx_word' id='word_1_720' title='bbox 1814 836 1984 868; x_wconf 86' lang='lat' dir='ltr'><strong>commode</strong></span> <span class='ocrx_word' id='word_1_721' title='bbox 2015 836 2237 877; x_wconf 87' lang='lat' dir='ltr'><strong>interpretere</strong></span> 
     </span>
     <span class='ocr_line' id='line_1_87' title="bbox 1222 874 2238 928; baseline 0.003 -15"><span class='ocrx_word' id='word_1_722' title='bbox 1222 891 1313 913; x_wconf 86' lang='lat' dir='ltr'><strong>meas</strong></span> <span class='ocrx_word' id='word_1_723' title='bbox 1324 891 1463 914; x_wconf 80' lang='lat' dir='ltr'><strong>manus:</strong></span> <span class='ocrx_word' id='word_1_724' title='bbox 1492 874 1613 928; x_wconf 69' lang='grc' dir='ltr'>χεροῖν</span> <span class='ocrx_word' id='word_1_725' title='bbox 1634 880 1793 928; x_wconf 78' lang='grc' dir='ltr'>κλέψασα</span> <span class='ocrx_word' id='word_1_726' title='bbox 1816 880 1934 916; x_wconf 85' lang='grc' dir='ltr'>ταῖνδε</span> <span class='ocrx_word' id='word_1_727' title='bbox 1949 883 2003 915; x_wconf 85' lang='grc' dir='ltr'><strong>ΕΙ.</strong></span> <span class='ocrx_word' id='word_1_728' title='bbox 2026 879 2126 915; x_wconf 90' lang='grc'>1133.</span> <span class='ocrx_word' id='word_1_729' title='bbox 2148 880 2238 927; x_wconf 86' lang='grc' dir='ltr'>σκή-</span> 
     </span>
     <span class='ocr_line' id='line_1_88' title="bbox 1223 927 2238 976; baseline 0.001 -15"><span class='ocrx_word' id='word_1_730' title='bbox 1223 939 1318 974; x_wconf 85' lang='grc' dir='ltr'>πτρῳ</span> <span class='ocrx_word' id='word_1_731' title='bbox 1335 927 1454 966; x_wconf 81' lang='grc' dir='ltr'>τυπεὶς</span> <span class='ocrx_word' id='word_1_732' title='bbox 1472 927 1512 962; x_wconf 79' lang='grc' dir='ltr'>ἐκ</span> <span class='ocrx_word' id='word_1_733' title='bbox 1535 927 1640 975; x_wconf 85' lang='grc' dir='ltr'>τῆσδε</span> <span class='ocrx_word' id='word_1_734' title='bbox 1656 929 1774 976; x_wconf 84' lang='grc' dir='ltr'>χειρός</span> <span class='ocrx_word' id='word_1_735' title='bbox 1791 930 1850 963; x_wconf 82' lang='lat' dir='ltr'><strong>OR</strong></span> <span class='ocrx_word' id='word_1_736' title='bbox 1865 927 1946 962; x_wconf 89' lang='lat'>811.</span> <span class='ocrx_word' id='word_1_737' title='bbox 1966 947 2012 954; x_wconf 90' lang='lat'><strong>—-</strong></span> <span class='ocrx_word' id='word_1_738' title='bbox 2029 930 2095 963; x_wconf 86' lang='lat' dir='ltr'><strong>Sed</strong></span> <span class='ocrx_word' id='word_1_739' title='bbox 2111 930 2238 962; x_wconf 79' lang='lat' dir='ltr'><strong>iniuria</strong></span> 
     </span>
     <span class='ocr_line' id='line_1_89' title="bbox 1224 973 2236 1021; baseline 0.002 -14"><span class='ocrx_word' id='word_1_740' title='bbox 1224 976 1354 1008; x_wconf 75' lang='lat' dir='ltr'><strong>Sclnaef.</strong></span> <span class='ocrx_word' id='word_1_741' title='bbox 1384 977 1462 1008; x_wconf 89' lang='lat' dir='ltr'><strong>mel.</strong></span> <span class='ocrx_word' id='word_1_742' title='bbox 1490 986 1535 1008; x_wconf 86' lang='lat' dir='ltr'><strong>cr.</strong></span> <span class='ocrx_word' id='word_1_743' title='bbox 1556 978 1579 1008; x_wconf 91' lang='lat' dir='ltr'><strong>l.</strong></span> <span class='ocrx_word' id='word_1_744' title='bbox 1602 987 1629 1008; x_wconf 87' lang='lat' dir='ltr'><strong>c.</strong></span> <span class='ocrx_word' id='word_1_745' title='bbox 1659 978 1726 1008; x_wconf 83' lang='lat' dir='ltr'><strong>huc</strong></span> <span class='ocrx_word' id='word_1_746' title='bbox 1742 977 1860 1009; x_wconf 80' lang='lat' dir='ltr'><strong>retulit</strong></span> <span class='ocrx_word' id='word_1_747' title='bbox 1883 976 1943 1009; x_wconf 88' lang='lat' dir='ltr'><strong>OR</strong></span> <span class='ocrx_word' id='word_1_748' title='bbox 1958 973 2016 1009; x_wconf 91' lang='grc'><strong>41.</strong></span> <span class='ocrx_word' id='word_1_749' title='bbox 2039 973 2236 1021; x_wconf 82' lang='grc' dir='ltr'>ἱκετεύομέν</span> 
     </span>
     <span class='ocr_line' id='line_1_90' title="bbox 1225 1020 2236 1070; baseline 0 -15"><span class='ocrx_word' id='word_1_750' title='bbox 1225 1034 1260 1055; x_wconf 90' lang='grc' dir='ltr'><strong>σε</strong></span> <span class='ocrx_word' id='word_1_751' title='bbox 1285 1022 1410 1060; x_wconf 80' lang='grc' dir='ltr'>πάντες</span> <span class='ocrx_word' id='word_1_752' title='bbox 1436 1020 1508 1056; x_wconf 77' lang='grc' dir='ltr'>οἵδε</span> <span class='ocrx_word' id='word_1_753' title='bbox 1534 1022 1760 1070; x_wconf 89' lang='grc' dir='ltr'>πρόστροποι,</span> <span class='ocrx_word' id='word_1_754' title='bbox 1788 1026 1824 1056; x_wconf 92' lang='lat' dir='ltr'><strong>in</strong></span> <span class='ocrx_word' id='word_1_755' title='bbox 1851 1034 1917 1066; x_wconf 91' lang='lat' dir='ltr'><strong>quo</strong></span> <span class='ocrx_word' id='word_1_756' title='bbox 1934 1034 2031 1056; x_wconf 88' lang='lat' dir='ltr'><strong>versu</strong></span> <span class='ocrx_word' id='word_1_757' title='bbox 2051 1020 2144 1058; x_wconf 80' lang='grc' dir='ltr'>οἵδε</span> <span class='ocrx_word' id='word_1_758' title='bbox 2169 1033 2236 1056; x_wconf 90' lang='lat' dir='ltr'><strong>non</strong></span> 
     </span>
     <span class='ocr_line' id='line_1_91' title="bbox 1224 1068 2237 1117; baseline 0.001 -15"><span class='ocrx_word' id='word_1_759' title='bbox 1224 1074 1276 1102; x_wconf 87' lang='lat' dir='ltr'><strong>cst</strong></span> <span class='ocrx_word' id='word_1_760' title='bbox 1292 1080 1363 1110; x_wconf 77' lang='lat' dir='ltr'><strong>nos,</strong></span> <span class='ocrx_word' id='word_1_761' title='bbox 1394 1071 1451 1102; x_wconf 88' lang='lat' dir='ltr'><strong>sed</strong></span> <span class='ocrx_word' id='word_1_762' title='bbox 1471 1073 1525 1111; x_wconf 82' lang='lat' dir='ltr'><strong>qui</strong></span> <span class='ocrx_word' id='word_1_763' title='bbox 1543 1072 1712 1103; x_wconf 71' lang='lat' dir='ltr'><strong>adsumus.</strong></span> <span class='ocrx_word' id='word_1_764' title='bbox 1735 1090 1775 1095; x_wconf 92' lang='lat'><strong>——</strong></span> <span class='ocrx_word' id='word_1_765' title='bbox 1796 1072 1888 1104; x_wconf 90' lang='lat' dir='ltr'><strong>Alibi</strong></span> <span class='ocrx_word' id='word_1_766' title='bbox 1905 1068 1964 1104; x_wconf 82' lang='grc' dir='ltr'><strong>ὅδε</strong></span> <span class='ocrx_word' id='word_1_767' title='bbox 1982 1069 2000 1105; x_wconf 86' lang='grc' dir='ltr'><strong>ὁ</strong></span> <span class='ocrx_word' id='word_1_768' title='bbox 2014 1069 2115 1117; x_wconf 86' lang='grc' dir='ltr'>ἀνήρ,</span> <span class='ocrx_word' id='word_1_769' title='bbox 2143 1072 2237 1103; x_wconf 87' lang='lat' dir='ltr'><strong>velut</strong></span> 
     </span>
     <span class='ocr_line' id='line_1_92' title="bbox 1222 1114 2238 1160; baseline 0.001 -11"><span class='ocrx_word' id='word_1_770' title='bbox 1222 1118 1280 1149; x_wconf 56' lang='lat' dir='ltr'><strong>Oli</strong></span> <span class='ocrx_word' id='word_1_771' title='bbox 1306 1114 1407 1149; x_wconf 88' lang='grc'>1136.</span> <span class='ocrx_word' id='word_1_772' title='bbox 1443 1115 1533 1149; x_wconf 88' lang='grc'>1160</span> <span class='ocrx_word' id='word_1_773' title='bbox 1559 1120 1717 1151; x_wconf 86' lang='lat' dir='ltr'><strong>universe</strong></span> <span class='ocrx_word' id='word_1_774' title='bbox 1739 1122 1961 1160; x_wconf 74' lang='lat' dir='ltr'><strong>praesentem,</strong></span> <span class='ocrx_word' id='word_1_775' title='bbox 1990 1122 2026 1151; x_wconf 85' lang='lat' dir='ltr'><strong>et</strong></span> <span class='ocrx_word' id='word_1_776' title='bbox 2041 1128 2186 1160; x_wconf 91' lang='lat' dir='ltr'><strong>quocum</strong></span> <span class='ocrx_word' id='word_1_777' title='bbox 2203 1122 2238 1150; x_wconf 87' lang='lat' dir='ltr'><strong>et</strong></span> 
     </span>
     <span class='ocr_line' id='line_1_93' title="bbox 1222 1162 2238 1209; baseline 0.001 -13"><span class='ocrx_word' id='word_1_778' title='bbox 1222 1165 1262 1196; x_wconf 88' lang='lat' dir='ltr'><strong>de</strong></span> <span class='ocrx_word' id='word_1_779' title='bbox 1281 1174 1346 1205; x_wconf 93' lang='lat' dir='ltr'><strong>quo</strong></span> <span class='ocrx_word' id='word_1_780' title='bbox 1363 1165 1548 1206; x_wconf 88' lang='lat' dir='ltr'><strong>loquimur,</strong></span> <span class='ocrx_word' id='word_1_781' title='bbox 1570 1166 1759 1205; x_wconf 68' lang='lat' dir='ltr'><strong>significare</strong></span> <span class='ocrx_word' id='word_1_782' title='bbox 1776 1169 1906 1198; x_wconf 88' lang='lat' dir='ltr'><strong>notum.</strong></span> <span class='ocrx_word' id='word_1_783' title='bbox 1934 1163 1985 1209; x_wconf 86' lang='lat'><strong>(11</strong></span> <span class='ocrx_word' id='word_1_784' title='bbox 2001 1176 2035 1208; x_wconf 85' lang='lat' dir='ltr'><strong>p.</strong></span> <span class='ocrx_word' id='word_1_785' title='bbox 2056 1163 2138 1207; x_wconf 87' lang='grc'>268,</span> <span class='ocrx_word' id='word_1_786' title='bbox 2157 1162 2238 1209; x_wconf 90' lang='grc'>24.)</span> 
     </span>
    </p>

    <p class='ocr_par' dir='ltr' id='par_1_11' title="bbox 1219 1212 2237 1409">
     <span class='ocr_line' id='line_1_94' title="bbox 1291 1212 2237 1254; baseline 0.001 -11"><span class='ocrx_word' id='word_1_787' title='bbox 1291 1212 1319 1252; x_wconf 81' lang='lat' dir='ltr'><strong>f.</strong></span> <span class='ocrx_word' id='word_1_788' title='bbox 1356 1212 1370 1254; x_wconf 82' lang='grc' dir='ltr'><strong>ΙΙ</strong></span> <span class='ocrx_word' id='word_1_789' title='bbox 1402 1213 1455 1244; x_wconf 91' lang='lat' dir='ltr'><strong>Ad</strong></span> <span class='ocrx_word' id='word_1_790' title='bbox 1478 1214 1584 1253; x_wconf 73' lang='lat' dir='ltr'><strong>spatio</strong></span> <span class='ocrx_word' id='word_1_791' title='bbox 1610 1215 1802 1245; x_wconf 76' lang='lat' dir='ltr'><strong>coniuncta-s</strong></span> <span class='ocrx_word' id='word_1_792' title='bbox 1831 1223 1886 1245; x_wconf 90' lang='lat' dir='ltr'><strong>res</strong></span> <span class='ocrx_word' id='word_1_793' title='bbox 1909 1214 2011 1245; x_wconf 88' lang='lat' dir='ltr'><strong>etiam</strong></span> <span class='ocrx_word' id='word_1_794' title='bbox 2041 1213 2237 1246; x_wconf 80' lang='lat' dir='ltr'><strong>adverbium</strong></span> 
     </span>
     <span class='ocr_line' id='line_1_95' title="bbox 1219 1257 2234 1306; baseline 0 -14"><span class='ocrx_word' id='word_1_795' title='bbox 1219 1257 1326 1306; x_wconf 75' lang='grc' dir='ltr'>τῇδε</span> <span class='ocrx_word' id='word_1_796' title='bbox 1352 1263 1494 1300; x_wconf 86' lang='lat' dir='ltr'><strong>spectat,</strong></span> <span class='ocrx_word' id='word_1_797' title='bbox 1516 1260 1588 1300; x_wconf 80' lang='lat' dir='ltr'><strong>hac,</strong></span> <span class='ocrx_word' id='word_1_798' title='bbox 1616 1270 1681 1301; x_wconf 82' lang='lat' dir='ltr'><strong>qua</strong></span> <span class='ocrx_word' id='word_1_799' title='bbox 1697 1262 1840 1301; x_wconf 68' lang='lat' dir='ltr'><strong>cernitis,</strong></span> <span class='ocrx_word' id='word_1_800' title='bbox 1865 1263 1961 1301; x_wconf 81' lang='lat' dir='ltr'><strong>parte</strong></span> <span class='ocrx_word' id='word_1_801' title='bbox 1977 1260 2183 1300; x_wconf 82' lang='lat' dir='ltr'><strong>significans.</strong></span> <span class='ocrx_word' id='word_1_802' title='bbox 2211 1257 2234 1304; x_wconf 85' lang='grc' dir='ltr'>ἠ</span> 
     </span>
     <span class='ocr_line' id='line_1_96' title="bbox 1220 1303 2237 1353; baseline 0 -14"><span class='ocrx_word' id='word_1_803' title='bbox 1220 1317 1286 1339; x_wconf 92' lang='grc' dir='ltr'><strong>που</strong></span> <span class='ocrx_word' id='word_1_804' title='bbox 1318 1304 1393 1352; x_wconf 74' lang='grc' dir='ltr'>τῇδ’</span> <span class='ocrx_word' id='word_1_805' title='bbox 1418 1303 1442 1351; x_wconf 84' lang='grc' dir='ltr'>ἢ</span> <span class='ocrx_word' id='word_1_806' title='bbox 1475 1304 1558 1353; x_wconf 76' lang='grc' dir='ltr'>τῇδε</span> <span class='ocrx_word' id='word_1_807' title='bbox 1581 1305 1697 1341; x_wconf 88' lang='grc' dir='ltr'>τόπων</span> <span class='ocrx_word' id='word_1_808' title='bbox 1722 1308 1783 1339; x_wconf 88' lang='lat' dir='ltr'><strong>Ph.</strong></span> <span class='ocrx_word' id='word_1_809' title='bbox 1809 1305 1879 1340; x_wconf 88' lang='grc'><strong>204</strong></span> <span class='ocrx_word' id='word_1_810' title='bbox 1896 1307 1949 1340; x_wconf 85' lang='lat' dir='ltr'><strong>ch.</strong></span> <span class='ocrx_word' id='word_1_811' title='bbox 1976 1309 2019 1340; x_wconf 83' lang='lat' dir='ltr'><strong>cf.</strong></span> <span class='ocrx_word' id='word_1_812' title='bbox 2040 1308 2166 1339; x_wconf 86' lang='lat' dir='ltr'><strong>Iacobs.</strong></span> <span class='ocrx_word' id='word_1_813' title='bbox 2195 1307 2237 1338; x_wconf 85' lang='lat' dir='ltr'><strong>ad</strong></span> 
     </span>
     <span class='ocr_line' id='line_1_97' title="bbox 1220 1351 2232 1409; baseline 0.003 -24"><span class='ocrx_word' id='word_1_814' title='bbox 1220 1354 1379 1386; x_wconf 85' lang='lat' dir='ltr'><strong>Philostr.</strong></span> <span class='ocrx_word' id='word_1_815' title='bbox 1399 1355 1525 1394; x_wconf 82' lang='lat' dir='ltr'><strong>Imagg.</strong></span> <span class='ocrx_word' id='word_1_816' title='bbox 1543 1365 1576 1396; x_wconf 90' lang='lat' dir='ltr'><strong>p.</strong></span> <span class='ocrx_word' id='word_1_817' title='bbox 1591 1351 1671 1387; x_wconf 88' lang='grc'>549.</span> <span class='ocrx_word' id='word_1_818' title='bbox 1693 1353 1740 1392; x_wconf 82' lang='grc' dir='ltr'><strong>ὡς</strong></span> <span class='ocrx_word' id='word_1_819' title='bbox 1758 1351 1798 1388; x_wconf 86' lang='grc' dir='ltr'><strong>ἂν</strong></span> <span class='ocrx_word' id='word_1_820' title='bbox 1814 1352 1915 1399; x_wconf 82' lang='grc' dir='ltr'>ἥλιος</span> <span class='ocrx_word' id='word_1_821' title='bbox 1930 1352 2039 1400; x_wconf 80' lang='grc' dir='ltr'>ταύτῃ</span> <span class='ocrx_word' id='word_1_822' title='bbox 2057 1352 2119 1400; x_wconf 88' lang='grc' dir='ltr'><strong>μὲν</strong></span> <span class='ocrx_word' id='word_1_823' title='bbox 2137 1351 2232 1409; x_wconf 63' lang='grc' dir='ltr'>αἴρῃ,</span> 
     </span>
    </p>

    <p class='ocr_par' dir='ltr' id='par_1_12' title="bbox 1218 1394 2239 2674">
     <span class='ocr_line' id='line_1_98' title="bbox 1247 1394 2234 1448; baseline 0.001 -15"><span class='ocrx_word' id='word_1_824' title='bbox 1247 1399 1302 1446; x_wconf 45' lang='grc' dir='ltr'><strong>ἴδε</strong></span> <span class='ocrx_word' id='word_1_825' title='bbox 1320 1394 1348 1433; x_wconf 81' lang='grc' dir='ltr'><strong>δ’</strong></span> <span class='ocrx_word' id='word_1_826' title='bbox 1366 1398 1408 1434; x_wconf 81' lang='grc' dir='ltr'><strong>αὖ</strong></span> <span class='ocrx_word' id='word_1_827' title='bbox 1427 1398 1510 1447; x_wconf 77' lang='grc' dir='ltr'>δύνῃ</span> <span class='ocrx_word' id='word_1_828' title='bbox 1529 1399 1632 1434; x_wconf 89' lang='grc' dir='ltr'>πάλιν</span> <span class='ocrx_word' id='word_1_829' title='bbox 1649 1399 1749 1434; x_wconf 87' lang='lat'>1331.</span> <span class='ocrx_word' id='word_1_830' title='bbox 1779 1401 1858 1435; x_wconf 78' lang='grc' dir='ltr'>ὥστ’</span> <span class='ocrx_word' id='word_1_831' title='bbox 1875 1399 1954 1448; x_wconf 77' lang='grc' dir='ltr'>οὐχὶ</span> <span class='ocrx_word' id='word_1_832' title='bbox 1971 1399 2131 1446; x_wconf 83' lang='grc' dir='ltr'>μαντείας</span> <span class='ocrx_word' id='word_1_833' title='bbox 2146 1395 2172 1448; x_wconf 90' lang='grc' dir='ltr'>γ’</span> <span class='ocrx_word' id='word_1_834' title='bbox 2192 1412 2234 1435; x_wconf 88' lang='grc' dir='ltr'><strong>αν</strong></span> 
     </span>
     <span class='ocr_line' id='line_1_99' title="bbox 1222 1442 2235 1494; baseline 0 -13"><span class='ocrx_word' id='word_1_835' title='bbox 1222 1460 1300 1482; x_wconf 87' lang='grc' dir='ltr'>ουτε</span> <span class='ocrx_word' id='word_1_836' title='bbox 1312 1442 1383 1492; x_wconf 84' lang='grc' dir='ltr'>τῇδ’</span> <span class='ocrx_word' id='word_1_837' title='bbox 1402 1447 1470 1493; x_wconf 81' lang='grc' dir='ltr'>ἐγὼ</span> <span class='ocrx_word' id='word_1_838' title='bbox 1488 1443 1651 1494; x_wconf 73' lang='grc' dir='ltr'>βλέψαιμ’</span> <span class='ocrx_word' id='word_1_839' title='bbox 1667 1446 1708 1482; x_wconf 84' lang='grc' dir='ltr'><strong>ἂν</strong></span> <span class='ocrx_word' id='word_1_840' title='bbox 1727 1443 1838 1482; x_wconf 81' lang='grc' dir='ltr'>οὕνεκ’</span> <span class='ocrx_word' id='word_1_841' title='bbox 1854 1446 1932 1482; x_wconf 75' lang='grc' dir='ltr'>οὔτε</span> <span class='ocrx_word' id='word_1_842' title='bbox 1975 1446 2020 1481; x_wconf 69' lang='grc' dir='ltr'><strong>’δ’</strong></span> <span class='ocrx_word' id='word_1_843' title='bbox 2038 1445 2078 1482; x_wconf 82' lang='grc' dir='ltr'><strong>ἂν</strong></span> <span class='ocrx_word' id='word_1_844' title='bbox 2096 1445 2235 1494; x_wconf 85' lang='grc' dir='ltr'>ὕστερον</span> 
     </span>
     <span class='ocr_line' id='line_1_100' title="bbox 1221 1492 2231 1543; baseline 0 -14"><span class='ocrx_word' id='word_1_845' title='bbox 1221 1497 1278 1529; x_wconf 79' lang='grc' dir='ltr'>0Ιί</span> <span class='ocrx_word' id='word_1_846' title='bbox 1295 1493 1375 1528; x_wconf 91' lang='lat'>857.</span> <span class='ocrx_word' id='word_1_847' title='bbox 1403 1496 1460 1529; x_wconf 88' lang='grc' dir='ltr'><strong>τὸν</strong></span> <span class='ocrx_word' id='word_1_848' title='bbox 1479 1493 1587 1542; x_wconf 82' lang='grc' dir='ltr'>ἄνδρα</span> <span class='ocrx_word' id='word_1_849' title='bbox 1601 1494 1688 1529; x_wconf 78' lang='grc' dir='ltr'>τόνδ’</span> <span class='ocrx_word' id='word_1_850' title='bbox 1708 1494 1767 1529; x_wconf 80' lang='grc' dir='ltr'><strong>οὖν</strong></span> <span class='ocrx_word' id='word_1_851' title='bbox 1785 1492 1888 1530; x_wconf 80' lang='grc' dir='ltr'>οἶσθα</span> <span class='ocrx_word' id='word_1_852' title='bbox 1903 1493 1989 1543; x_wconf 75' lang='grc' dir='ltr'>τῇδε</span> <span class='ocrx_word' id='word_1_853' title='bbox 2004 1507 2071 1530; x_wconf 86' lang='grc' dir='ltr'><strong>που</strong></span> <span class='ocrx_word' id='word_1_854' title='bbox 2089 1493 2231 1540; x_wconf 74' lang='grc' dir='ltr'>μαθώνς</span> 
     </span>
     <span class='ocr_line' id='line_1_101' title="bbox 1223 1537 2234 1594; baseline 0.003 -20"><span class='ocrx_word' id='word_1_855' title='bbox 1223 1540 1325 1575; x_wconf 87' lang='grc'>1128.</span> <span class='ocrx_word' id='word_1_856' title='bbox 1353 1541 1442 1588; x_wconf 77' lang='grc' dir='ltr'>τῆδ’,</span> <span class='ocrx_word' id='word_1_857' title='bbox 1472 1542 1551 1582; x_wconf 85' lang='grc' dir='ltr'>ὦδε,</span> <span class='ocrx_word' id='word_1_858' title='bbox 1577 1542 1662 1586; x_wconf 84' lang='grc' dir='ltr'>τῇδε</span> <span class='ocrx_word' id='word_1_859' title='bbox 1689 1541 1791 1588; x_wconf 83' lang='grc' dir='ltr'>βᾶτε·</span> <span class='ocrx_word' id='word_1_860' title='bbox 1816 1541 1899 1589; x_wconf 79' lang='grc' dir='ltr'>τῇδε</span> <span class='ocrx_word' id='word_1_861' title='bbox 1916 1541 1981 1594; x_wconf 89' lang='grc' dir='ltr'><strong>γάρ</strong></span> <span class='ocrx_word' id='word_1_862' title='bbox 2006 1537 2041 1587; x_wconf 86' lang='grc' dir='ltr'>μ’</span> <span class='ocrx_word' id='word_1_863' title='bbox 2057 1539 2234 1589; x_wconf 82' lang='grc' dir='ltr'>ἅγειἙρ-</span> 
     </span>
     <span class='ocr_line' id='line_1_102' title="bbox 1221 1574 2236 1637; baseline 0.003 -16"><span class='ocrx_word' id='word_1_864' title='bbox 1221 1593 1291 1636; x_wconf 86' lang='grc' dir='ltr'>μῆς</span> <span class='ocrx_word' id='word_1_865' title='bbox 1308 1574 1480 1623; x_wconf 84' lang='grc'>001547.</span> <span class='ocrx_word' id='word_1_866' title='bbox 1507 1588 1591 1635; x_wconf 81' lang='grc' dir='ltr'><strong>τᾷδέ</strong></span> <span class='ocrx_word' id='word_1_867' title='bbox 1610 1601 1671 1634; x_wconf 81' lang='grc' dir='ltr'><strong>με,</strong></span> <span class='ocrx_word' id='word_1_868' title='bbox 1703 1588 1787 1636; x_wconf 82' lang='grc' dir='ltr'>τᾷδέ</span> <span class='ocrx_word' id='word_1_869' title='bbox 1813 1602 1856 1634; x_wconf 90' lang='grc' dir='ltr'><strong>με</strong></span> <span class='ocrx_word' id='word_1_870' title='bbox 1873 1588 2045 1636; x_wconf 80' lang='grc' dir='ltr'>πρόσλαβε</span> <span class='ocrx_word' id='word_1_871' title='bbox 2068 1588 2236 1637; x_wconf 82' lang='grc' dir='ltr'>κουφίσας</span> 
     </span>
     <span class='ocr_line' id='line_1_103' title="bbox 1221 1633 2230 1684; baseline 0.003 -16"><span class='ocrx_word' id='word_1_872' title='bbox 1221 1639 1277 1669; x_wconf 87' lang='lat' dir='ltr'><strong>Tr.</strong></span> <span class='ocrx_word' id='word_1_873' title='bbox 1301 1634 1389 1669; x_wconf 88' lang='lat'>1025</span> <span class='ocrx_word' id='word_1_874' title='bbox 1407 1648 1452 1669; x_wconf 92' lang='lat' dir='ltr'><strong>m.</strong></span> <span class='ocrx_word' id='word_1_875' title='bbox 1480 1635 1643 1683; x_wconf 80' lang='grc' dir='ltr'>πηλαμὺς</span> <span class='ocrx_word' id='word_1_876' title='bbox 1666 1635 1776 1683; x_wconf 86' lang='grc' dir='ltr'>ὡραία</span> <span class='ocrx_word' id='word_1_877' title='bbox 1800 1635 1843 1671; x_wconf 79' lang='grc' dir='ltr'><strong>θέ</strong></span> <span class='ocrx_word' id='word_1_878' title='bbox 1866 1648 1925 1675; x_wconf 84' lang='grc' dir='ltr'><strong>ους</strong></span> <span class='ocrx_word' id='word_1_879' title='bbox 1947 1635 2001 1683; x_wconf 84' lang='grc' dir='ltr'><strong>τῷ</strong></span> <span class='ocrx_word' id='word_1_880' title='bbox 2020 1633 2230 1684; x_wconf 79' lang='grc' dir='ltr'>Βοσπορίτῃ,</span> 
     </span>
     <span class='ocr_line' id='line_1_104' title="bbox 1218 1681 2235 1731; baseline -0.001 -14"><span class='ocrx_word' id='word_1_881' title='bbox 1218 1683 1300 1731; x_wconf 79' lang='grc' dir='ltr'>τῇδε</span> <span class='ocrx_word' id='word_1_882' title='bbox 1322 1681 1386 1730; x_wconf 87' lang='grc' dir='ltr'><strong>γὰρ</strong></span> <span class='ocrx_word' id='word_1_883' title='bbox 1411 1682 1591 1729; x_wconf 76' lang='grc' dir='ltr'>θαμίζεται</span> <span class='ocrx_word' id='word_1_884' title='bbox 1615 1685 1705 1717; x_wconf 86' lang='lat' dir='ltr'><strong>Past.</strong></span> <span class='ocrx_word' id='word_1_885' title='bbox 1733 1686 1775 1717; x_wconf 84' lang='lat' dir='ltr'><strong>fr.</strong></span> <span class='ocrx_word' id='word_1_886' title='bbox 1796 1682 1842 1716; x_wconf 89' lang='lat'><strong>44</strong></span> <span class='ocrx_word' id='word_1_887' title='bbox 1877 1710 1885 1726; x_wconf 92' lang='lat'><strong>,</strong></span> <span class='ocrx_word' id='word_1_888' title='bbox 1915 1682 1956 1727; x_wconf 82' lang='lat'><strong>33</strong></span> <span class='ocrx_word' id='word_1_889' title='bbox 1985 1685 2034 1717; x_wconf 82' lang='lat' dir='ltr'><strong>sie</strong></span> <span class='ocrx_word' id='word_1_890' title='bbox 2056 1685 2148 1716; x_wconf 89' lang='lat' dir='ltr'><strong>enim</strong></span> <span class='ocrx_word' id='word_1_891' title='bbox 2164 1685 2235 1717; x_wconf 88' lang='lat' dir='ltr'><strong>veri</strong></span> 
     </span>
     <span class='ocr_line' id='line_1_105' title="bbox 1220 1729 2232 1773; baseline 0 -9"><span class='ocrx_word' id='word_1_892' title='bbox 1220 1733 1330 1764; x_wconf 88' lang='lat' dir='ltr'><strong>simile</strong></span> <span class='ocrx_word' id='word_1_893' title='bbox 1354 1735 1406 1763; x_wconf 87' lang='lat' dir='ltr'><strong>est</strong></span> <span class='ocrx_word' id='word_1_894' title='bbox 1424 1732 1656 1772; x_wconf 86' lang='lat' dir='ltr'><strong>corrigendum</strong></span> <span class='ocrx_word' id='word_1_895' title='bbox 1673 1742 1748 1764; x_wconf 87' lang='lat' dir='ltr'><strong>esse</strong></span> <span class='ocrx_word' id='word_1_896' title='bbox 1760 1757 1768 1772; x_wconf 93' lang='lat'><strong>,</strong></span> <span class='ocrx_word' id='word_1_897' title='bbox 1796 1742 1872 1764; x_wconf 89' lang='lat' dir='ltr'><strong>cum</strong></span> <span class='ocrx_word' id='word_1_898' title='bbox 1889 1742 1942 1773; x_wconf 87' lang='lat' dir='ltr'><strong>ap.</strong></span> <span class='ocrx_word' id='word_1_899' title='bbox 1964 1732 2181 1764; x_wconf 82' lang='lat' dir='ltr'><strong>Athenaeum</strong></span> <span class='ocrx_word' id='word_1_900' title='bbox 2197 1729 2232 1764; x_wconf 87' lang='lat'><strong>7.</strong></span> 
     </span>
     <span class='ocr_line' id='line_1_106' title="bbox 1220 1775 2234 1824; baseline 0.002 -14"><span class='ocrx_word' id='word_1_901' title='bbox 1220 1789 1253 1820; x_wconf 90' lang='lat' dir='ltr'><strong>p.</strong></span> <span class='ocrx_word' id='word_1_902' title='bbox 1275 1775 1343 1811; x_wconf 89' lang='grc'>319</span> <span class='ocrx_word' id='word_1_903' title='bbox 1356 1780 1377 1810; x_wconf 90' lang='lat' dir='ltr'>b</span> <span class='ocrx_word' id='word_1_904' title='bbox 1394 1779 1525 1819; x_wconf 89' lang='lat' dir='ltr'><strong>legatur</strong></span> <span class='ocrx_word' id='word_1_905' title='bbox 1541 1777 1644 1824; x_wconf 85' lang='grc' dir='ltr'>τῷδε.</span> <span class='ocrx_word' id='word_1_906' title='bbox 1668 1797 1708 1803; x_wconf 90' lang='grc'>-</span> <span class='ocrx_word' id='word_1_907' title='bbox 1729 1780 1804 1819; x_wconf 89' lang='lat' dir='ltr'><strong>His,</strong></span> <span class='ocrx_word' id='word_1_908' title='bbox 1825 1789 1911 1820; x_wconf 87' lang='lat' dir='ltr'><strong>quae</strong></span> <span class='ocrx_word' id='word_1_909' title='bbox 1925 1780 2059 1820; x_wconf 78' lang='lat' dir='ltr'><strong>proprie</strong></span> <span class='ocrx_word' id='word_1_910' title='bbox 2075 1779 2158 1811; x_wconf 85' lang='lat' dir='ltr'><strong>dicti</strong></span> <span class='ocrx_word' id='word_1_911' title='bbox 2173 1779 2234 1812; x_wconf 74' lang='lat' dir='ltr'><strong>ad-</strong></span> 
     </span>
     <span class='ocr_line' id='line_1_107' title="bbox 1219 1827 2234 1867; baseline 0.002 -10"><span class='ocrx_word' id='word_1_912' title='bbox 1219 1827 1327 1858; x_wconf 88' lang='lat' dir='ltr'><strong>verbii</strong></span> <span class='ocrx_word' id='word_1_913' title='bbox 1351 1827 1507 1867; x_wconf 84' lang='lat' dir='ltr'><strong>exempla</strong></span> <span class='ocrx_word' id='word_1_914' title='bbox 1531 1830 1627 1867; x_wconf 91' lang='lat' dir='ltr'><strong>sunt,</strong></span> <span class='ocrx_word' id='word_1_915' title='bbox 1665 1827 1881 1867; x_wconf 86' lang='lat' dir='ltr'><strong>adiungimus</strong></span> <span class='ocrx_word' id='word_1_916' title='bbox 1906 1827 2094 1858; x_wconf 68' lang='lat' dir='ltr'><strong>tralationis</strong></span> <span class='ocrx_word' id='word_1_917' title='bbox 2125 1835 2234 1866; x_wconf 82' lang='lat' dir='ltr'><strong>genus</strong></span> 
     </span>
     <span class='ocr_line' id='line_1_108' title="bbox 1219 1873 2230 1915; baseline 0 -10"><span class='ocrx_word' id='word_1_918' title='bbox 1219 1873 1386 1915; x_wconf 87' lang='lat' dir='ltr'><strong>quoddam</strong></span> <span class='ocrx_word' id='word_1_919' title='bbox 1408 1875 1634 1906; x_wconf 85' lang='lat' dir='ltr'><strong>ostendentia.</strong></span> <span class='ocrx_word' id='word_1_920' title='bbox 1663 1874 1708 1906; x_wconf 86' lang='lat' dir='ltr'><strong>Et</strong></span> <span class='ocrx_word' id='word_1_921' title='bbox 1732 1874 1772 1905; x_wconf 90' lang='lat' dir='ltr'><strong>ad</strong></span> <span class='ocrx_word' id='word_1_922' title='bbox 1795 1877 1922 1914; x_wconf 78' lang='lat' dir='ltr'><strong>tempus</strong></span> <span class='ocrx_word' id='word_1_923' title='bbox 1937 1874 2077 1915; x_wconf 84' lang='lat' dir='ltr'><strong>quidem</strong></span> <span class='ocrx_word' id='word_1_924' title='bbox 2093 1874 2230 1914; x_wconf 84' lang='lat' dir='ltr'><strong>referas,</strong></span> 
     </span>
     <span class='ocr_line' id='line_1_109' title="bbox 1220 1917 2234 1966; baseline 0.001 -13"><span class='ocrx_word' id='word_1_925' title='bbox 1220 1924 1254 1953; x_wconf 87' lang='lat' dir='ltr'><strong>et</strong></span> <span class='ocrx_word' id='word_1_926' title='bbox 1270 1930 1395 1961; x_wconf 88' lang='lat' dir='ltr'><strong>rerum,</strong></span> <span class='ocrx_word' id='word_1_927' title='bbox 1416 1922 1525 1961; x_wconf 85' lang='lat' dir='ltr'><strong>qualis</strong></span> <span class='ocrx_word' id='word_1_928' title='bbox 1543 1930 1636 1953; x_wconf 91' lang='lat' dir='ltr'><strong>nunc</strong></span> <span class='ocrx_word' id='word_1_929' title='bbox 1651 1924 1715 1960; x_wconf 81' lang='lat' dir='ltr'><strong>est,</strong></span> <span class='ocrx_word' id='word_1_930' title='bbox 1737 1923 1880 1953; x_wconf 89' lang='lat' dir='ltr'><strong>statum:</strong></span> <span class='ocrx_word' id='word_1_931' title='bbox 1911 1918 1976 1954; x_wconf 81' lang='grc' dir='ltr'><strong>οὐκ</strong></span> <span class='ocrx_word' id='word_1_932' title='bbox 1999 1917 2040 1954; x_wconf 83' lang='grc' dir='ltr'><strong>ἂν</strong></span> <span class='ocrx_word' id='word_1_933' title='bbox 2055 1917 2129 1954; x_wconf 85' lang='grc' dir='ltr'>τάδ’</span> <span class='ocrx_word' id='word_1_934' title='bbox 2153 1918 2234 1966; x_wconf 82' lang='grc' dir='ltr'>ἔστη</span> 
     </span>
     <span class='ocr_line' id='line_1_110' title="bbox 1218 1964 2237 2014; baseline -0.001 -13"><span class='ocrx_word' id='word_1_935' title='bbox 1218 1966 1302 2014; x_wconf 77' lang='grc' dir='ltr'>τῇδε</span> <span class='ocrx_word' id='word_1_936' title='bbox 1321 1965 1370 2011; x_wconf 79' lang='grc' dir='ltr'>μὴ</span> <span class='ocrx_word' id='word_1_937' title='bbox 1397 1965 1487 2001; x_wconf 80' lang='grc' dir='ltr'>θεῶν</span> <span class='ocrx_word' id='word_1_938' title='bbox 1517 1966 1603 2012; x_wconf 83' lang='grc' dir='ltr'>μέτα</span> <span class='ocrx_word' id='word_1_939' title='bbox 1619 1968 1675 2000; x_wconf 90' lang='lat' dir='ltr'><strong>Ai.</strong></span> <span class='ocrx_word' id='word_1_940' title='bbox 1695 1964 1775 2000; x_wconf 81' lang='lat'>950.</span> <span class='ocrx_word' id='word_1_941' title='bbox 1804 1967 1858 1999; x_wconf 88' lang='lat' dir='ltr'><strong>Ad</strong></span> <span class='ocrx_word' id='word_1_942' title='bbox 1872 1968 2045 2000; x_wconf 84' lang='lat' dir='ltr'><strong>relativam</strong></span> <span class='ocrx_word' id='word_1_943' title='bbox 2060 1971 2174 2000; x_wconf 87' lang='lat' dir='ltr'><strong>autem</strong></span> <span class='ocrx_word' id='word_1_944' title='bbox 2191 1968 2237 2000; x_wconf 83' lang='lat' dir='ltr'><strong>si-</strong></span> 
     </span>
     <span class='ocr_line' id='line_1_111' title="bbox 1219 2015 2236 2057; baseline 0.001 -11"><span class='ocrx_word' id='word_1_945' title='bbox 1219 2015 1486 2056; x_wconf 84' lang='lat' dir='ltr'><strong>gnificationem,</strong></span> <span class='ocrx_word' id='word_1_946' title='bbox 1522 2025 1592 2047; x_wconf 89' lang='lat' dir='ltr'><strong>rem</strong></span> <span class='ocrx_word' id='word_1_947' title='bbox 1617 2016 1717 2046; x_wconf 89' lang='lat' dir='ltr'><strong>talem</strong></span> <span class='ocrx_word' id='word_1_948' title='bbox 1743 2024 1837 2055; x_wconf 87' lang='lat' dir='ltr'><strong>esse,</strong></span> <span class='ocrx_word' id='word_1_949' title='bbox 1868 2016 2002 2056; x_wconf 90' lang='lat' dir='ltr'><strong>qualem</strong></span> <span class='ocrx_word' id='word_1_950' title='bbox 2034 2015 2110 2056; x_wconf 89' lang='lat' dir='ltr'><strong>quis</strong></span> <span class='ocrx_word' id='word_1_951' title='bbox 2135 2015 2236 2057; x_wconf 87' lang='lat' dir='ltr'><strong>paulo</strong></span> 
     </span>
     <span class='ocr_line' id='line_1_112' title="bbox 1218 2058 2231 2108; baseline -0.001 -13"><span class='ocrx_word' id='word_1_952' title='bbox 1218 2066 1296 2095; x_wconf 88' lang='lat' dir='ltr'><strong>ante</strong></span> <span class='ocrx_word' id='word_1_953' title='bbox 1314 2063 1561 2103; x_wconf 87' lang='lat' dir='ltr'><strong>memoraverit,</strong></span> <span class='ocrx_word' id='word_1_954' title='bbox 1583 2063 1659 2094; x_wconf 86' lang='lat' dir='ltr'><strong>illa:</strong></span> <span class='ocrx_word' id='word_1_955' title='bbox 1688 2059 1812 2107; x_wconf 88' lang='grc' dir='ltr'>δίδωμί</span> <span class='ocrx_word' id='word_1_956' title='bbox 1831 2072 1882 2095; x_wconf 89' lang='grc' dir='ltr'><strong>σοι</strong></span> <span class='ocrx_word' id='word_1_957' title='bbox 1898 2059 2052 2108; x_wconf 83' lang='grc' dir='ltr'>κρίναντι</span> <span class='ocrx_word' id='word_1_958' title='bbox 2066 2058 2231 2108; x_wconf 78' lang='grc' dir='ltr'>χρῆσθαι.</span> 
     </span>
     <span class='ocr_line' id='line_1_113' title="bbox 1219 2103 2236 2156; baseline -0.001 -14"><span class='ocrx_word' id='word_1_959' title='bbox 1219 2107 1328 2156; x_wconf 75' lang='grc' dir='ltr'>*τῇδε</span> <span class='ocrx_word' id='word_1_960' title='bbox 1344 2107 1409 2154; x_wconf 82' lang='grc' dir='ltr'><strong>γὰρ</strong></span> <span class='ocrx_word' id='word_1_961' title='bbox 1428 2106 1623 2154; x_wconf 84' lang='grc' dir='ltr'>ξυνοίσομαι</span> <span class='ocrx_word' id='word_1_962' title='bbox 1640 2108 1695 2141; x_wconf 90' lang='lat' dir='ltr'><strong>OC</strong></span> <span class='ocrx_word' id='word_1_963' title='bbox 1707 2105 1772 2141; x_wconf 87' lang='lat'>641</span> <span class='ocrx_word' id='word_1_964' title='bbox 1792 2106 1887 2153; x_wconf 87' lang='lat' dir='ltr'><strong>[secl.</strong></span> <span class='ocrx_word' id='word_1_965' title='bbox 1900 2110 2030 2141; x_wconf 83' lang='lat' dir='ltr'><strong>Nauck.</strong></span> <span class='ocrx_word' id='word_1_966' title='bbox 2055 2133 2061 2140; x_wconf 96' lang='lat'><strong>.</strong></span> <span class='ocrx_word' id='word_1_967' title='bbox 2082 2110 2191 2142; x_wconf 79' lang='grc' dir='ltr'>ταῦτα</span> <span class='ocrx_word' id='word_1_968' title='bbox 2207 2103 2236 2141; x_wconf 84' lang='grc' dir='ltr'><strong>δ’</strong></span> 
     </span>
     <span class='ocr_line' id='line_1_114' title="bbox 1218 2152 2235 2204; baseline -0.001 -14"><span class='ocrx_word' id='word_1_969' title='bbox 1218 2155 1255 2190; x_wconf 85' lang='grc' dir='ltr'><strong>ἐν</strong></span> <span class='ocrx_word' id='word_1_970' title='bbox 1279 2154 1332 2201; x_wconf 78' lang='grc' dir='ltr'><strong>τῷ</strong></span> <span class='ocrx_word' id='word_1_971' title='bbox 1349 2155 1504 2201; x_wconf 84' lang='grc' dir='ltr'>δαίμονι,</span> <span class='ocrx_word' id='word_1_972' title='bbox 1531 2154 1590 2190; x_wconf 89' lang='grc' dir='ltr'><strong>καὶ</strong></span> <span class='ocrx_word' id='word_1_973' title='bbox 1612 2153 1697 2204; x_wconf 76' lang='grc' dir='ltr'>τῇδε</span> <span class='ocrx_word' id='word_1_974' title='bbox 1715 2157 1817 2202; x_wconf 75' lang='grc' dir='ltr'>φῦναι</span> <span class='ocrx_word' id='word_1_975' title='bbox 1839 2153 1973 2202; x_wconf 80' lang='grc' dir='ltr'>χάτέρᾳ</span> <span class='ocrx_word' id='word_1_976' title='bbox 1999 2152 2015 2187; x_wconf 93' lang='grc'><strong>1</strong></span> <span class='ocrx_word' id='word_1_977' title='bbox 2067 2152 2100 2188; x_wconf 82' lang='grc'><strong>4.</strong></span> <span class='ocrx_word' id='word_1_978' title='bbox 2126 2155 2180 2203; x_wconf 73' lang='grc' dir='ltr'><strong>τῇ</strong></span> <span class='ocrx_word' id='word_1_979' title='bbox 2191 2153 2235 2189; x_wconf 89' lang='grc' dir='ltr'><strong>δε</strong></span> 
     </span>
     <span class='ocr_line' id='line_1_115' title="bbox 1219 2199 2235 2245; baseline 0.001 -10"><span class='ocrx_word' id='word_1_980' title='bbox 1219 2205 1260 2235; x_wconf 88' lang='lat' dir='ltr'><strong>ad</strong></span> <span class='ocrx_word' id='word_1_981' title='bbox 1276 2204 1322 2243; x_wconf 90' lang='lat' dir='ltr'><strong>id,</strong></span> <span class='ocrx_word' id='word_1_982' title='bbox 1352 2204 1440 2245; x_wconf 92' lang='lat' dir='ltr'><strong>quod</strong></span> <span class='ocrx_word' id='word_1_983' title='bbox 1458 2207 1643 2244; x_wconf 86' lang='lat' dir='ltr'><strong>conquesta</strong></span> <span class='ocrx_word' id='word_1_984' title='bbox 1659 2207 1730 2235; x_wconf 88' lang='lat' dir='ltr'><strong>erat</strong></span> <span class='ocrx_word' id='word_1_985' title='bbox 1747 2204 1916 2243; x_wconf 86' lang='lat' dir='ltr'><strong>Antigona</strong></span> <span class='ocrx_word' id='word_1_986' title='bbox 1931 2204 2088 2242; x_wconf 83' lang='lat' dir='ltr'><strong>refertur,</strong></span> <span class='ocrx_word' id='word_1_987' title='bbox 2109 2199 2235 2236; x_wconf 86' lang='grc' dir='ltr'>δυστά-</span> 
     </span>
     <span class='ocr_line' id='line_1_116' title="bbox 1218 2243 2235 2296; baseline 0 -13"><span class='ocrx_word' id='word_1_988' title='bbox 1218 2248 1319 2284; x_wconf 87' lang='grc' dir='ltr'>λαινα</span> <span class='ocrx_word' id='word_1_989' title='bbox 1345 2249 1434 2295; x_wconf 80' lang='grc' dir='ltr'>ἐγώ,</span> <span class='ocrx_word' id='word_1_990' title='bbox 1462 2249 1492 2283; x_wconf 81' lang='grc' dir='ltr'><strong>εἰ</strong></span> <span class='ocrx_word' id='word_1_991' title='bbox 1517 2252 1577 2283; x_wconf 82' lang='grc' dir='ltr'><strong>σοῦ</strong></span> <span class='ocrx_word' id='word_1_992' title='bbox 1600 2248 1768 2296; x_wconf 79' lang='grc' dir='ltr'>στερηθῶ.</span> <span class='ocrx_word' id='word_1_993' title='bbox 1806 2249 1853 2287; x_wconf 82' lang='grc' dir='ltr'><strong>ὡς</strong></span> <span class='ocrx_word' id='word_1_994' title='bbox 1880 2243 1908 2283; x_wconf 85' lang='grc' dir='ltr'><strong>δ’</strong></span> <span class='ocrx_word' id='word_1_995' title='bbox 1933 2247 2014 2283; x_wconf 80' lang='grc' dir='ltr'>οἶδα</span> <span class='ocrx_word' id='word_1_996' title='bbox 2035 2251 2143 2283; x_wconf 81' lang='grc' dir='ltr'>ταῦτα</span> <span class='ocrx_word' id='word_1_997' title='bbox 2188 2247 2235 2283; x_wconf 69' lang='grc' dir='ltr'><strong>’δ’</strong></span> 
     </span>
     <span class='ocr_line' id='line_1_117' title="bbox 1221 2292 2235 2344; baseline -0.001 -14"><span class='ocrx_word' id='word_1_998' title='bbox 1221 2294 1344 2344; x_wconf 81' lang='grc' dir='ltr'>ἔχοντ’,</span> <span class='ocrx_word' id='word_1_999' title='bbox 1367 2298 1435 2343; x_wconf 85' lang='grc' dir='ltr'>ἐγὼ</span> <span class='ocrx_word' id='word_1_1000' title='bbox 1454 2296 1574 2342; x_wconf 85' lang='grc' dir='ltr'>φράσω</span> <span class='ocrx_word' id='word_1_1001' title='bbox 1592 2298 1652 2329; x_wconf 90' lang='lat' dir='ltr'><strong>Ph.</strong></span> <span class='ocrx_word' id='word_1_1002' title='bbox 1673 2294 1775 2330; x_wconf 87' lang='grc'>1336.</span> <span class='ocrx_word' id='word_1_1003' title='bbox 1802 2294 1853 2334; x_wconf 84' lang='grc' dir='ltr'><strong>τίς</strong></span> <span class='ocrx_word' id='word_1_1004' title='bbox 1869 2294 1934 2343; x_wconf 85' lang='grc' dir='ltr'><strong>γάρ</strong></span> <span class='ocrx_word' id='word_1_1005' title='bbox 1953 2292 1980 2328; x_wconf 81' lang='grc' dir='ltr'><strong>σ’</strong></span> <span class='ocrx_word' id='word_1_1006' title='bbox 2000 2294 2134 2342; x_wconf 85' lang='grc' dir='ltr'>ἀνάγκη</span> <span class='ocrx_word' id='word_1_1007' title='bbox 2151 2299 2196 2344; x_wconf 75' lang='grc' dir='ltr'><strong>τῇ</strong></span> <span class='ocrx_word' id='word_1_1008' title='bbox 2218 2307 2235 2329; x_wconf 89' lang='grc' dir='ltr'><strong>ε</strong></span> 
     </span>
     <span class='ocr_line' id='line_1_118' title="bbox 1219 2341 2232 2391; baseline -0.001 -14"><span class='ocrx_word' id='word_1_1009' title='bbox 1219 2342 1424 2391; x_wconf 82' lang='grc' dir='ltr'>προστρέπει</span> <span class='ocrx_word' id='word_1_1010' title='bbox 1451 2343 1601 2390; x_wconf 74' lang='grc' dir='ltr'>βροτῶνς</span> <span class='ocrx_word' id='word_1_1011' title='bbox 1632 2345 1686 2376; x_wconf 89' lang='grc' dir='ltr'><strong>ΕΙ.</strong></span> <span class='ocrx_word' id='word_1_1012' title='bbox 1709 2341 1810 2376; x_wconf 87' lang='grc'>1193.</span> <span class='ocrx_word' id='word_1_1013' title='bbox 1841 2341 1935 2381; x_wconf 81' lang='grc' dir='ltr'>ὅπως</span> <span class='ocrx_word' id='word_1_1014' title='bbox 1959 2341 2018 2377; x_wconf 87' lang='grc' dir='ltr'><strong>καὶ</strong></span> <span class='ocrx_word' id='word_1_1015' title='bbox 2042 2342 2095 2377; x_wconf 87' lang='grc' dir='ltr'><strong>σοὶ</strong></span> <span class='ocrx_word' id='word_1_1016' title='bbox 2120 2341 2232 2389; x_wconf 88' lang='grc' dir='ltr'>φίλον,</span> 
     </span>
     <span class='ocr_line' id='line_1_119' title="bbox 1219 2387 2235 2439; baseline 0 -15"><span class='ocrx_word' id='word_1_1017' title='bbox 1219 2390 1279 2425; x_wconf 88' lang='grc' dir='ltr'><strong>καὶ</strong></span> <span class='ocrx_word' id='word_1_1018' title='bbox 1300 2389 1427 2437; x_wconf 79' lang='grc' dir='ltr'>τούμὸν</span> <span class='ocrx_word' id='word_1_1019' title='bbox 1456 2390 1550 2425; x_wconf 82' lang='grc' dir='ltr'>ἔσται</span> <span class='ocrx_word' id='word_1_1020' title='bbox 1572 2389 1656 2439; x_wconf 71' lang='grc' dir='ltr'>τῇδε</span> <span class='ocrx_word' id='word_1_1021' title='bbox 1683 2388 1783 2423; x_wconf 88' lang='grc'>1302.</span> <span class='ocrx_word' id='word_1_1022' title='bbox 1814 2389 1933 2436; x_wconf 83' lang='grc' dir='ltr'>ἐπειδὴ</span> <span class='ocrx_word' id='word_1_1023' title='bbox 1958 2387 2039 2430; x_wconf 82' lang='grc' dir='ltr'>δόξα</span> <span class='ocrx_word' id='word_1_1024' title='bbox 2054 2387 2130 2439; x_wconf 73' lang='grc' dir='ltr'>τῇδ’</span> <span class='ocrx_word' id='word_1_1025' title='bbox 2152 2388 2235 2424; x_wconf 86' lang='grc' dir='ltr'>ἐπε-</span> 
     </span>
     <span class='ocr_line' id='line_1_120' title="bbox 1221 2435 2234 2486; baseline -0.002 -14"><span class='ocrx_word' id='word_1_1026' title='bbox 1221 2437 1354 2484; x_wconf 88' lang='grc' dir='ltr'>στράφη</span> <span class='ocrx_word' id='word_1_1027' title='bbox 1380 2441 1463 2471; x_wconf 89' lang='lat' dir='ltr'><strong>Ant.</strong></span> <span class='ocrx_word' id='word_1_1028' title='bbox 1486 2436 1587 2470; x_wconf 88' lang='lat'>1111.</span> <span class='ocrx_word' id='word_1_1029' title='bbox 1617 2436 1778 2484; x_wconf 84' lang='grc' dir='ltr'>*ἀνάγκῃ</span> <span class='ocrx_word' id='word_1_1030' title='bbox 1803 2435 1888 2486; x_wconf 70' lang='grc' dir='ltr'>τῇδε</span> <span class='ocrx_word' id='word_1_1031' title='bbox 1912 2438 2014 2471; x_wconf 79' lang='grc' dir='ltr'>τοῦτο</span> <span class='ocrx_word' id='word_1_1032' title='bbox 2041 2435 2234 2484; x_wconf 76' lang='grc' dir='ltr'>συντρέχειν</span> 
     </span>
     <span class='ocr_line' id='line_1_121' title="bbox 1222 2483 2235 2530; baseline -0.002 -12"><span class='ocrx_word' id='word_1_1033' title='bbox 1222 2487 1277 2518; x_wconf 87' lang='lat' dir='ltr'><strong>Tr.</strong></span> <span class='ocrx_word' id='word_1_1034' title='bbox 1299 2483 1368 2519; x_wconf 87' lang='lat'><strong>295</strong></span> <span class='ocrx_word' id='word_1_1035' title='bbox 1385 2484 1479 2530; x_wconf 83' lang='lat' dir='ltr'><strong>[secl.</strong></span> <span class='ocrx_word' id='word_1_1036' title='bbox 1494 2483 1652 2529; x_wconf 90' lang='lat' dir='ltr'><strong>Wund.].</strong></span> <span class='ocrx_word' id='word_1_1037' title='bbox 1681 2485 1777 2517; x_wconf 83' lang='lat' dir='ltr'><strong>Falso</strong></span> <span class='ocrx_word' id='word_1_1038' title='bbox 1800 2489 1915 2516; x_wconf 89' lang='lat' dir='ltr'><strong>autem</strong></span> <span class='ocrx_word' id='word_1_1039' title='bbox 1937 2485 1975 2516; x_wconf 89' lang='lat' dir='ltr'><strong>in</strong></span> <span class='ocrx_word' id='word_1_1040' title='bbox 1998 2485 2053 2517; x_wconf 86' lang='lat' dir='ltr'><strong>his</strong></span> <span class='ocrx_word' id='word_1_1041' title='bbox 2070 2485 2235 2526; x_wconf 86' lang='lat' dir='ltr'><strong>exemplis</strong></span> 
     </span>
     <span class='ocr_line' id='line_1_122' title="bbox 1222 2529 2232 2571; baseline -0.002 -6"><span class='ocrx_word' id='word_1_1042' title='bbox 1222 2543 1378 2566; x_wconf 86' lang='lat' dir='ltr'><strong>numeres</strong></span> <span class='ocrx_word' id='word_1_1043' title='bbox 1392 2543 1527 2565; x_wconf 86' lang='lat' dir='ltr'><strong>versum</strong></span> <span class='ocrx_word' id='word_1_1044' title='bbox 1538 2533 1594 2564; x_wconf 90' lang='lat' dir='ltr'><strong>Tr.</strong></span> <span class='ocrx_word' id='word_1_1045' title='bbox 1609 2529 1687 2571; x_wconf 82' lang='grc'>554,</span> <span class='ocrx_word' id='word_1_1046' title='bbox 1702 2533 1919 2564; x_wconf 86' lang='lat' dir='ltr'><strong>distinctione</strong></span> <span class='ocrx_word' id='word_1_1047' title='bbox 1929 2535 2058 2564; x_wconf 85' lang='lat' dir='ltr'><strong>mutata</strong></span> <span class='ocrx_word' id='word_1_1048' title='bbox 2066 2533 2108 2564; x_wconf 82' lang='lat' dir='ltr'><strong>ab</strong></span> <span class='ocrx_word' id='word_1_1049' title='bbox 2116 2531 2232 2564; x_wconf 89' lang='lat' dir='ltr'><strong>Herm.</strong></span> 
     </span>
     <span class='ocr_line' id='line_1_123' title="bbox 1222 2572 2229 2628; baseline 0 -16"><span class='ocrx_word' id='word_1_1050' title='bbox 1222 2584 1395 2612; x_wconf 88' lang='lat' dir='ltr'><strong>sanatum:</strong></span> <span class='ocrx_word' id='word_1_1051' title='bbox 1426 2573 1450 2628; x_wconf 74' lang='grc' dir='ltr'><em>ᾗ</em></span> <span class='ocrx_word' id='word_1_1052' title='bbox 1475 2575 1503 2612; x_wconf 89' lang='grc' dir='ltr'><strong>δ’</strong></span> <span class='ocrx_word' id='word_1_1053' title='bbox 1530 2578 1615 2626; x_wconf 80' lang='grc' dir='ltr'>ἔχω,</span> <span class='ocrx_word' id='word_1_1054' title='bbox 1643 2577 1750 2623; x_wconf 87' lang='grc' dir='ltr'>φίλαι,</span> <span class='ocrx_word' id='word_1_1055' title='bbox 1785 2576 1946 2624; x_wconf 87' lang='grc' dir='ltr'>λυτήριον</span> <span class='ocrx_word' id='word_1_1056' title='bbox 1970 2575 2117 2624; x_wconf 82' lang='grc' dir='ltr'>λύπημα.</span> <span class='ocrx_word' id='word_1_1057' title='bbox 2140 2572 2229 2624; x_wconf 83' lang='grc' dir='ltr'>τῇδ’,</span> 
     </span>
     <span class='ocr_line' id='line_1_124' title="bbox 1223 2618 2239 2674; baseline -0.004 -13"><span class='ocrx_word' id='word_1_1058' title='bbox 1223 2625 1303 2672; x_wconf 78' lang='grc' dir='ltr'>ὑμῖν</span> <span class='ocrx_word' id='word_1_1059' title='bbox 1330 2625 1463 2674; x_wconf 85' lang='grc' dir='ltr'>φράσω.</span> <span class='ocrx_word' id='word_1_1060' title='bbox 1493 2628 1602 2667; x_wconf 84' lang='lat' dir='ltr'><strong>Vulgo</strong></span> <span class='ocrx_word' id='word_1_1061' title='bbox 1626 2631 1704 2658; x_wconf 84' lang='lat' dir='ltr'><strong>ante</strong></span> <span class='ocrx_word' id='word_1_1062' title='bbox 1726 2623 1807 2672; x_wconf 79' lang='grc' dir='ltr'>τῇδε</span> <span class='ocrx_word' id='word_1_1063' title='bbox 1829 2627 2116 2666; x_wconf 77' lang='lat' dir='ltr'><strong>distinguebatur,</strong></span> <span class='ocrx_word' id='word_1_1064' title='bbox 2145 2625 2188 2657; x_wconf 89' lang='lat' dir='ltr'><strong>ad</strong></span> <span class='ocrx_word' id='word_1_1065' title='bbox 2213 2618 2239 2671; x_wconf 73' lang='grc' dir='ltr'><em>ᾗ</em></span> 
     </span>
    </p>

    <p class='ocr_par' dir='ltr' id='par_1_13' title="bbox 1224 2672 2237 2762">
     <span class='ocr_line' id='line_1_125' title="bbox 1224 2672 1928 2715; baseline -0.001 -8"><span class='ocrx_word' id='word_1_1066' title='bbox 1224 2672 1263 2708; x_wconf 89' lang='grc' dir='ltr'><strong>δέ</strong></span> <span class='ocrx_word' id='word_1_1067' title='bbox 1280 2678 1319 2706; x_wconf 92' lang='lat' dir='ltr'><strong>ut</strong></span> <span class='ocrx_word' id='word_1_1068' title='bbox 1336 2674 1551 2706; x_wconf 79' lang='lat' dir='ltr'><strong>referendum</strong></span> <span class='ocrx_word' id='word_1_1069' title='bbox 1569 2677 1661 2706; x_wconf 84' lang='lat' dir='ltr'><strong>esset</strong></span> <span class='ocrx_word' id='word_1_1070' title='bbox 1677 2674 1794 2715; x_wconf 90' lang='lat' dir='ltr'><strong>utique</strong></span> <span class='ocrx_word' id='word_1_1071' title='bbox 1811 2674 1928 2706; x_wconf 89' lang='lat' dir='ltr'><strong>otiose.</strong></span> 
     </span>
     <span class='ocr_line' id='line_1_126' title="bbox 1957 2715 2237 2762; baseline 0.004 -12"><span class='ocrx_word' id='word_1_1072' title='bbox 1957 2717 2008 2762; x_wconf 89' lang='lat'><strong>(11</strong></span> <span class='ocrx_word' id='word_1_1073' title='bbox 2025 2730 2059 2761; x_wconf 88' lang='lat' dir='ltr'><strong>p.</strong></span> <span class='ocrx_word' id='word_1_1074' title='bbox 2080 2715 2160 2759; x_wconf 85' lang='grc'>269,</span> <span class='ocrx_word' id='word_1_1075' title='bbox 2182 2716 2237 2762; x_wconf 86' lang='grc'><strong>8.)</strong></span> 
     </span>
    </p>

    <p class='ocr_par' dir='ltr' id='par_1_14' title="bbox 1222 2765 2238 3090">
     <span class='ocr_line' id='line_1_127' title="bbox 1294 2765 2236 2809; baseline -0.002 -10"><span class='ocrx_word' id='word_1_1076' title='bbox 1294 2765 1329 2801; x_wconf 87' lang='grc'><strong>2.</strong></span> <span class='ocrx_word' id='word_1_1077' title='bbox 1358 2767 1449 2800; x_wconf 85' lang='lat' dir='ltr'><strong>Haeo</strong></span> <span class='ocrx_word' id='word_1_1078' title='bbox 1465 2778 1550 2809; x_wconf 85' lang='lat' dir='ltr'><strong>quae</strong></span> <span class='ocrx_word' id='word_1_1079' title='bbox 1569 2768 1677 2799; x_wconf 86' lang='lat' dir='ltr'><strong>adhuc</strong></span> <span class='ocrx_word' id='word_1_1080' title='bbox 1694 2768 1925 2808; x_wconf 84' lang='lat' dir='ltr'><strong>exposuimus,</strong></span> <span class='ocrx_word' id='word_1_1081' title='bbox 1946 2776 1966 2798; x_wconf 88' lang='lat' dir='ltr'><strong>a</strong></span> <span class='ocrx_word' id='word_1_1082' title='bbox 1981 2767 2166 2807; x_wconf 85' lang='lat' dir='ltr'><strong>spatiorum</strong></span> <span class='ocrx_word' id='word_1_1083' title='bbox 2183 2775 2236 2798; x_wconf 89' lang='lat' dir='ltr'><strong>ra-</strong></span> 
     </span>
     <span class='ocr_line' id='line_1_128' title="bbox 1223 2813 2238 2854; baseline -0.003 -7"><span class='ocrx_word' id='word_1_1084' title='bbox 1223 2816 1373 2847; x_wconf 87' lang='lat' dir='ltr'><strong>tionibus</strong></span> <span class='ocrx_word' id='word_1_1085' title='bbox 1400 2819 1592 2847; x_wconf 89' lang='lat' dir='ltr'><strong>sumuntur.</strong></span> <span class='ocrx_word' id='word_1_1086' title='bbox 1631 2815 1783 2846; x_wconf 84' lang='lat' dir='ltr'><strong>Altera</strong></span> <span class='ocrx_word' id='word_1_1087' title='bbox 1807 2814 2007 2853; x_wconf 76' lang='lat' dir='ltr'><strong>significatio</strong></span> <span class='ocrx_word' id='word_1_1088' title='bbox 2031 2813 2238 2854; x_wconf 83' lang='lat' dir='ltr'><strong>pronominis</strong></span> 
     </span>
     <span class='ocr_line' id='line_1_129' title="bbox 1223 2859 2238 2903; baseline -0.002 -10"><span class='ocrx_word' id='word_1_1089' title='bbox 1223 2863 1424 2903; x_wconf 84' lang='lat' dir='ltr'><strong>praecipua,</strong></span> <span class='ocrx_word' id='word_1_1090' title='bbox 1461 2871 1527 2894; x_wconf 90' lang='lat' dir='ltr'><strong>non</strong></span> <span class='ocrx_word' id='word_1_1091' title='bbox 1558 2862 1671 2893; x_wconf 90' lang='lat' dir='ltr'><strong>minus</strong></span> <span class='ocrx_word' id='word_1_1092' title='bbox 1706 2871 1805 2902; x_wconf 86' lang='lat' dir='ltr'><strong>quam</strong></span> <span class='ocrx_word' id='word_1_1093' title='bbox 1844 2863 1880 2892; x_wconf 91' lang='lat' dir='ltr'><strong>in</strong></span> <span class='ocrx_word' id='word_1_1094' title='bbox 1904 2860 2060 2892; x_wconf 89' lang='lat' dir='ltr'><strong>omnibus</strong></span> <span class='ocrx_word' id='word_1_1095' title='bbox 2091 2859 2238 2891; x_wconf 75' lang='lat' dir='ltr'><strong>locorum</strong></span> 
     </span>
     <span class='ocr_line' id='line_1_130' title="bbox 1223 2906 2237 2949; baseline -0.003 -9"><span class='ocrx_word' id='word_1_1096' title='bbox 1223 2909 1428 2949; x_wconf 84' lang='lat' dir='ltr'><strong>nominibus,</strong></span> <span class='ocrx_word' id='word_1_1097' title='bbox 1458 2910 1663 2949; x_wconf 76' lang='lat' dir='ltr'><strong>temporis</strong></span> <span class='ocrx_word' id='word_1_1098' title='bbox 1689 2912 1752 2941; x_wconf 91' lang='lat' dir='ltr'><strong>est.</strong></span> <span class='ocrx_word' id='word_1_1099' title='bbox 1782 2908 1867 2939; x_wconf 80' lang='lat' dir='ltr'><strong>Nam</strong></span> <span class='ocrx_word' id='word_1_1100' title='bbox 1881 2910 1916 2938; x_wconf 90' lang='lat' dir='ltr'><strong>et</strong></span> <span class='ocrx_word' id='word_1_1101' title='bbox 1933 2908 2042 2947; x_wconf 70' lang='lat' dir='ltr'><strong>ipsum</strong></span> <span class='ocrx_word' id='word_1_1102' title='bbox 2059 2906 2153 2946; x_wconf 80' lang='lat' dir='ltr'><strong>illud,</strong></span> <span class='ocrx_word' id='word_1_1103' title='bbox 2175 2915 2237 2947; x_wconf 78' lang='lat' dir='ltr'><strong>quo</strong></span> 
     </span>
     <span class='ocr_line' id='line_1_131' title="bbox 1222 2954 2237 2996; baseline -0.003 -9"><span class='ocrx_word' id='word_1_1104' title='bbox 1222 2964 1312 2987; x_wconf 74' lang='lat' dir='ltr'><strong>nunc</strong></span> <span class='ocrx_word' id='word_1_1105' title='bbox 1328 2959 1466 2995; x_wconf 76' lang='lat' dir='ltr'><strong>utimur,</strong></span> <span class='ocrx_word' id='word_1_1106' title='bbox 1495 2957 1648 2996; x_wconf 81' lang='lat' dir='ltr'><strong>temporis</strong></span> <span class='ocrx_word' id='word_1_1107' title='bbox 1671 2958 1872 2986; x_wconf 79' lang='lat' dir='ltr'><strong>momentum</strong></span> <span class='ocrx_word' id='word_1_1108' title='bbox 1895 2954 2028 2986; x_wconf 87' lang='lat' dir='ltr'><strong>diemve</strong></span> <span class='ocrx_word' id='word_1_1109' title='bbox 2053 2957 2087 2985; x_wconf 88' lang='lat' dir='ltr'><strong>et</strong></span> <span class='ocrx_word' id='word_1_1110' title='bbox 2110 2962 2237 2985; x_wconf 82' lang='lat' dir='ltr'><strong>annum</strong></span> 
     </span>
     <span class='ocr_line' id='line_1_132' title="bbox 1224 2999 2236 3042; baseline -0.003 -8"><span class='ocrx_word' id='word_1_1111' title='bbox 1224 3002 1391 3042; x_wconf 83' lang='lat' dir='ltr'><strong>significat</strong></span> <span class='ocrx_word' id='word_1_1112' title='bbox 1416 2999 1434 3035; x_wconf 79' lang='grc' dir='ltr'>ὅ</span> <span class='ocrx_word' id='word_1_1113' title='bbox 1446 3001 1463 3035; x_wconf 90' lang='grc' dir='ltr'><strong>δ</strong></span> <span class='ocrx_word' id='word_1_1114' title='bbox 1475 3013 1490 3035; x_wconf 91' lang='grc' dir='ltr'><strong>ε</strong></span> <span class='ocrx_word' id='word_1_1115' title='bbox 1503 3028 1511 3042; x_wconf 85' lang='grc'>,</span> <span class='ocrx_word' id='word_1_1116' title='bbox 1540 3006 1574 3034; x_wconf 90' lang='lat' dir='ltr'><strong>et</strong></span> <span class='ocrx_word' id='word_1_1117' title='bbox 1590 3011 1700 3033; x_wconf 85' lang='lat' dir='ltr'><strong>rerum</strong></span> <span class='ocrx_word' id='word_1_1118' title='bbox 1717 3002 1778 3033; x_wconf 85' lang='lat' dir='ltr'><strong>hoc</strong></span> <span class='ocrx_word' id='word_1_1119' title='bbox 1802 3005 1952 3042; x_wconf 87' lang='lat' dir='ltr'><strong>tempore</strong></span> <span class='ocrx_word' id='word_1_1120' title='bbox 1974 3003 2145 3040; x_wconf 85' lang='lat' dir='ltr'><strong>gestarum</strong></span> <span class='ocrx_word' id='word_1_1121' title='bbox 2167 3002 2236 3031; x_wconf 75' lang='lat' dir='ltr'><strong>sta-</strong></span> 
     </span>
     <span class='ocr_line' id='line_1_133' title="bbox 1224 3049 2052 3090; baseline -0.004 -9"><span class='ocrx_word' id='word_1_1122' title='bbox 1224 3053 1306 3089; x_wconf 86' lang='lat' dir='ltr'><strong>tum,</strong></span> <span class='ocrx_word' id='word_1_1123' title='bbox 1335 3053 1370 3081; x_wconf 88' lang='lat' dir='ltr'><strong>et</strong></span> <span class='ocrx_word' id='word_1_1124' title='bbox 1386 3059 1439 3081; x_wconf 85' lang='lat' dir='ltr'><strong>res</strong></span> <span class='ocrx_word' id='word_1_1125' title='bbox 1455 3050 1608 3090; x_wconf 79' lang='lat' dir='ltr'><strong>proxime</strong></span> <span class='ocrx_word' id='word_1_1126' title='bbox 1622 3050 1815 3089; x_wconf 80' lang='lat' dir='ltr'><strong>praeteritas</strong></span> <span class='ocrx_word' id='word_1_1127' title='bbox 1832 3051 1866 3080; x_wconf 89' lang='lat' dir='ltr'><strong>et</strong></span> <span class='ocrx_word' id='word_1_1128' title='bbox 1884 3049 2052 3079; x_wconf 71' lang='lat' dir='ltr'><strong>instantes.</strong></span> 
     </span>
    </p>

    <p class='ocr_par' dir='ltr' id='par_1_15' title="bbox 1223 3086 2238 3418">
     <span class='ocr_line' id='line_1_134' title="bbox 1294 3086 2238 3137; baseline -0.002 -9"><span class='ocrx_word' id='word_1_1129' title='bbox 1294 3106 1326 3128; x_wconf 87' lang='lat' dir='ltr'><strong>a.</strong></span> <span class='ocrx_word' id='word_1_1130' title='bbox 1355 3096 1368 3137; x_wconf 79' lang='grc' dir='ltr'><strong>ΙΙ</strong></span> <span class='ocrx_word' id='word_1_1131' title='bbox 1394 3097 1445 3128; x_wconf 88' lang='lat' dir='ltr'><strong>De</strong></span> <span class='ocrx_word' id='word_1_1132' title='bbox 1462 3100 1604 3136; x_wconf 80' lang='lat' dir='ltr'><strong>tempore</strong></span> <span class='ocrx_word' id='word_1_1133' title='bbox 1626 3105 1716 3126; x_wconf 85' lang='lat' dir='ltr'><strong>nunc</strong></span> <span class='ocrx_word' id='word_1_1134' title='bbox 1733 3097 1841 3135; x_wconf 73' lang='lat' dir='ltr'><strong>ipsum</strong></span> <span class='ocrx_word' id='word_1_1135' title='bbox 1861 3097 2050 3134; x_wconf 75' lang='lat' dir='ltr'><strong>praesente:</strong></span> <span class='ocrx_word' id='word_1_1136' title='bbox 2077 3090 2153 3130; x_wconf 77' lang='grc' dir='ltr'>ἔτος</span> <span class='ocrx_word' id='word_1_1137' title='bbox 2167 3086 2238 3126; x_wconf 86' lang='grc' dir='ltr'>τόδ’</span> 
     </span>
     <span class='ocr_line' id='line_1_135' title="bbox 1223 3137 2237 3188; baseline -0.004 -12"><span class='ocrx_word' id='word_1_1138' title='bbox 1223 3141 1292 3188; x_wconf 84' lang='grc' dir='ltr'><strong>ἤδη</strong></span> <span class='ocrx_word' id='word_1_1139' title='bbox 1319 3141 1460 3176; x_wconf 87' lang='grc' dir='ltr'>δέκατον</span> <span class='ocrx_word' id='word_1_1140' title='bbox 1486 3144 1547 3175; x_wconf 82' lang='grc' dir='ltr'>ΡΙι.</span> <span class='ocrx_word' id='word_1_1141' title='bbox 1569 3139 1648 3175; x_wconf 88' lang='grc'>312.</span> <span class='ocrx_word' id='word_1_1142' title='bbox 1684 3139 1739 3186; x_wconf 80' lang='grc' dir='ltr'><strong>ἧδ’</strong></span> <span class='ocrx_word' id='word_1_1143' title='bbox 1763 3140 1879 3187; x_wconf 87' lang='grc' dir='ltr'>ήμέρα</span> <span class='ocrx_word' id='word_1_1144' title='bbox 1903 3138 2004 3187; x_wconf 84' lang='grc' dir='ltr'>φύσει</span> <span class='ocrx_word' id='word_1_1145' title='bbox 2028 3150 2064 3172; x_wconf 88' lang='grc' dir='ltr'><strong>σε</strong></span> <span class='ocrx_word' id='word_1_1146' title='bbox 2086 3138 2146 3173; x_wconf 86' lang='grc' dir='ltr'><strong>καὶ</strong></span> <span class='ocrx_word' id='word_1_1147' title='bbox 2162 3137 2237 3172; x_wconf 85' lang='grc' dir='ltr'>δια-</span> 
     </span>
     <span class='ocr_line' id='line_1_136' title="bbox 1224 3184 2236 3266; baseline -0.004 -44"><span class='ocrx_word' id='word_1_1148' title='bbox 1224 3187 1291 3235; x_wconf 77' lang='grc' dir='ltr'><strong>φθε</strong></span> <span class='ocrx_word' id='word_1_1149' title='bbox 1315 3191 1346 3222; x_wconf 88' lang='grc' dir='ltr'><strong>εἰ</strong></span> <span class='ocrx_word' id='word_1_1150' title='bbox 1371 3187 1517 3222; x_wconf 79' lang='lat' dir='ltr'>0R438.</span> <span class='ocrx_word' id='word_1_1151' title='bbox 1546 3191 1605 3222; x_wconf 76' lang='grc' dir='ltr'><strong>νῦν</strong></span> <span class='ocrx_word' id='word_1_1152' title='bbox 1633 3186 1671 3221; x_wconf 86' lang='grc' dir='ltr'><strong>δὲ</strong></span> <span class='ocrx_word' id='word_1_1153' title='bbox 1693 3186 1778 3236; x_wconf 73' lang='grc' dir='ltr'>τῇδε</span> <span class='ocrx_word' id='word_1_1154' title='bbox 1798 3185 1938 3266; x_wconf 66' lang='grc' dir='ltr'>θήμέρᾳ</span> <span class='ocrx_word' id='word_1_1155' title='bbox 1962 3184 2065 3219; x_wconf 89' lang='grc'>1283.</span> <span class='ocrx_word' id='word_1_1156' title='bbox 2087 3187 2161 3219; x_wconf 82' lang='lat' dir='ltr'><strong>sine</strong></span> <span class='ocrx_word' id='word_1_1157' title='bbox 2177 3188 2236 3219; x_wconf 78' lang='grc' dir='ltr'><strong>νῦν</strong></span> 
     </span>
     <span class='ocr_line' id='line_1_137' title="bbox 1223 3199 2237 3280; baseline -0.003 -12"><span class='ocrx_word' id='word_1_1158' title='bbox 1223 3237 1277 3268; x_wconf 84' lang='lat' dir='ltr'><strong>Ai.</strong></span> <span class='ocrx_word' id='word_1_1159' title='bbox 1295 3199 1380 3268; x_wconf 45' lang='grc'>9778.</span> <span class='ocrx_word' id='word_1_1160' title='bbox 1411 3233 1446 3273; x_wconf 81' lang='grc' dir='ltr'><strong>ἐς</strong></span> <span class='ocrx_word' id='word_1_1161' title='bbox 1470 3233 1541 3269; x_wconf 78' lang='grc' dir='ltr'>τόδ’</span> <span class='ocrx_word' id='word_1_1162' title='bbox 1564 3233 1698 3280; x_wconf 82' lang='grc' dir='ltr'>ἡμέρας</span> <span class='ocrx_word' id='word_1_1163' title='bbox 1731 3233 1821 3268; x_wconf 79' lang='grc'><strong>001</strong></span> <span class='ocrx_word' id='word_1_1164' title='bbox 1851 3232 1907 3266; x_wconf 86' lang='grc'><strong>38.</strong></span> <span class='ocrx_word' id='word_1_1165' title='bbox 1942 3227 2020 3280; x_wconf 70' lang='grc' dir='ltr'>τῇδ’</span> <span class='ocrx_word' id='word_1_1166' title='bbox 2053 3231 2088 3266; x_wconf 85' lang='grc' dir='ltr'><strong>ἐν</strong></span> <span class='ocrx_word' id='word_1_1167' title='bbox 2120 3230 2237 3278; x_wconf 79' lang='grc' dir='ltr'>ἡμέρᾳ</span> 
     </span>
     <span class='ocr_line' id='line_1_138' title="bbox 1226 3276 2238 3360; baseline -0.002 -46"><span class='ocrx_word' id='word_1_1168' title='bbox 1226 3279 1327 3339; x_wconf 70' lang='grc'>1612.</span> <span class='ocrx_word' id='word_1_1169' title='bbox 1356 3283 1412 3339; x_wconf 50' lang='lat' dir='ltr'><strong>T&#39;r.</strong></span> <span class='ocrx_word' id='word_1_1170' title='bbox 1433 3280 1512 3339; x_wconf 60' lang='grc' dir='ltr'>74οΧ.</span> <span class='ocrx_word' id='word_1_1171' title='bbox 1534 3283 1586 3338; x_wconf 31' lang='grc' dir='ltr'>ΕΙΧ.</span> <span class='ocrx_word' id='word_1_1172' title='bbox 1609 3280 1688 3314; x_wconf 86' lang='grc'>674.</span> <span class='ocrx_word' id='word_1_1173' title='bbox 1717 3279 1834 3336; x_wconf 72' lang='grc' dir='ltr'>ἡμέρᾳ</span> <span class='ocrx_word' id='word_1_1174' title='bbox 1849 3279 1921 3360; x_wconf 48' lang='lat' dir='ltr'><strong>{fulg</strong></span> <span class='ocrx_word' id='word_1_1175' title='bbox 1943 3278 2028 3327; x_wconf 71' lang='grc' dir='ltr'>τῇδε</span> <span class='ocrx_word' id='word_1_1176' title='bbox 2055 3277 2135 3312; x_wconf 89' lang='grc'>783.</span> <span class='ocrx_word' id='word_1_1177' title='bbox 2162 3276 2238 3312; x_wconf 73' lang='grc' dir='ltr'>κατ’</span> 
     </span>
     <span class='ocr_line' id='line_1_139' title="bbox 1223 3326 2236 3418; baseline -0.003 -10"><span class='ocrx_word' id='word_1_1178' title='bbox 1223 3339 1325 3408; x_wconf 41' lang='lat' dir='ltr'><strong>‘quag-</strong></span> <span class='ocrx_word' id='word_1_1179' title='bbox 1335 3340 1664 3414; x_wconf 41' lang='lat' dir='ltr'><strong>-i&#39;msszepsseffnfwz</strong></span> <span class='ocrx_word' id='word_1_1180' title='bbox 1678 3326 1894 3416; x_wconf 35' lang='lat' dir='ltr'><strong>{2233AE</strong></span> <span class='ocrx_word' id='word_1_1181' title='bbox 1909 3352 2038 3414; x_wconf 60' lang='lat' dir='ltr'><strong>ciyente</strong></span> <span class='ocrx_word' id='word_1_1182' title='bbox 2050 3385 2061 3404; x_wconf 83' lang='lat'><strong>.-</strong></span> <span class='ocrx_word' id='word_1_1183' title='bbox 2079 3370 2158 3407; x_wconf 83' lang='grc' dir='ltr'>ὅταν</span> <span class='ocrx_word' id='word_1_1184' title='bbox 2172 3382 2236 3418; x_wconf 86' lang='grc' dir='ltr'><strong>περ</strong></span> 
     </span>
    </p>
   </div>
   <div class='ocr_carea' id='block_1_10' title="bbox 1224 3417 2236 3469">
    <p class='ocr_par' dir='ltr' id='par_1_16' title="bbox 1224 3417 2236 3469">
     <span class='ocr_line' id='line_1_140' title="bbox 1224 3417 2236 3469; baseline -0.004 -13"><span class='ocrx_word' id='word_1_1185' title='bbox 1224 3422 1262 3458; x_wconf 90' lang='grc' dir='ltr'><strong>τὸ</strong></span> <span class='ocrx_word' id='word_1_1186' title='bbox 1286 3421 1394 3457; x_wconf 85' lang='grc' dir='ltr'>κακὸν</span> <span class='ocrx_word' id='word_1_1187' title='bbox 1420 3421 1530 3469; x_wconf 74' lang='grc' dir='ltr'>ἐξήκῃ</span> <span class='ocrx_word' id='word_1_1188' title='bbox 1559 3420 1638 3458; x_wconf 91' lang='grc' dir='ltr'>τόδε</span> <span class='ocrx_word' id='word_1_1189' title='bbox 1661 3422 1722 3455; x_wconf 90' lang='lat' dir='ltr'><strong>Ph.</strong></span> <span class='ocrx_word' id='word_1_1190' title='bbox 1742 3419 1823 3455; x_wconf 83' lang='lat'><strong>767.</strong></span> <span class='ocrx_word' id='word_1_1191' title='bbox 1858 3418 2015 3469; x_wconf 82' lang='grc' dir='ltr'>τρέφοιτε</span> <span class='ocrx_word' id='word_1_1192' title='bbox 2038 3417 2142 3468; x_wconf 87' lang='grc' dir='ltr'>τήνδε</span> <span class='ocrx_word' id='word_1_1193' title='bbox 2171 3417 2236 3466; x_wconf 73' lang='grc' dir='ltr'><strong>τὴν</strong></span> 
     </span>
    </p>
   </div>
  </div>
 </body>
</html>
