2288 3600
228 180 230 183 ,
255 141 357 200 ινα]

103 301 121 331 ἐ
139 296 192 335 τε
210 293 297 337 572,
315 295 348 332 5.

89 362 336 412 ζιάμπολις.
374 365 413 401 τό
435 365 464 401 τ’
491 365 609 402 ἔπειτα
631 365 692 402 καὶ
715 367 753 402 τὸ
771 366 898 413 μέλλον
915 368 974 402 καὶ
990 367 1028 403 τὸ

243 424 293 449 σει
308 412 414 459 νόμος
430 412 492 455 ὅδ’,
576 413 710 450 θνατῶν
729 413 833 462 βιότῳ
850 414 1029 460 πάμπολις

76 545 276 599 Jffi‘oliastae
306 553 324 588 ὁ
341 553 430 589 κατὰ
454 557 565 590 πᾶσαν
589 554 689 590 πόλιν
713 553 826 602 ἕρπων
842 555 967 602 νόμος,
994 563 1028 590 et

79 604 81 609 '
96 633 102 640 ,
120 599 209 648 ’μσς
227 601 262 636 ἐν
286 601 409 640 πάσαις
433 604 510 641 ταῖς
528 601 664 637 πόλεσιν
682 604 914 646 interpretati,
942 614 1027 646 quo-

102 649 194 689 ‘alter
210 651 261 682 vel
283 650 366 691 legit
389 651 445 682 vel
461 651 604 683 coniecit
624 648 750 696 ἕρπων.
787 652 856 684 Nec
881 652 1028 693 profecto

220 697 383 739 explicari
410 698 508 729 aliter
535 701 668 739 potest,
705 699 772 730 nisi
804 708 879 731 cum
914 695 1027 744 ἕρπων

119 747 250 784 netum,
279 743 436 778 mortalia
452 746 565 777 omnia
579 754 782 786 peramans:
818 755 895 777 nam
911 747 1028 778 civita-

74 790 111 837 ᾗ.»
133 791 242 824 ionem
261 800 325 823 non
343 792 534 824 censuerim
548 792 742 833 urgendam,
760 796 798 824 ut
816 802 859 825 ne
872 794 1027 834 ineptum

78 845 141 881 '‚·''‘
177 839 242 878 sit,
276 838 365 870 sicut
390 838 585 871 Hermanno
610 839 741 879 visum,
773 841 830 881 qui
857 840 897 872 de
915 841 1028 881 genti-

95 886 106 895 ’”
118 885 277 927 [auxiliis.
307 885 460 918 domibus
477 887 590 928 potius
603 910 611 926 ‚
643 896 740 928 quam
757 886 799 919 de
817 884 955 919 ci'vitate
974 887 1026 919 di-

109 941 161 970 ,ιιι
178 931 283 964 fuisse
300 933 358 964 ait.
396 933 500 965 Recte
518 937 630 966 autem
647 934 736 966 idem
754 938 867 966 monet
884 932 1028 979 πάμπο-

73 979 211 1016 «ῑέοᾱίεε
228 980 420 1012 sententiae
444 980 609 1021 pendenti
634 982 799 1013 insertum
825 981 891 1013 dici
917 981 1030 1013 duris-

74 1027 114 1074 '3
141 1026 235 1059 Hanc
251 1026 410 1059 duritiem
426 1027 618 1060 evitaturus
635 1028 733 1060 Wex.
762 1028 954 1060 incredibili
971 1029 1026 1060 di-

71 1071 212 1111 Dandi
229 1074 353 1114 pariter
376 1077 478 1115 atque
495 1075 685 1116 explicandi
712 1077 840 1108 ratione
858 1085 942 1108 usus
959 1080 1021 1116 est,

42 1117 43 1120 ’
74 1122 107 1165 >22¹¹
134 1120 219 1153 nihil
236 1130 353 1152 moror.
382 1122 527 1153 Rursum
548 1118 662 1167 ἕρπειν
688 1123 810 1162 legisse
827 1122 1024 1154 scholiasta-

112 1174 221 1205 nnum
245 1171 402 1200 annotata
428 1168 567 1201 docent:
604 1167 622 1203 δ
643 1167 749 1214 νόμος
772 1167 789 1204 ὁ
809 1167 945 1203 πάντων
963 1168 1025 1203 ἀν-

73 1210 91 1253 ‚³
125 1232 138 1243 -ι
179 1213 293 1252 κοινὸς
308 1215 410 1248 τοῦτο
434 1212 524 1261 ἔχει,
554 1213 687 1261 μηδένα
712 1214 774 1262 ζῆν
798 1214 879 1250 ἄνευ
897 1214 1022 1263 λύπης.

74 1250 90 1285 ‘³2
112 1278 136 1305 .·
167 1262 336 1294 sententia
364 1263 452 1295 bene
481 1266 656 1305 perspecta
681 1261 846 1308 πάμπολυ
870 1259 897 1309 γ’
925 1261 1025 1301 ἐκτὸς

70 1303 94 1351 “J
109 1308 269 1349 womxit,
291 1309 364 1341 Erl'.
381 1306 496 1355 ἕρπειν
507 1311 638 1351 intulit,
658 1313 700 1342 ut
715 1320 836 1343 sensus
853 1313 899 1343 sit
915 1315 1025 1343 aeter-

81 1352 83 1358 ’
106 1355 214 1389 valere
230 1357 334 1396 leqem
345 1380 353 1396 ,
380 1359 418 1388 ut
434 1357 518 1389 nihil
543 1359 579 1388 in
593 1358 785 1390 mortalium
802 1360 873 1390 vita
890 1358 950 1390 diu
965 1368 1023 1390 ea:-

69 1403 236 1445 wulpoe
267 1404 321 1435 att.
354 1402 408 1444 [cf.
440 1404 482 1436 de
507 1404 540 1437 h.
571 1405 594 1435 l.
623 1405 663 1436 L.
695 1406 810 1445 Lange
838 1406 873 1437 in
892 1406 1020 1439 annall.

120 1465 133 1476 ‹·
160 1473 168 1482 .
184 1446 246 1482 75.
267 1446 409 1494 (1857.)
432 1461 465 1492 p.
490 1448 685 1483 164—170.
711 1456 746 1483 et
773 1452 1022 1484 Rauchenstein

82 1501 157 1539 ἐφ.
184 1493 253 1529 265
272 1497 336 1539 sq.]
375 1497 441 1530 Sed
465 1502 504 1530 ut
530 1498 571 1530 de
597 1499 709 1530 verbis
726 1499 873 1531 multum
892 1500 1023 1531 vexatis

79 1542 113 1580 fa·
145 1545 246 1588 etiam
272 1545 475 1576 sententiam
507 1555 673 1587 promam,
708 1549 744 1578 et
773 1547 965 1588 expeditior
989 1550 1025 1579 et

91 1627 98 1630 Α,
117 1591 194 1624 tior
210 1591 294 1623 ratio
311 1591 447 1624 videtur
470 1596 509 1624 ut
530 1593 695 1625 scribatur
720 1590 903 1638 ἐπαρκέσει
916 1591 954 1627 νό
986 1604 1023 1631 ος

72 1635 213 1680 ,goeth
242 1634 395 1683 ἕρπειν
433 1636 568 1673 θνατῶν
607 1637 758 1684 βίοτον
795 1638 947 1686 πάμπο
988 1651 1022 1672 ιν

83 1721 86 1723 ,
111 1681 221 1722 Ἓτας.
249 1686 303 1718 Sic
329 1683 459 1719 οὐδέν
483 1695 543 1728 pro
568 1684 723 1731 οὐδαμοῦ
746 1687 836 1720 dicto
852 1689 1024 1720 sententia

70 1812 89 1831 z
160 1789 220 1821 que
237 1779 424 1819 hominum)
441 1777 554 1825 ἕρπειν
572 1778 670 1818 ἐκτὸς
686 1778 773 1826 ἄτης
791 1780 956 1827 οὐδαμοῦ.

82 1839 104 1888 .ῐέ
123 1835 325 1883 άμπολυς
351 1849 382 1870 ν.
410 1836 602 1883 πάμπολις.

25 1939 27 1941 ,
72 1906 103 1942 wz

35 1952 84 2014 -Ῐ
110 1976 154 2023 ω.

57 2043 105 2094 [411
131 2060 155 2089 ,α
169 2059 195 2093 μ
211 2060 236 2096 φ
251 2060 267 2082 ε
285 2062 305 2095 γ
322 2063 342 2095 γ
358 2048 382 2094 ή
401 2061 418 2087 ς
458 2050 756 2091 splendidissimus.
809 2054 1024 2098 παμφεγγεῖς

22 2097 25 2101 ’
64 2116 77 2142 ,2
95 2097 110 2101 ”
161 2094 262 2143 ῥιπάς
279 2098 330 2129 El.
357 2094 420 2130 105
437 2090 495 2129 anf
838 2138 841 2147 y

123 2163 379 2212 άμφλεκτος
413 2167 543 2200 ardens.
583 2169 684 2200 Certe
710 2170 801 2210 apud
828 2170 1024 2212 Sophoclem

32 2212 66 2255 γ’,
92 2217 150 2247 ¹est
165 2214 273 2246 active
290 2215 374 2246 dicti
392 2214 551 2247 adiectivi
566 2217 773 2257 exemplum.
795 2214 1024 2263 παμφλέκτου

84 2303 90 2305 „
138 2256 321 2306 ἀνειλόμην
347 2261 400 2293 El.
434 2258 535 2294 1139.
565 2262 606 2294 de
631 2264 783 2303 ossilcyio
807 2264 955 2296 dictum:
986 2266 1026 2296 ab

14 2303 21 2341 ’Ῐ
73 2306 84 2348 ζ
108 2304 113 2337 s
127 2310 222 2348 purte
245 2309 418 2340 incensum
432 2310 456 2341 i.
478 2319 509 2341 e.
536 2319 658 2349 mayno
682 2309 799 2342 ardore
827 2312 1027 2353 flayrcmtem

18 2346 24 2380 Ῐ
74 2360 104 2396 ’1,
128 2354 319 2395 [significat.
349 2352 501 2400 βωμοῖσι
525 2354 798 2403 παμφλέκτοισιν
816 2358 897 2390 Ant.
922 2355 1022 2391 1006.

18 2428 21 2430 —
133 2417 139 2430 ι
153 2424 155 2429 -
177 2411 259 2434 2128.

18 2447 104 2501 {wei}
122 2456 329 2508 άμψῡγος
363 2463 572 2495 immortalis.
614 2459 670 2506 [cf.
705 2464 747 2495 de
776 2464 836 2496 hoc
866 2465 1026 2497 vocabulo

20 2512 24 2527 ³
123 2543 125 2546 ,
143 2516 199 2539 um
231 2502 275 2540 in'
295 2508 416 2540 Philol.
442 2505 495 2540 12.
531 2506 676 2553 (1857.)
704 2520 737 2552 p.
766 2507 836 2543 643
853 2509 922 2556 sq.]
960 2508 1026 2544 ὑπὸ

15 2555 23 2580 -ἴ
70 2558 75 2600 J
125 2551 314 2601 πάμψυχος
331 2553 470 2589 ἀνάσσει
487 2556 539 2588 ΕΙ.
560 2553 626 2589 841
644 2557 695 2589 ch.
737 2557 858 2590 Suidas
875 2569 906 2589 v.
928 2557 1025 2603 πάμ-

19 2636 26 2643 ..
76 2620 112 2647 ⁸3
153 2601 278 2634 scholia
307 2603 379 2634 fere
409 2606 479 2635 tota
506 2603 698 2645 exscripsit.
729 2605 867 2638 Glossae
885 2606 1027 2647 scriptor

70 2648 162 2686 'quat
177 2646 264 2688 ζῶν,
295 2649 549 2682 scholiastarum
575 2651 661 2683 alter
686 2649 704 2685 ὁ
723 2649 891 2690 διασώσας
914 2654 1025 2686 πᾶσαν

17 2694 26 2739 ἶ,
70 2702 106 2742 ἢ
119 2712 123 2721 .
134 2696 215 2730 υτοῦ
231 2693 359 2742 ψυχήν,
379 2693 402 2741 ἢ
421 2694 439 2730 ὁ
457 2694 513 2730 διὰ
529 2695 654 2735 παντὸς
674 2695 738 2742 τὴν
756 2697 873 2746 ψυχὴν
892 2697 1022 2740 σώζων,

12 2767 25 2787 5.
76 2739 153 2778 ’ων
171 2738 354 2781 ἀθάνατος.
395 2743 547 2776 Alterius
572 2745 833 2786 explicationem
862 2743 936 2780 ἀντὶ
963 2748 1025 2780 τοῦ

19 2791 25 2815 -ῖ
89 2792 129 2840 ’χ’
146 2785 270 2835 ψυχῶν
288 2787 425 2823 ἀνάσσει
437 2816 445 2829 ,
473 2789 509 2825 αἳ
527 2788 571 2836 δὴ
590 2789 626 2825 ἐν
642 2789 744 2838 χρείᾳ
760 2790 946 2827 καθεστᾶσι
962 2795 1025 2838 τῆς

14 2839 25 2876 ἱ,
164 2839 336 2882 ,μαντικῆς
359 2839 476 2878 probat
498 2838 614 2870 Herm.
630 2863 638 2878 ‚
668 2840 882 2872 obversatum
907 2844 1026 2882 poetae

11 2884 27 2922 ,ἐξ
145 2892 186 2915 .·s
211 2883 294 2916 illud
323 2884 466 2917 Achillis
489 2885 587 2917 Hom.
609 2886 671 2918 Od.
692 2883 724 2918 λ.
746 2883 847 2927 49Ο.;
883 2888 971 2929 quod
988 2891 1027 2920 ut

83 2929 196 2974 ..ssssolo
218 2930 388 2963 diversum
414 2934 486 2971 est,
514 2932 562 2964 ita
578 2942 642 2964 nec
664 2931 853 2981 πάμψυχον
867 2927 1027 2968 ’ἀνάσσειν

12 3005 20 3016 ,,
143 2980 259 3010 πασῶν
283 2975 406 3024 ψυχῶν
432 2975 588 3012 ἀνάσσειν
612 2980 802 3019 significare
826 2985 861 3013 et
884 2981 1026 3014 scholia-

86 3023 186 3055 ”llud
203 3027 428 3057 commentum
446 3025 488 3057 de
506 3035 572 3058 usu
597 3027 731 3067 augurii
757 3031 792 3059 et
807 3028 1027 3060 divinationis

11 3061 29 3108 ἔ
84 3063 246 3117 'gk'inferos
263 3071 529 3113 ineptissimum.
548 3073 597 3104 Ne
616 3074 764 3106 Tiresias
782 3076 919 3116 quidem
937 3085 1026 3108 mor-

17 3119 26 3155 ζ,
81 3114 193 3164 istse'd
217 3117 260 3150 iis
284 3118 506 3160 vaticinatur,
538 3120 597 3160 qui
622 3120 664 3152 ad
681 3122 929 3154 consulendum
948 3132 1026 3155 eum

12 3170 26 3208 ᾖ
75 3159 265 3209 ‚asferorum
295 3165 365 3197 loca
383 3165 605 3199 descendunt.
647 3164 784 3201 ἀνάσσει
810 3178 876 3200 non
901 3179 1026 3209 urgen-

12 3209 25 3234 Τ
86 3205 118 3254 ,ξ
149 3209 272 3243 dicitur
299 3221 438 3252 regnare
465 3213 691 3254 Amphiaraus
705 3239 712 3253 ‚
750 3215 878 3257 quippe
903 3217 962 3257 qui
990 3217 1026 3248 in

128 3256 189 3289 'rex
218 3258 359 3299 fuisset,
397 3263 431 3291 et
455 3260 568 3292 debito
599 3263 769 3294 sanctitati
796 3272 877 3294 suae
903 3263 1027 3295 honore

17 3327 24 3334 ,,
84 3308 114 3350 ’ᾖ
125 3302 248 3350 inferos
272 3305 380 3339 adbuc
397 3307 531 3340 fruatur
542 3332 550 3347 ‚
581 3309 677 3340 velut
693 3308 903 3349 Agamemno
920 3311 1028 3342 fertur

93 3353 150 3395 ³..
185 3351 292 3391 uylum
317 3351 419 3385 choo.
448 3350 527 3386 352.
543 3379 551 3394 ,
590 3364 655 3396 quo
682 3355 799 3388 Herm.
827 3357 902 3399 ipse
925 3358 1025 3389 testi-

147 3405 230 3430 nsus
254 3402 324 3430 est:
363 3396 462 3445 φίλος
487 3397 614 3446 φίλοισι
637 3403 710 3439 τοῖς
737 3400 811 3436 ἐκεῖ
826 3400 942 3441 καλῶς
960 3400 1028 3437 θα-

10 3391 14 3477 ι

187 1894 308 1942 φᾶής
334 1899 420 1929 totus
444 1897 588 1938 fulgens.
631 1895 714 1943 θείῳ
745 1897 824 1944 πυρὶ
853 1897 1023 1944 παμφαής

186 1943 237 1976 ch.
276 1944 318 1976 de
352 1944 495 1977 Heracle
525 1954 567 1977 ex
602 1945 671 1986 rogi
702 1946 838 1986 ignibus
867 1947 909 1978 ad
934 1947 1023 1979 Deos

751 132 1058 199 Πάμπλουτος
1089 164 1148 171 -
1180 134 1439 202 Πάνδυρτος

1979 141 2077 188 597

106 230 395 296 Ῐμπλουτος
429 250 621 285 ditissimus.
676 249 901 297 πάμπλουτον
934 249 1038 298 ὄλβον
1062 253 1158 286 νοῦσι
1181 250 1272 287 κατὰ
1298 250 1424 299 χθονός
1451 250 1635 299 ἐμπρέπων
1666 253 1869 300 σεμνότιμος
1900 254 2071 301 ἀνάκτωρ.

1064 299 1166 332 Recte
1184 300 1290 341 igitur
1306 301 1453 332 Brunck.
1470 301 1661 341 glossatoris
1675 305 1710 334 et
1727 303 1924 336 scholiastae
1938 304 2078 337 alterius

1064 347 1378 390 interpretationem
1397 348 1522 380 calculo
1539 358 1600 380 suo
1617 350 1853 392 comprobavit.

1136 413 1164 450 Ι]
1177 410 1224 451 ἄν
1250 417 1342 450 deus.
1373 413 1414 450 ίὼ
1433 415 1475 450 ἰὼ
1493 413 1566 451 Πάν
1579 443 1587 458 ,
1616 415 1709 459 Πάν.
1738 419 1768 453 ὦ
1786 417 1878 459 Πάν,
1909 417 1981 454 Πὰν
1999 418 2078 454 ἀλί-

122 499 123 503 Ἰ
138 463 164 494 t.
209 458 253 494 14
269 461 321 494 ch.
350 462 499 494 omnium
517 463 677 495 librorum
695 467 750 495 est
768 464 951 505 scriptura3
978 463 1030 496 id·
1063 461 1215 511 πλαγκτε
1233 461 1363 510 φάνηθι
1379 465 1435 497 Αἰ.
1455 461 1526 497 694
1539 475 1589 507 sq.
1607 465 1659 498 ch.
1682 466 1738 509 [de
1755 477 1820 508 qua
1836 468 2004 508 geminata
2021 469 2075 500 in-

87 503 123 546 ξ..
143 509 281 549 „glossae
306 509 448 550 scriptor
472 510 571 551 legit,
600 508 811 556 παγκόσμιος
838 511 1024 552 explicans,
1065 512 1236 544 vocatione
1253 512 1296 544 cf.
1317 511 1484 544 Fritzsch.
1504 512 1546 544 ad
1564 512 1703 545 Theocr.
1723 515 1750 553 1,
1775 511 1870 558 123.]
1893 511 2076 561 (θυγάτηρ)

1063 554 1177 596 Πανὸς
1195 555 1397 605 ὀρεσσιβάτα
1413 569 1438 592 π
1481 556 1714 594 σπελασθεῖσα
1737 560 1796 594 OR
1814 559 1905 594 1100
1923 562 1975 594 ch.
1995 559 2075 606 [im-

1062 608 1191 638 mutato
1206 606 1276 638 loco
1293 605 1399 638 Dind.
1461 603 1560 652 ύμφα
1577 605 1778 654 ὀρεσσιβάτα
1794 618 1861 642 που
1880 605 1968 643 Πανὶ
1984 606 2076 642 πλα-

1062 645 1150 686 θεῖσ’
1176 650 1298 697 Dind.]
1324 670 1365 676 -
1394 649 1508 691 Πᾶνας
1527 651 1596 696 [καὶ
1615 650 1794 700 Σιληνοὺς]
1822 653 1981 701 ἀκρατεῖς
2007 656 2076 689 Ae-

1038 702 1041 706 '
1062 700 1198 740 schylus
1240 699 1382 740 Glauco,
1426 700 1606 741 Sophocles
1638 702 1856 735 Andromeda
1896 703 2076 736 induxisse

1062 747 1185 779 dicitur
1209 747 1312 779 schol.
1334 746 1473 780 Theocr.
1495 745 1534 788 4,
1557 744 1602 780 62
1625 747 1750 791 (Andr.
1771 751 1812 782 fr.
1837 746 1931 794 131).
1954 768 1994 774 —
2023 751 2074 783 De

1061 797 1139 826 tono
1159 805 1188 827 v.
1210 794 1329 827 Arcad.
1353 804 1386 835 p.
1412 791 1497 835 124,
1520 791 1579 827 22.

1135 861 1195 898 Ποῖ
1205 857 1315 898 sao-ia).
1329 875 1368 898 ιο
1379 875 1395 902 ς
1419 866 1632 899 miserrimus.
1669 863 1732 910 ἐμὲ
1757 864 1794 900 δὲ
1810 867 1868 901 τὸν
1886 865 2075 902 πανάθλιον

1061 908 1248 991 13116026.
1279 906 1352 945 οὐδ’
1381 906 1424 945 ἔτ’
1445 908 1485 945 ἂν
1511 908 1701 951 πανάθλιος
1726 910 1839 948 θανὼν
1866 911 1907 948 ἂν
1925 913 2001 961 εἴην
2019 916 2075 948 OG

1133 1014 1395 1063 Πανάμερος
1421 1028 1453 1049 v.
1475 1015 1686 1064 πανήμερος.

1130 1071 1336 1153 1Ῑανάέγῦ
1346 1086 1421 1132 ρος
1446 1080 1630 1116 arqenoeus.
1668 1075 1868 1124 πανάργυρα
1885 1076 1980 1113 ε’κπώ
2011 1091 2076 1114 οιτα

1061 1124 1168 1155 Acris.
1191 1125 1232 1155 fr.
1277 1121 1299 1155 8
1311 1149 1318 1162 ,
1345 1121 1378 1155 ὀ.
1865 1124 1914 1167 (ΙΙ
1928 1137 1962 1168 p.
2000 1124 2077 1170 90.)

1130 1177 1160 1214 [1
1171 1178 1218 1214 άν
1231 1192 1252 1214 α
1262 1192 1279 1227 ρ
1290 1192 1314 1228 χ
1322 1193 1339 1215 0
1351 1193 1366 1220 ς
1400 1184 1520 1222 reyae'us.
1555 1183 1629 1220 τοῖς
1656 1185 1729 1221 σοῖς
1756 1183 1944 1232 πανάρχοις
1971 1183 2074 1220 ἐνθα-

1059 1230 1133 1262 κεῖν
1152 1225 1288 1275 θρόνοις
1304 1229 1359 1262 OG
1383 1226 1481 1262 1293.

1130 1294 1159 1331 Π
1169 1310 1216 1332 αν
1227 1296 1245 1330 δ
1257 1291 1279 1332 ἃ
1287 1310 1309 1332 κ
1319 1296 1363 1346 ρῦ
1374 1310 1394 1333 τ
1403 1310 1421 1333 ο
1432 1310 1447 1337 ς
1474 1301 1679 1332 lacrimosus.
1702 1299 1939 1346 πανδάκρυτον
1957 1301 2074 1347 βιοτάν

1060 1345 1118 1376 Ph.
1137 1342 1206 1377 690
1223 1346 1274 1378 cll.
1304 1343 1511 1393 πανδάκρυτ’
1529 1344 1707 1393 ὀδύρματα
1724 1348 1779 1379 Tr.
1801 1347 1858 1381 50.

1131 1398 1440 1451 Πανδᾶμᾶτωρ
1473 1407 1587 1437 omnia
1612 1406 1812 1446 perdomans
1840 1409 1862 1439 i.
1895 1419 1925 1440 e.
1958 1412 2072 1448 potem

1058 1452 1216 1482 omnium.
1245 1451 1301 1498 χώ
1318 1450 1552 1497 πανδαμάτωρ
1579 1450 1711 1497 δαίμων
1729 1454 1790 1486 Ph.
1816 1451 1904 1487 1467
1921 1466 1975 1488 an.
2015 1457 2070 1488 Io-

1058 1507 1130 1529 vem
1148 1498 1212 1530 dici
1231 1503 1332 1540 puto,
1364 1511 1394 1531 v.
1416 1498 1562 1544 δαίμων.

1129 1553 1366 1601 Πάνδαμος
1394 1569 1423 1590 v.
1447 1559 1468 1589 i.
1489 1555 1680 1603 πάνδημος.

1128 1611 1387 1662 *[Ιανδημεί
1411 1615 1471 1661 (ex
1490 1617 1555 1649 EM
1580 1627 1612 1659 p.
1635 1615 1716 1657 514,
1736 1615 1791 1662 9.)
1816 1629 1847 1650 v.
1869 1630 1895 1651 s.
1917 1618 2067 1658 κίναδος.

1127 1683 1436 1731 **Πανδ’μιος
1474 1687 1496 1719 i.
1525 1697 1558 1728 q.
1595 1685 1788 1733 πάνδημος.
1834 1690 1948 1722 Herm.
1986 1701 2070 1723 corr.

83 1726 178 1765 vurit
203 1729 314 1777 βίοτον
341 1729 477 1778 θνητῶν
502 1731 678 1778 πάμπολιν
704 1736 911 1772 (universum
936 1745 1021 1777 qua·
1058 1731 1252 1778 πανδήμιος
1270 1732 1314 1768 πό
1340 1744 1368 1772 ις
1387 1735 1466 1766 Ant.
1492 1731 1577 1766 1141
1600 1735 1653 1766 ch.
1675 1746 1706 1766 ν.
1729 1734 1922 1781 πάνδημος.

1130 1800 1159 1837 Π
1170 1802 1192 1837 ά
1201 1815 1219 1837 ν
1229 1802 1247 1838 δ
1255 1815 1278 1850 η
1290 1817 1315 1850 μ
1324 1816 1343 1838 ο
1353 1816 1368 1842 ς
1394 1805 1480 1846 quod
1497 1807 1543 1836 est
1559 1806 1706 1837 universi
1719 1807 1836 1847 populi
1844 1832 1852 1848 ,
1874 1809 1975 1839 totius
1991 1811 2073 1840 etni-

746 1838 795 1883 (ῙῘ
813 1851 847 1882 Ρ·
868 1837 949 1881 489>
970 1837 1026 1885 5-)
1060 1851 1146 1883 tatis.
1176 1850 1350 1897 πανδήμῳ
1369 1849 1468 1885 πόλει
1494 1852 1577 1884 Ant.
1605 1850 1639 1884 7.
1668 1851 1849 1900 πάνδημος
1865 1851 1965 1893 πόλις
1985 1853 2070 1888 1141

1060 1898 1113 1929 ch.
1142 1899 1229 1939 quod
1246 1909 1324 1931 cum
1349 1899 1589 1940 antistrophico
1614 1909 1711 1931 versu
1739 1910 1806 1933 non
1833 1903 2006 1942 congruit:
2035 1914 2075 1935 ea

1059 1944 1100 1976 de
1117 1955 1153 1978 re
1170 1946 1349 1987 probabilis
1370 1950 1421 1978 est
1438 1946 1624 1978 Hermanni
1650 1948 1840 1981 emendatio
1863 1947 1952 1982 πανδ
2009 1961 2070 1988 ιος.

1058 1989 1186 2036 [πάνδα
1216 2004 1253 2030 ος
1270 1991 1393 2038 Dind.]
1427 1991 1462 2026 ἕν
1478 2004 1515 2026 τε
1533 1991 1706 2039 πανδήμῳ
1723 1993 1823 2028 πόλει
1846 1997 1899 2028 ΕΙ.
1921 1993 1967 2028 98
1994 2021 2001 2028 .
2023 1997 2073 2043 μὴ

1060 2005 1218 2085 φείδεσθὲ
1236 2038 1418 2085 πανδήμου
1437 2041 1582 2084 στρατοῦ
1598 2041 1654 2074 Αἱ.
1671 2038 1752 2074 844.
1770 2060 1811 2066 -
1830 2041 1969 2088 ὥρμασε
1988 2055 2074 2078 παν-

1059 2085 1192 2131 δάμους
1210 2085 1268 2121 ἐπὶ
1285 2085 1366 2132 βοῦς
1383 2084 1546 2133 ἀγελαίας
1562 2088 1616 2120 Αἰ.
1637 2085 1703 2121 175
1720 2089 1772 2121 ch.
1794 2089 1828 2121 hi
1842 2091 1978 2132 quidem
1992 2097 2075 2124 sunt

1059 2135 1204 2166 universi
1219 2136 1378 2166 exercitus
1391 2158 1399 2174 ‚
1430 2142 1496 2167 non
1513 2136 1722 2175 sinyutomm
1745 2138 1782 2168 in
1797 2147 1898 2169 usum
1913 2141 2074 2179 seyr-cymi

1059 2191 1081 2213 α
1098 2183 1211 2213 ceteris
1222 2205 1230 2221 ‚
1257 2179 1351 2219 λείας
1366 2179 1497 2215 άδαστα
1515 2179 1694 2226 βουκόλων
1712 2182 1942 2230 φρουρήματα
1959 2197 1991 2217 v.
2013 2183 2069 2218 54.

1060 2229 1159 2260 dicta.
1195 2246 1235 2252 --
1262 2229 1387 2261 Mirum
1415 2229 1473 2261 illo
1502 2230 1690 2269 Antigonae
1719 2231 1789 2263 loco
1818 2241 1861 2264 ne
1891 2233 2075 2274 vestigium

1061 2276 1196 2316 quidem
1215 2276 1371 2318 Dorismi
1387 2277 1423 2307 in
1448 2276 1543 2308 libris
1568 2277 1723 2309 relictum
1750 2287 1844 2310 esse:
1872 2279 1932 2312 sed
1955 2281 2008 2312 vel
2026 2282 2075 2313 sic

1062 2320 1240 2367 πάνδαμος
1257 2333 1283 2355 s.
1309 2321 1501 2367 πανδάμιος
1519 2325 1720 2365 scripserim.

1132 2377 1354 2419 Πάνδῖκος
1379 2384 1586 2415 iustissimus.
1616 2386 1690 2420 πῶς
1707 2381 1725 2417 δ
1736 2380 1743 2392 ’
1760 2381 1824 2417 οὐκ
1841 2382 1910 2430 ἐγὼ
1926 2381 2072 2431 χαίροιμ“

1061 2425 1102 2462 ἂν
1183 2426 1338 2474 πανδίκῳ
1357 2427 1472 2475 φρενί;
1495 2429 1550 2461 Tr.
1570 2425 1651 2462 294.

1132 2484 1366 2525 Πανδίκως
1401 2489 1487 2522 recte
1510 2491 1541 2520 et
1567 2487 1695 2521 ordine.
1740 2487 1915 2528 πανδίκως
1945 2490 2075 2526 στελεῖν

1060 2537 1182 2581 χιτῶνι
1198 2535 1254 2566 Tr.
1276 2531 1356 2567 611.
1382 2545 1444 2576 pro
1460 2537 1576 2567 merito
1592 2546 1620 2568 s.
1637 2538 1780 2576 praemii
1795 2540 1826 2569 et
1842 2537 1967 2570 decoris
1982 2549 2069 2580 erqo.

1064 2582 1176 2624 [schol.
1198 2583 1289 2623 expl.
1310 2578 1557 2620 ἀνενδοιάστως
1582 2583 1731 2615 referens
1748 2594 1860 2616 vocem
1879 2585 1920 2617 ad
1936 2595 2074 2627 praece-

1061 2630 1144 2661 dens
1168 2626 1307 2673 κλύοιμι
1332 2630 1374 2661 cf.
1402 2630 1574 2672 Doederl.]
1610 2628 1770 2676 πράσσειν
1797 2629 1933 2677 ἄνωγας
1951 2630 2010 2666 οὖν
2030 2645 2072 2677 με

1061 2672 1235 2713 πανδίκως
1253 2673 1353 2717 τάδε;
1387 2673 1487 2708 1247.
1515 2680 1599 2708 reete
1621 2679 1724 2717 iyitur
1739 2677 1888 2719 factum,
1916 2682 1974 2711 tua
2001 2682 2073 2722 qui-

1061 2722 1135 2755 dem
1150 2725 1330 2763 sententia,
1358 2724 1447 2755 erit?
1479 2721 1573 2761 ὅπως
1670 2721 1811 2769 θάνοιμι
1827 2723 2000 2764 πανδίκως
2018 2727 2072 2760 OC

1064 2766 1165 2802 1306.
1190 2770 1292 2810 plane
1316 2770 1442 2811 Reisig.
1459 2794 1467 2810 ‚
1494 2774 1530 2803 et
1554 2769 1648 2816 πάσῃ
1672 2770 1778 2818 τέχνῃ
1797 2773 1923 2805 Graece
1948 2772 2069 2814 reddit,

1061 2817 1149 2859 quod
1175 2818 1223 2849 sic
1249 2827 1315 2849 non
1342 2818 1487 2858 dicitur,
1516 2822 1551 2849 et
1564 2822 1730 2859 comparat
1750 2820 1978 2853 diversissima
1994 2831 2072 2854 sen-

1062 2865 1170 2896 tentia
1186 2864 1312 2896 dictum
1338 2864 1392 2896 Tr.
1415 2861 1494 2896 611.
1532 2864 1659 2898 Eadem
1678 2866 1872 2899 Doederlini
1896 2869 1980 2900 ratio
2006 2872 2069 2908 est,

1061 2912 1156 2951 longe
1173 2911 1386 2954 dissimiliore.
1402 2913 1625 2953 comparantis
1638 2913 1693 2944 Tr.
1710 2910 1790 2945 294.
1810 2910 1911 2949 1247,
1933 2913 2072 2953 δικαίως

1062 2959 1117 2990 Αἰ.
1146 2955 1225 2990 547.
1272 2955 1415 2996 ἐνδίκως
1444 2959 1567 2991 Aesch.
1601 2958 1694 3001 Sept.
1725 2957 1805 2993 562.
1850 2962 1923 2993 Non
1953 2963 2073 2994 melius

1062 3005 1187 3045 Musgr.
1209 3002 1384 3042 πανδίκως
1401 3009 1436 3037 et
1453 3002 1587 3052 ἀγείρας
1604 3007 1751 3047 colligari
1767 3008 1875 3039 iubet.
1911 3008 1996 3041 Cum
2014 3015 2070 3041 aut

1062 3053 1197 3084 vincere
1229 3055 1288 3083 aut
1317 3054 1400 3084 mori
1424 3053 1599 3092 Polynices
1623 3054 1687 3085 sibi
1712 3055 1958 3095 proposuisset,
1995 3060 2072 3098 apte

1063 3099 1147 3131 dicit
1169 3102 1253 3131 recte
1277 3101 1308 3130 et
1324 3099 1438 3131 ordine
1454 3100 1518 3131 sibi
1536 3109 1611 3132 esse
1628 3101 1839 3133 moriendum
1851 3127 1859 3141 ,
1889 3103 1917 3134 si
1935 3103 2072 3144 quidem

1063 3146 1221 3178 victoriae
1238 3154 1314 3187 spes
1334 3147 1425 3178 nulla
1440 3142 1709 3187 portenderetur.

1135 3200 1165 3238 Π
1175 3202 1197 3236 ά
1206 3214 1224 3237 ν
1235 3202 1253 3236 δ
1261 3215 1279 3237 ο
1288 3215 1312 3237 κ
1322 3207 1339 3237 ὀ
1350 3216 1366 3241 ς
1391 3206 1574 3237 communis
1590 3203 1723 3247 (omnes
1736 3206 1928 3250 excipiens)
1946 3207 2070 3240 Polluc.

1064 3248 1104 3291 9,
1127 3248 1191 3282 50:
1221 3249 1428 3284 πανδοκεῖον
1444 3249 1504 3284 καὶ
1521 3248 1623 3290 ξενὼν
1640 3249 1699 3285 καὶ
1714 3252 1762 3289 ὡς
1779 3251 1815 3286 ἐν
1841 3249 1963 3301 Ἰνάχῳ
1983 3250 2070 3302 Σοφ.

1061 3293 1423 3386 (ὃίζὲῗὸἓέἐῐῐανδόκος
1438 3292 1648 3338 ξενόστασις’.
1686 3299 1736 3331 Of.
1756 3299 1874 3333 Blomf.
1891 3303 1936 3341 gl.
1950 3302 2070 3334 Aesch.

1132 3401 1171 3422 ¹⁸*
1180 3399 1210 3437 Π
1219 3401 1241 3436 οἱ
1250 3415 1267 3435 ν
1278 3401 1295 3435 δ
1306 3414 1324 3435 υ
1337 3414 1354 3447 ρ
1364 3414 1382 3435 τ
1392 3415 1410 3436 ο
1422 3414 1437 3440 ς
1473 3405 1666 3435 lacrimosus
1679 3429 1686 3443 ,
1728 3406 1892 3446 quereum.
1938 3405 1960 3439 ἀ
1989 3405 2074 3440 πάν-
