2288 3600
8 127 262 211 siben-99⁷4

16 259 32 268 ¹
67 273 147 297 mae
163 264 391 306 praeponitur.
437 261 454 296 ὁ
476 272 501 308 χ
524 261 604 300 υσὸς
628 261 734 308 ἧσσον
758 266 876 309 κτῆμα
891 265 953 296 τοῦ

82 307 122 344 ἂν
153 309 190 344 ’ν
216 311 307 349 Scyr.
334 311 376 342 fr.
397 306 477 348 501,
499 273 532 342 3.
562 327 603 334 -
639 310 830 343 Plurative:
861 307 952 356 ’δόλῳ

78 321 198 403 &ixa-Zp
214 353 361 402 κτήματ’
379 354 459 403 οὐχὶ
473 355 614 395 σώζεται
627 357 683 389 OC
698 354 797 389 1027.
820 348 948 403 Ἔρως,

34 440 38 445 ,
62 403 217 450 κτήμασι
243 403 376 441 πίπτεις
401 405 483 436 Ant.
511 401 580 436 782
607 404 675 443 ο1ι.,
708 405 862 445 plurimis
887 413 953 436 non

54 453 250 484 intellectus
275 453 387 491 locuS‚
416 454 454 482 ut
479 452 531 483 vel
558 449 697 495 κτήνεσι
722 451 953 491 corrigendum

10 496 15 508 ²
32 503 132 540 rent,
151 496 203 543 [ἔν
221 496 249 532 τ’
267 495 407 543 ἀνδράσι
426 498 527 529 Dind.
549 503 732 539 praeeunte
751 495 950 541 BlaydesioJ.

59 557 104 579 τοι
117 546 158 578 de
175 546 338 586 opulentis
355 549 389 576 et
404 545 590 584 potentibus
609 546 736 577 dictum
755 546 870 585 negari
888 554 952 577 non

99 593 157 625 sed
177 593 302 624 iniuria
317 592 534 632 reprehendit
551 593 666 624 Herm.
686 597 838 634 poetam,
868 592 954 633 quod

46 641 171 672 teneris
197 640 366 679 virginum
391 640 486 678 genis
511 640 723 680 opposuerit,
750 638 875 671 nec'de
895 638 955 671 ad-

12 698 26 713 ·ae
56 696 186 727 amore,
215 687 302 728 quod
324 690 457 727 putarat
479 686 629 718 Huschk.
659 687 744 718 anal.
767 696 811 718 cr.
838 696 872 728 p.
893 682 950 726 49,

1 729 50 775 ’,ι
73 735 223 775 Propert.
247 731 278 773 1,
302 729 356 772 14,
380 730 440 773 15,
471 734 529 765 sed
555 735 596 765 de
612 735 800 765 necessitate
817 732 955 765 amandi

2 780 14 816 J
34 791 69 813 m
86 790 172 812 esse.
210 781 259 812 Ea
274 784 387 812 tamen
404 781 476 821 ipsa
493 781 676 812 necessitas
694 781 728 811 in
747 781 954 812 Haemonem

5 834 19 862 ?·
40 838 59 860 a
81 829 114 859 vi
137 829 269 859 irruens
287 827 480 870 (praecipua
498 828 548 858 vis
565 829 755 859 sententiae
773 831 826 859 est
842 828 877 859 in
895 825 954 860 πί-

36 873 52 919 )
69 876 194 915 efflcit,
225 878 263 906 ut
280 875 405 914 aliquid
424 875 566 906 infausti
583 884 626 906 ex
644 876 821 916 postremis
840 875 952 906 adole-

8 944 9 948 ,
37 922 67 954 is
103 922 212 954 verbis
243 925 426 961 auguretur
451 921 582 953 chorus.
627 922 744 953 Omnis
771 922 954 953 difficultas

15 973 27 994 '‹
41 973 133 1007 etur,
162 969 191 1000 si
213 969 330 1000 liceret
351 969 524 1009 transponi
543 967 579 1005 ὃς
598 967 632 1002 ἐν
650 966 804 1012 κτήμασι
821 967 954 1004 πίπτεις

4 1013 241 1062 ἀγρονόμοις
265 1012 406 1054 αὐλαῖς,
436 1020 473 1047 ut
497 1016 683 1047 communis
707 1025 894 1056 pauperum
920 1019 955 1047 et

11 1073 85 1104 „um
113 1072 202 1094 amor
226 1063 375 1094 dicatur:
405 1063 463 1094 sed
489 1063 536 1093 sic
554 1062 672 1108 φοιτᾷς
690 1059 714 1095 δ’
734 1060 954 1108 ὑπερπόντιος

21 1122 50 1150 721·
82 1111 244 1142 concinne
269 1111 411 1150 abrupta
435 1110 604 1141 sententia
629 1110 888 1150 relinqueretur.
912 1127 951 1132 —

38 1167 40 1170 ·
55 1166 243 1198 emcunque
255 1166 324 1188 rem
336 1157 510 1196 optabnem
524 1157 689 1195 significat
702 1157 753 1188 vel
765 1159 951 1196 pretiosam.

8 1203 98 1250 ιγάρ
121 1214 173 1237 τοι
197 1206 315 1250 κτῆμα
335 1202 399 1246 τῆς
423 1201 522 1249 νίκης
539 1201 656 1248 λαβεῖν
675 1204 734 1235 Ph.
756 1201 813 1236 81.
859 1202 888 1236 εἴ
904 1214 957 1237 τοι

62 1261 91 1288 ις
114 1253 234 1296 κτῆμα
258 1249 322 1295 τὴν
348 1248 515 1284 αὐθαδίαν
541 1247 628 1284 εἶναί
643 1261 675 1283 τι
692 1253 751 1284 τοῦ
769 1253 830 1284 νοῦ
847 1248 956 1297 χωρίς

8 1309 34 1338 .-
40 1294 97 1330 49.
115 1316 156 1321 -
176 1296 246 1343 ὅσῳ
263 1295 441 1343 κράτιστον
459 1296 647 1342 κτημάτων
666 1295 848 1342 εὐβουλία;
871 1299 952 1329 Ant.

8 1346 38 1363 “⁴
67 1362 109 1369 —
137 1344 151 1387 ΙΙ
179 1345 343 1376 Universe
366 1355 434 1375 rem
459 1355 522 1385 qua
552 1346 623 1385 quis
645 1347 780 1384 potitur.
827 1339 896 1378 οὔτ’
922 1343 956 1377 ἐν

57 1391 121 1471 2τὸ
146 1394 266 1438 κτῆμα
293 1390 467 1438 σύμφορον
494 1390 604 1436 μένειν
623 1388 751 1434 (θέλει)
772 1393 856 1424 Ach.
877 1393 953 1423 Am.

32 1454 91 1470 ,1.

14 1524 16 1534 =
56 1507 208 1554 τήσιος
234 1508 318 1550 quod
337 1509 493 1540 bonorum
510 1512 699 1540 nostrorum
715 1513 772 1541 est.
803 1507 958 1543 σπάσασα

15 1592 22 1595 ,
51 1567 84 1590 u
113 1554 214 1601 βοτοῦ
239 1554 371 1603 λάχνην
398 1556 452 1587 Tr.
475 1552 543 1587 690
568 1558 635 1588 ouis
661 1557 699 1587 de
716 1566 810 1596 yreyc
826 1557 953 1588 villum.

9 1607 34 1643 ,ξ’
50 1605 156 1649 τητοῦ
175 1601 278 1648 βοτοῦ
297 1604 398 1635 schol.
429 1603 481 1635 Cf.
504 1603 625 1635 Blomf.
647 1604 690 1643 gl.
713 1605 830 1644 Agam.
851 1600 930 1635 987.

5 1651 47 1668 ,μ

57 1676 181 1719 τῆσις
205 1675 376 1714 possessio.
421 1670 546 1720 λέχους
573 1672 624 1707 ὅτι
646 1673 748 1720 χρείη
767 1668 800 1719 μ’
819 1671 957 1708 ἑλέσθαι

12 1747 13 1750 ,
34 1730 63 1754 ιν
81 1721 136 1753 Tr.
160 1717 226 1753 162
250 1730 300 1751 res
317 1720 478 1752 connubio
492 1724 608 1761 partae
626 1731 697 1752 cum
717 1722 801 1752 dote.
847 1719 957 1754 πλού-

11 1772 116 1813 ’,ατρ
132 1760 189 1801 ὀυ
214 1770 333 1812 κτῆσιν
363 1765 572 1813 ἐστερημένῃ
597 1769 649 1799 ΕΙ.
672 1765 751 1800 960.
795 1761 955 1814 πατρῴαν

19 1820 44 1862 'f
84 1780 174 1847 12th
198 1815 283 1846 bona
309 1818 388 1845 sunt
406 1815 488 1856 ipsa.
535 1813 660 1860 ἀρετῆς
677 1813 811 1859 βέβαιαι
829 1809 853 1848 δ’
874 1814 956 1848 εἰσὶν

66 1860 250 1919 σειςιμόναι
268 1861 387 1917 Ετίρὶι,;
409 1864 449 1893 fr.
469 1859 557 1918 2023¹
584 1863 834 1894 Adverbiascit:
864 1861 911 1917 εὖ,
921 1860 957 1895 δὲ

14 1906 354 1988 ’ἕῦῗυῑμ-ἶῖῗὰῖῗὲ
370 1906 796 1989 ῗροῖωὸγῑῖἒῦιῗαῖἕῖαῖῗοὲ
831 1910 956 1989 ἒῖὦὲῗῗ

23 2002 45 2055 J
63 1966 245 2044 1a;‚gqua111
262 1975 351 2035 κατὰ
358 1966 404 2036 εἰς)
423 1982 543 2048 ἔργον,υ
555 1967 764 2048 ὃᾟέκτησαι,
790 1981 849 2044 pro
866 2014 956 2035 nun-

26 2056 32 2094 ς
64 2053 136 2090 epto
156 2054 213 2081 tun
231 2059 339 2090 opera.
702 2049 733 2094 (Ι
751 2061 784 2092 p.
806 2047 886 2091 996,
904 2047 958 2094 9.)

12 2117 164 2162 ’τίζω
181 2117 247 2163 (ic)
265 2119 389 2158 condo,
412 2122 549 2151 instruo.
594 2119 708 2153 κτίσον
736 2119 773 2154 δὲ
797 2120 847 2166 τῷ
871 2131 958 2166 προ-

26 2163 92 2212 'stip
109 2165 216 2212 τάφον
236 2161 409 2225 Αῃιῖχ101.
435 2168 477 2206 gl.
499 2166 766 2201 κατασκεύασον.
796 2169 958 2208 Adsigni-

14 2215 38 2257 L,
89 2215 207 2254 reperti
232 2215 338 2245 notio:
367 2211 519 2247 ἰ’πποισιν
543 2213 601 2247 τὸν
626 2213 800 2260 ἀκεστῆρα
817 2212 957 2261 χαλινὸν

15 2265 56 2303 {jv
69 2270 112 2293 ισι
136 2258 252 2293 ταῖσδε
270 2258 386 2297 κτίσας
404 2258 538 2306 ἀγυιαῖς
557 2260 611 2293 OC
630 2259 696 2293 715
715 2263 766 2293 ch.
796 2264 880 2293 Item
894 2273 958 2301 pa-

70 2317 80 2337 .·
109 2306 187 2340 *καὶ
212 2301 304 2340 ταῦτ’
332 2305 413 2353 ἔτλη
438 2306 515 2354 χεὶρ
539 2306 713 2354 γυναικεία
734 2307 866 2349 κτίσαι;
897 2309 952 2340 Tr.

57 2355 129 2386 ecl.
151 2352 299 2399 Herm.].
340 2356 391 2386 De
409 2361 514 2387 morte
533 2366 551 2386 a
567 2356 727 2387 Deianira
743 2357 890 2388 conscita
906 2357 956 2388 lo-

36 2405 51 2438 ‚'·
79 2401 210 2433 chorus.

16 2469 205 2506 Ι’τυπὲω
230 2475 347 2511 strepa.
393 2470 482 2516 ἀμφὶ
508 2465 535 2504 δ’
561 2470 731 2506 ἐκτύπουν
756 2471 875 2518 πέτραι
898 2474 954 2505 Tr.

23 2517 52 2560 ³.
90 2517 243 2550 ornabant.
292 2517 422 2551 ἔστενον
451 2520 546 2559 Dicg.
576 2521 684 2552 Laert.
720 2521 818 2560 longe
845 2522 957 2552 minus

36 2569 185 2602 canter.
231 2566 282 2597 De
308 2567 454 2597 tonitru:
485 2564 627 2599 ἔκτυπεν
652 2564 758 2612 αἰθήρ
785 2567 839 2599 OC
869 2564 958 2599 1456

24 2616 32 2621 ”
49 2626 57 2655 ‚¹
77 2609 184 2658 ύπησε
203 2610 265 2656 μὲν
284 2609 371 2650 Ζεὺς
388 2610 528 2659 χθόνιος
550 2610 649 2646 1606.
680 2615 721 2645 cf.
744 2615 770 2645 I.
792 2614 835 2645 1-1.
858 2615 953 2646 Voss.

14 2661 16 2669 ²
50 2668 120 2690 mn.
143 2658 215 2691 Cer.
234 2657 266 2690 ἴ).

44 2721 195 2766 ,τύπος
220 2731 383 2770 strepitus.
428 2730 626 2769 Argivorum
651 2731 757 2762 fuisse
774 2731 881 2762 fertur
897 2741 957 2772 pro

16 2789 30 2812 2,
43 2775 113 2807 '.·in
131 2777 228 2816 gloss.
248 2774 336 2809 κατὰ
352 2774 468 2813 πόλεις
484 2787 517 2817 p.
537 2774 625 2809 1095
640 2778 744 2808 Bekk.
774 2776 956 2823 προυφάνη

16 2819 36 2859 ³,
63 2821 74 2826 '⁵
101 2823 160 2854 Ph.
189 2819 257 2854 202
275 2824 325 2854 ch.
355 2824 395 2855 de
419 2825 531 2856 sonitu
557 2834 701 2864 gressus.
744 2823 804 2858 καὶ
828 2823 956 2862 κτύπος

53 2909 58 2914 .
88 2868 211 2903 πόντου
238 2867 391 2914 προβλής
417 2868 606 2916 [προβολῆς
634 2871 734 2902 Dind.
765 2881 792 2902 c.
821 2869 956 2915 Herm]

55 2951 60 2962 J
82 2930 120 2949 .ι.
169 2917 219 2948 De
245 2919 390 2948 tonitru:
425 2916 530 2962 μέγας
555 2915 722 2963 έρείπεται
745 2916 875 2955 κτύπος
900 2918 955 2950 OG

20 2985 21 2988 ,
52 2962 117 2995 vh.
162 2964 212 2995 De
237 2973 316 2995 voce
342 2965 575 2996 clamantium:
604 2962 654 3001 τίς
680 2962 721 2997 αὖ
751 2962 829 3010 παρ’
858 2963 955 3010 ὑμῶν

52 3009 75 3051 2²
84 3007 223 3056 ἠχεῖται
239 3008 386 3049 κτύπος,
408 3011 463 3043 OC
485 3008 583 3043 1500.
625 3012 675 3042 De
701 3013 812 3043 sonitu
839 3022 954 3044 currus

68 3057 230 3089 rriculum
248 3058 401 3089 celeriter
418 3059 522 3098 rapti,
552 3059 593 3089 de
612 3068 676 3099 quo
693 3067 815 3097 genere
832 3061 954 3101 strepi-

51 3120 53 3122 ·
84 3104 208 3144 prium
239 3113 311 3135 esse
345 3105 584 3137 demonstravit
616 3104 712 3137 Voss.
741 3106 765 3137 1.
798 3116 848 3138 c.:
889 3109 955 3143 πᾶς

21 3180 24 3200 5
70 3142 97 3181 {l
147 3148 273 3196 δρόμος
290 3149 420 3185 κτύπου
437 3155 613 3197 κροτητῶν
632 3149 794 3196 ἁρμάτων
807 3153 861 3185 El.
873 3150 952 3185 714.

22 3202 24 3219 ι
70 3234 76 3255 f
91 3212 317 3266 ἇμόβολος
340 3222 364 3252 i.
386 3231 418 3262 q.
437 3221 489 3267 τῷ
504 3219 630 3267 κυάμῳ
647 3219 777 3267 λαχών.
814 3221 849 3255 έν
866 3216 955 3256 Ἰνά-

23 3277 26 3294 t
73 3265 332 3312 αμόβολον
359 3265 571 3313 δικαστήν
596 3267 653 3312 (fr.
675 3266 770 3312 271).
808 3270 951 3308 Hesych.

23 3310 26 3361 ξ
71 3330 82 3356 y
98 3337 99 3340 η
144 3311 286 3360 πατρίῳ.
307 3316 407 3347 verba
424 3317 555 3356 integra
571 3326 602 3348 V.
623 3317 659 3348 in
676 3325 755 3348 voce
772 3325 841 3357 seq.
871 3316 950 3348 Cod.

62 3363 77 3385 l
94 3376 100 3389 v
129 3372 175 3399 ως
200 3359 349 3407 δικιστήν
376 3359 515 3405 [Schow.
536 3372 569 3404 p.
591 3359 656 3394 471
676 3360 884 3408 κυαμοβόλῳ
903 3361 955 3396 δι-

71 3411 76 3434 5
86 3419 91 3443 3
98 3407 233 3440 Nauck.
261 3410 303 3441 fr.
331 3412 414 3449 trag.
434 3419 466 3450 p.
491 3406 556 3442 153
574 3407 784 3454 κυαμοβολῶ
802 3420 838 3443 σε
855 3408 954 3444 δικα-

698 146 911 212 Κτήσιος
935 175 1004 182 —-
1029 145 1220 200 Κυκλάς

1909 145 2007 194 399

989 260 1101 308 στήν].
1134 264 1333 301 Accentum,
1355 264 1414 303 qui
1428 265 1616 302 penacutus
1634 262 1815 301 ferebatur,
1838 270 1880 292 ne
1898 261 2002 293 Dind.

990 311 1127 352 quidem
1144 309 1301 342 correxit.

1061 371 1240 425 Κύᾶμος
1265 378 1356 419 suba.
1403 379 1568 419 Hesych.:
1607 373 1774 423 Κυάμῳ
1809 375 1980 423 πατρίῳ
1996 389 2004 410 :

992 423 1178 473 Σοφοκλῆς
1196 423 1388 472 Μελεάγρῳ
1406 425 1464 469 [fr.
1486 423 1582 469 355),
1605 423 1651 462 ὡς
1668 424 1726 458 καὶ
1749 427 1817 457 τῶν
1837 421 2005 458 Αἰτωλῶν

989 471 1050 511 τὰς
1076 471 1129 520 άρ·
1146 474 1186 510 ὰς
1211 471 1467 518 κυαμευόντων.
1513 469 1715 516 διεκλήρουν
1742 470 1779 504 δὲ
1798 470 1903 508 αὐτὰς
1921 470 2007 505 κυά-

991 533 1057 566 μῳ.
1079 532 1124 554 κα
1156 519 1173 554 ὁ
1187 519 1244 554 τὸν
1258 518 1381 553 λευκὸν
1394 517 1511 564 λαβὼν
1525 517 1607 563 ἐλάγ
1636 530 1724 553 ανεν.
1746 517 1861 564 ἀνάγει
1876 517 1912 551 δὲ
1929 517 2009 555 τοὺς

987 566 1134 614 χρόνους
1152 567 1198 604 ὡς
1216 566 1276 601 καὶ
1294 566 1328 600 ἐν
1346 564 1468 613 Ἰνάχῳ
1480 565 1537 610 (fr.
1559 563 1624 598 271
1649 592 1656 598 .
1678 577 1709 597 v.
1731 567 1754 597 i.
1775 563 2005 610 κυαμόβολος.

990 615 1189 648 Gaudebant
1206 615 1334 646 scilieet
1348 615 1576 646 Athenienses
1594 623 1671 645 suos
1690 622 1796 645 mores
1815 614 1916 645 etiam
1934 614 2009 644 aliis

990 666 1024 694 et
1047 662 1184 694 heroum
1212 662 1347 703 quidem
1375 666 1484 693 aetate
1506 662 1664 701 gentibus
1682 661 1798 700 affingi
1817 661 2005 692 audientes.

992 711 1177 741 Accentum
1197 710 1285 740 vocis
1303 709 1451 741 enotavit
1467 709 1543 740 Arc.
1566 718 1599 749 p.
1622 704 1678 747 60,
1702 704 1755 738 14.

1062 776 1124 813 KG
1137 772 1265 816 ἃνεος
1297 778 1467 819 Cyaneas,
1496 782 1754 818 cognomentum
1782 778 2007 809 fabulosarum

990 828 1025 858 in
1052 836 1106 858 ore
1126 827 1255 858 Euxini
1280 827 1427 866 rupium.
1472 824 1565 870 παρὰ
1589 823 1626 858 δὲ
1645 821 1812 859 Κυανέων
1830 822 2006 869 πελαγέων

991 871 1135 918 διδυμᾶς
1153 871 1235 910 ἁλὸς
1253 870 1355 905 ἀκταὶ
1374 869 1563 918 Βοσπόριαι
1582 874 1662 904 Ant.
1684 868 1765 903 966.
1795 873 1833 903 ln
1853 872 1913 903 LA
1931 876 2007 912 post

990 918 1166 966 πελαγέων
1184 921 1318 952 additur
1336 923 1480 966 πετρῶν,
1510 929 1552 950 ne
1572 915 1723 953 Κυάνεαι
1742 919 1829 950 solae
1848 919 1937 951 nude
1957 919 2009 950 di-

990 978 1157 1000 ceremur.
1197 968 1262 1000 Sed
1287 976 1328 998 ne
1355 967 1479 998 dicitur
1505 967 1658 1008 quidem;
1689 975 1766 997 nam
1787 961 1925 999 Κυάνεα
1946 976 2006 998 πε-

990 1013 1081 1061 λάγη
1108 1020 1187 1046 sunt
1214 1012 1346 1060 πελάγη
1373 1012 1408 1047 ἐν
1434 1011 1486 1051 οἷς
1506 1010 1660 1048 Κυάνεαι
1684 1011 1815 1058 πέτραι.
1846 1013 2010 1054 Respexit

990 1063 1099 1094 locum
1117 1063 1214 1095 Eust.
1236 1072 1268 1103 p.
1291 1060 1371 1101 581,
1395 1058 1438 1093 18
1458 1059 1577 1106 [Dind.
1600 1072 1627 1092 c.
1649 1061 1831 1092 Wieselero
1850 1055 2008 1093 Κυανεᾶν

993 1107 1165 1142 σπιλάδων
1192 1106 1336 1152 >ἶιῦύμας
1362 1106 1444 1145 άλός
1469 1106 1589 1152 dedit].
1612 1126 1652 1131 -
1680 1109 1731 1139 De
1755 1112 1892 1139 accentu
1912 1116 2009 1148 prae-

993 1158 1117 1188 teriens
1135 1157 1298 1198 praecipit
1315 1155 1416 1188 schol.
1440 1157 1537 1187 Dion.
1561 1155 1640 1187 Thr.
1661 1165 1694 1195 p.
1719 1151 1803 1186 1261
1827 1154 1931 1186 Bekk.
1962 1155 2004 1186 cs.

994 1203 1068 1235 EM.
1090 1213 1123 1245 p.
1139 1200 1220 1244 542,
1233 1200 1290 1235 49.
1320 1203 1430 1235 Prima
1449 1204 1560 1234 versui
1581 1203 1748 1234 commodo
1766 1202 1925 1242 producta
1942 1206 2005 1233 est.

1063 1258 1093 1296 l<
1106 1255 1307 1308 ὖβερνάω
1333 1262 1487 1301 yuberno.
1521 1259 1631 1294 πάντα
1647 1259 1711 1306 γὰρ
1730 1259 1774 1306 σῇ
1790 1258 2010 1305 κυβερνῶμαι

991 1307 1067 1356 χερί
1084 1310 1138 1341 Ai.
1163 1306 1207 1342 35
1225 1311 1292 1349 reyi
1306 1311 1428 1348 patior.
1753 1307 1785 1351 (Ι
1803 1317 1837 1348 p.
1859 1304 1939 1348 997,
1956 1305 2010 1350 5)

1064 1363 1095 1400 Κ
1107 1378 1125 1400 υ
1137 1365 1180 1411 βε
1192 1366 1327 1413 ρνήτη
1339 1378 1354 1404 ς
1379 1367 1587 1407 yubemator.
1635 1363 1766 1399 έκπεπλ
1793 1365 1918 1410 γμένον
1935 1368 2009 1399 κεῖ-

993 1426 1050 1448 νον
1076 1412 1276 1459 βλέποντες,
1306 1415 1352 1451 ὡς
1369 1411 1582 1459 κυβερνήτην
1599 1414 1684 1450 νεώς
1702 1413 1760 1445 OR
1801 1411 1858 1446 23.
1903 1411 2010 1447 ἐκπε-

994 1459 1191 1507 πληγμένον
1215 1462 1255 1493 ad
1279 1460 1494 1506 κυβερνήτην
1513 1463 1600 1493 refer
1618 1471 1644 1492 c.
1668 1462 1835 1492 Brunckio
1849 1486 1856 1499 ,
1886 1470 1952 1492 non
1971 1465 2010 1492 ut

995 1509 1082 1548 Erf.,
1111 1510 1151 1540 ad
1176 1506 1370 1552 βλέποντες.
1406 1511 1457 1540 De
1483 1512 1622 1540 accentu
1649 1518 1680 1539 v.
1707 1508 1810 1540 schol.
1831 1509 1869 1539 ll.
1892 1519 1907 1541 ε
1927 1505 2005 1539 158.

997 1557 1094 1588 Eust.
1116 1566 1150 1597 p.
1171 1553 1253 1596 533,
1272 1554 1328 1588 38.

1065 1610 1298 1659 Κῦβευτής
1338 1617 1472 1646 aleator.

994 1658 1081 1701 686,
1110 1659 1143 1693 2.
1190 1662 1400 1694 Sententiam
1434 1663 1535 1693 vitam
1569 1671 1644 1693 cnm
1669 1662 1740 1692 alea
1764 1666 2010 1703 comparantem

994 1710 1110 1740 multis
1135 1710 1317 1740 illustravit
1340 1710 1511 1748 Wyttenb.
1541 1709 1581 1740 ad
1606 1709 1693 1740 Plut.
1715 1718 1806 1740 cons.
1837 1710 1877 1740 ad
1894 1710 2006 1750 Apoll.

994 1766 1026 1796 p.
1058 1752 1124 1787 112
1150 1756 1197 1796 Ε;
1228 1758 1270 1788 cs.
1292 1756 1484 1788 Hemsterh.
1515 1756 1555 1787 ad
1581 1756 1661 1787 Luc.
1684 1756 1841 1795 Necyom.
1869 1766 1903 1797 p.
1925 1753 2005 1789 367.

993 1808 1017 1834 t.
1039 1800 1071 1834 3.
1094 1803 1169 1844 Bip.
1200 1800 1250 1846 [et
1273 1804 1418 1842 Hesych.
1450 1814 1479 1834 v.
1501 1800 1700 1847 κυβευτήν]
1731 1820 1771 1825 -
1807 1804 1858 1835 De
1875 1808 1954 1835 tono
1972 1814 2003 1835 v.

993 1848 1218 1895 κυβερνήτης.

1064 1901 1210 1952 Κύβος
1235 1910 1333 1941 talus.
1379 1909 1533 1950 Proprie:
1563 1907 1671 1942 πεσσὰ
1688 1907 1788 1941 πεντέ
1813 1919 1932 1954 ραμμα
1948 1908 2007 1942 καὶ

992 1953 1107 1999 κύβων
1127 1953 1226 1988 βολαί
1244 1956 1365 1997 Naupl.
1387 1957 1427 1987 fr.
1450 1953 1529 1988 381.
1574 1954 1718 1992 πεσσοὺς
1744 1920 1871 2001 κύβους
1887 1966 1924 1988 τε
1942 1956 2006 1988 Pa-

993 2003 1070 2034 lam.
1093 1974 1172 2042 380,
1194 2000 1227 2034 4.
1258 2003 1397 2046 ¹'I'ralate
1415 2003 1455 2034 de
1471 2006 1576 2034 sorte:
1602 2001 1653 2036 ἀεὶ
1675 2001 1739 2048 γὰρ
1766 2001 1803 2037 εὖ
1829 2001 2006 2036 πίπτουσιν

996 2047 1028 2082 οἱ
1045 2045 1125 2086 Διὸς
1142 2047 1243 2094 κύβοι
1259 2051 1324 2082 ἰηο.
1348 2046 1415 2082 762
1441 2047 1515 2093 [qui
1540 2059 1657 2081 versus
1674 2051 1888 2090 proverbium
1906 2052 2007 2090 tragi-

995 2107 1070 2128 cum
1095 2097 1283 2137 appellatur
1308 2099 1348 2129 ab
1367 2097 1464 2129 Eust.
1487 2107 1520 2138 p.
1545 2094 1645 2137 1084,
1670 2094 1699 2128 1.
1731 2094 1832 2138 1397,
1856 2094 1909 2130 18.
1951 2097 2003 2129 Cf.

995 2143 1124 2176 Erasm.
1153 2144 1246 2184 adag.
1274 2145 1351 2176 chil.
1383 2141 1413 2175 1.
1442 2148 1529 2176 cent.
1551 2141 1584 2184 3,
1606 2141 1654 2188 9].
1694 2162 1735 2167 -
1779 2145 1891 2176 Tonus
1917 2144 2006 2176 idem

995 2191 1178 2232 eodemque
1202 2192 1275 2223 iure
1299 2201 1363 2232 quo
1388 2191 1424 2222 in
1442 2189 1559 2231 τύπος,
1584 2192 1836 2232 generatimque
1854 2192 2008 2223 observa-

995 2238 1043 2269 vit
1068 2239 1142 2269 Arc.
1170 2248 1204 2279 p.
1233 2235 1298 2279 45,
1326 2235 1383 2270 23.
1434 2239 1499 2279 Ap.
1527 2238 1673 2278 Hesych.
1702 2247 1875 2279 perperam
1900 2236 2007 2283 κῦβος

994 2286 1161 2327 scribitur.

1066 2340 1253 2383 Κῦὃάζω
1289 2346 1442 2375 conviciis
1466 2347 1552 2384 peto.
1597 2341 1768 2388 λοιδορεῖν
1798 2345 2004 2384 explicatum

995 2391 1173 2423 Eustathio
1191 2392 1214 2423 1.
1236 2401 1263 2422 c.
1292 2389 1550 2431 κυδάζεται,
1579 2388 1802 2436 λοιδορεῖται,
1833 2388 2004 2436 ὑβρίζεται

996 2438 1113 2470 Suidas
1140 2448 1183 2470 ex
1209 2439 1369 2479 Sophocle
1386 2439 1408 2470 l.
1430 2448 1481 2470 c.:
1509 2435 1804 2478 κυδάζεσθαι,
1833 2435 2005 2482 λοιδορεῖ-

995 2482 1087 2518 σθαι.
1106 2503 1147 2508 -
1174 2483 1354 2523 κυδάζεται
1369 2487 1443 2522 τοῖς
1457 2487 1556 2518 πᾶσιν
1569 2478 1727 2530 Ἀργείοις
1745 2483 1832 2530 ὁμοῦ
1850 2486 1904 2516 Αἰ.
1924 2482 2002 2517 722.

996 2533 1093 2564 Eust.
1123 2543 1157 2573 p.
1186 2529 1250 2573 64,
1279 2529 1336 2564 21.
1371 2529 1457 2571 790,
1486 2529 1543 2563 40.
1581 2533 1682 2563 schol.
1710 2533 1821 2573 Apoll.
1843 2532 1947 2564 Rhod.
1972 2529 2003 2572 1,

997 2576 1097 2611 1337.
1127 2580 1246 2610 Zonar.
1270 2576 1300 2610 1.
1321 2589 1354 2620 p.
1372 2575 1452 2610 879.
1489 2576 1521 2610 2.
1542 2589 1576 2620 p.
1594 2576 1692 2612 1271.
1724 2579 1788 2610 ΕΜ
1805 2577 2007 2621 νκέκυδάσ-

995 2632 1069 2659 σαο.
1105 2627 1205 2658 schol.
1233 2627 1325 2658 brev.
1352 2627 1387 2656 in
1414 2627 1454 2657 Il.
1476 2623 1533 2666 24,
1555 2622 1633 2657 592.
1665 2643 1705 2649 —
1742 2626 1848 2658 Schol.
1870 2627 2002 2658 Barocc.

995 2674 1035 2704 ad
1046 2674 1107 2708 (Αἰ.
1128 2674 1150 2704 l.
1173 2683 1200 2704 c.
1217 2684 1224 2703 z
1242 2670 1321 2706 κυδ
1334 2670 1484 2711 άζεται
1500 2666 1574 2705 κατ’
1591 2670 1806 2719 εὐφημισμόν
1820 2682 1827 2688 ·
1853 2671 2004 2706 κυδαίνω

993 2718 1052 2752 καὶ
1067 2718 1206 2758 κυδάζω
1222 2718 1260 2753 τὸ
1277 2717 1407 2758 δοξάζω
1421 2728 1428 2735 ·
1455 2717 1529 2752 ἀντὶ
1547 2717 1583 2751 δὲ
1599 2722 1659 2752 τοῦ
1677 2718 1784 2752 εἰπεῖν
1809 2731 1891 2753 κυκ
1902 2717 1976 2758 άζε
1987 2739 2006 2744 -

992 2778 1074 2807 ται,
1096 2764 1202 2812 ἤγουν
1216 2764 1434 2811 λοιδορεῖται,
1455 2777 1503 2799 κυ
1517 2765 1532 2798 ὃ
1544 2764 1695 2804 άξεται
1711 2765 1799 2799 εἷπε.
1823 2767 1874 2798 Cf.
1887 2768 2000 2808 Intpp.

993 2814 1153 2852 Hesychii
1178 2825 1209 2846 v.
1231 2811 1403 2847 κυδάσσει.
1444 2814 1531 2844 Num
1552 2814 1626 2844 iure
1643 2824 1662 2846 υ
1681 2815 1834 2845 credatur
1850 2814 1999 2855 produci,

992 2862 1187 2904 ambiguum
1203 2865 1266 2900 est,
1289 2861 1455 2901 siquidem
1473 2861 1589 2900 fuisse,
1613 2862 1671 2901 qui
1690 2871 1708 2892 a
1724 2858 1828 2897 κύδος
1846 2871 1921 2892 cum
1939 2871 2004 2893 κυ-

993 2905 1111 2952 δοιμός
1130 2913 1264 2947 cognato
1282 2909 1444 2939 ducerent
1461 2917 1504 2938 ex
1518 2907 1635 2939 Photio
1654 2908 1764 2947 colligi
1776 2908 1855 2939 licet
1871 2918 1904 2949 p.
1921 2904 2000 2947 184,

995 2953 1031 2986 1:
1053 2953 1175 2991 κύὸοςε
1197 2952 1351 2999 λοιδορία
1369 2951 1565 3000 ἀρσενικῶς.

1063 3007 1291 3057 Κὸθέρεια
1318 3013 1431 3044 Venus.
1469 3009 1639 3058 εὔκαρπον
1659 3008 1850 3058 Κυθέρειαν
1868 3013 1910 3043 fr.
1932 3012 1999 3043 inc.

993 3056 1072 3090 879.
1118 3070 1148 3090 v.
1185 3056 1367 3105 εύκαρπος.
1411 3060 1597 3091 Illustravit
1626 3060 1798 3098 Wyttenb.
1834 3059 1874 3090 ad
1908 3059 1998 3090 Plut.

991 3115 1100 3147 praec.
1129 3107 1259 3146 coniug.
1287 3117 1321 3149 p.
1344 3103 1411 3138 144
1429 3107 1466 3138 Β.
1509 3107 1561 3138 De
1586 3107 1674 3138 vocis
1699 3107 1918 3146 originatione
1943 3116 2004 3137 va-

992 3154 1041 3184 ria
1064 3154 1234 3184 veteribus
1252 3154 1438 3192 excogitata
1455 3157 1535 3184 sunt
1552 3155 1687 3195 inepte,
1715 3164 1746 3184 v.
1768 3152 1938 3184 Muetzell.
1960 3152 2001 3183 de

992 3209 1056 3231 em.
1079 3200 1202 3239 Theog.
1225 3201 1360 3232 Hesiod.
1382 3210 1415 3240 p.
1437 3197 1517 3231 420.

1061 3253 1222 3292 Κῦκάω
1248 3259 1353 3290 turbo.
1385 3256 1503 3304 παρεὶς
1519 3252 1665 3291 κλύδων’
1683 3256 1830 3304 ἔφιππον
1850 3254 1884 3291 ἐν
1903 3255 1998 3303 μέσῳ

989 3305 1190 3350 κυκώμενον
1207 3306 1259 3337 El.
1281 3303 1360 3338 733.

1059 3359 1252 3408 Κυκλάς.
1290 3363 1398 3396 Schol.
1426 3364 1484 3396 Ar.
1506 3364 1570 3395 Av.
1595 3361 1695 3396 1203.
1734 3358 1833 3408 Κυνῆ
1861 3361 1918 3402 δέ,
1948 3361 2001 3396 ὅτι

989 3408 1063 3457 ἔχει
1085 3407 1352 3456 περικεφαλαίαν
1371 3409 1429 3443 τὸν
1448 3409 1594 3444 πέτασον
1607 3419 1614 3427 ·
1643 3410 1689 3448 ὡς
1702 3406 1839 3456 Ἑρμῆς
1857 3407 2000 3456 ἄγγελος

1526 1613 1631 1659 σοφὸν
1663 1612 1834 1658 κυβευτήν
1865 1616 1906 1647 fr.
1938 1616 2005 1647 inc.
