<?xml version="1.0" encoding="UTF-8"?>
<!DOCTYPE html PUBLIC "-//W3C//DTD XHTML 1.0 Transitional//EN"
    "http://www.w3.org/TR/xhtml1/DTD/xhtml1-transitional.dtd">
<html xmlns="http://www.w3.org/1999/xhtml" xml:lang="en" lang="en">
 <head>
  <title>
</title>
<meta http-equiv="Content-Type" content="text/html;charset=utf-8" />
  <meta name='ocr-system' content='tesseract 3.04.00' />
  <meta name='ocr-capabilities' content='ocr_page ocr_carea ocr_par ocr_line ocrx_word'/>
</head>
<body>
  <div class='ocr_page' id='page_1' title='image "./lexiconsophocleu00elleuoft_0697.png"; bbox 0 0 2288 3600; ppageno 0'>
   <div class='ocr_carea' id='block_1_1' title="bbox 0 0 60 607">
    <p class='ocr_par' dir='ltr' id='par_1_1' title="bbox 0 0 60 607">
     <span class='ocr_line' id='line_1_1' title="bbox 0 0 60 215; baseline 0 -148"><span class='ocrx_word' id='word_1_1' title='bbox 0 0 60 215; x_wconf 95' lang='lat' dir='ltr'><strong>  </strong></span> 
     </span>
     <span class='ocr_line' id='line_1_2' title="bbox 0 215 60 350; baseline 0 -91"><span class='ocrx_word' id='word_1_2' title='bbox 0 215 60 350; x_wconf 95' lang='lat' dir='ltr'><strong>   </strong></span> 
     </span>
     <span class='ocr_line' id='line_1_3' title="bbox 0 350 60 607; baseline 0 -70"><span class='ocrx_word' id='word_1_3' title='bbox 0 350 60 607; x_wconf 95' lang='lat' dir='ltr'><strong>    </strong></span> 
     </span>
    </p>
   </div>
   <div class='ocr_carea' id='block_1_2' title="bbox 26 99 274 178">
    <p class='ocr_par' dir='ltr' id='par_1_2' title="bbox 26 99 274 178">
     <span class='ocr_line' id='line_1_4' title="bbox 26 99 274 178; baseline -0.012 -9"><span class='ocrx_word' id='word_1_4' title='bbox 26 99 274 178; x_wconf 64' lang='lat' dir='ltr'><strong>‘sm-saa]</strong></span> 
     </span>
    </p>
   </div>
   <div class='ocr_carea' id='block_1_3' title="bbox 3 235 966 601">
    <p class='ocr_par' dir='ltr' id='par_1_3' title="bbox 3 235 966 613">
     <span class='ocr_line' id='line_1_5' title="bbox 18 235 965 278; baseline -0.001 -8"><span class='ocrx_word' id='word_1_5' title='bbox 18 235 42 271; x_wconf 66' lang='lat' dir='ltr'><strong>J:</strong></span> <span class='ocrx_word' id='word_1_6' title='bbox 60 235 219 274; x_wconf 77' lang='grc' dir='ltr'>ωπεύω</span> <span class='ocrx_word' id='word_1_7' title='bbox 242 238 394 278; x_wconf 79' lang='lat' dir='ltr'><strong>adulari,</strong></span> <span class='ocrx_word' id='word_1_8' title='bbox 420 237 594 270; x_wconf 67' lang='lat' dir='ltr'><strong>eblandiri.</strong></span> <span class='ocrx_word' id='word_1_9' title='bbox 633 236 672 271; x_wconf 85' lang='grc' dir='ltr'><strong>σὺ</strong></span> <span class='ocrx_word' id='word_1_10' title='bbox 697 238 805 271; x_wconf 82' lang='grc' dir='ltr'>ταῦτα</span> <span class='ocrx_word' id='word_1_11' title='bbox 827 235 965 271; x_wconf 79' lang='grc' dir='ltr'>θώπευε</span> 
     </span>
     <span class='ocr_line' id='line_1_6' title="bbox 14 281 965 327; baseline -0.004 -7"><span class='ocrx_word' id='word_1_12' title='bbox 14 281 112 327; x_wconf 56' lang='grc'><strong>397.</strong></span> <span class='ocrx_word' id='word_1_13' title='bbox 140 286 272 318; x_wconf 81' lang='lat' dir='ltr'><strong>Electra</strong></span> <span class='ocrx_word' id='word_1_14' title='bbox 290 284 557 325; x_wconf 87' lang='lat' dir='ltr'><strong>Chrysothemidi</strong></span> <span class='ocrx_word' id='word_1_15' title='bbox 582 294 641 326; x_wconf 87' lang='lat' dir='ltr'><strong>pro</strong></span> <span class='ocrx_word' id='word_1_16' title='bbox 658 285 728 317; x_wconf 87' lang='lat' dir='ltr'><strong>suis</strong></span> <span class='ocrx_word' id='word_1_17' title='bbox 746 285 892 316; x_wconf 87' lang='lat' dir='ltr'><strong>moribus</strong></span> <span class='ocrx_word' id='word_1_18' title='bbox 909 294 965 316; x_wconf 90' lang='lat' dir='ltr'><strong>ce-</strong></span> 
     </span>
     <span class='ocr_line' id='line_1_7' title="bbox 22 332 965 375; baseline -0.004 -9"><span class='ocrx_word' id='word_1_19' title='bbox 22 343 41 361; x_wconf 83' lang='lat'><strong>··.</strong></span> <span class='ocrx_word' id='word_1_20' title='bbox 65 333 179 375; x_wconf 82' lang='lat' dir='ltr'><strong>potius</strong></span> <span class='ocrx_word' id='word_1_21' title='bbox 195 342 295 374; x_wconf 85' lang='lat' dir='ltr'><strong>quam</strong></span> <span class='ocrx_word' id='word_1_22' title='bbox 312 333 495 374; x_wconf 74' lang='lat' dir='ltr'><strong>procaciter</strong></span> <span class='ocrx_word' id='word_1_23' title='bbox 511 332 684 364; x_wconf 80' lang='lat' dir='ltr'><strong>resistenti</strong></span> <span class='ocrx_word' id='word_1_24' title='bbox 709 333 874 373; x_wconf 84' lang='lat' dir='ltr'><strong>potiorum</strong></span> <span class='ocrx_word' id='word_1_25' title='bbox 892 332 965 372; x_wconf 87' lang='lat' dir='ltr'><strong>opi-</strong></span> 
     </span>
     <span class='ocr_line' id='line_1_8' title="bbox 7 375 965 426; baseline -0.004 -12"><span class='ocrx_word' id='word_1_26' title='bbox 7 378 102 414; x_wconf 65' lang='lat' dir='ltr'><strong>*eoi</strong></span> <span class='ocrx_word' id='word_1_27' title='bbox 117 378 156 414; x_wconf 84' lang='grc' dir='ltr'><strong>τὸ</strong></span> <span class='ocrx_word' id='word_1_28' title='bbox 173 377 315 426; x_wconf 78' lang='grc' dir='ltr'><strong>Θησέως</strong></span> <span class='ocrx_word' id='word_1_29' title='bbox 337 376 446 424; x_wconf 78' lang='grc' dir='ltr'>ὄνομα</span> <span class='ocrx_word' id='word_1_30' title='bbox 470 376 648 412; x_wconf 75' lang='grc' dir='ltr'>θωπεῦσαι</span> <span class='ocrx_word' id='word_1_31' title='bbox 672 376 778 413; x_wconf 74' lang='grc' dir='ltr'>καλόν</span> <span class='ocrx_word' id='word_1_32' title='bbox 803 378 860 411; x_wconf 85' lang='lat' dir='ltr'><strong>OC</strong></span> <span class='ocrx_word' id='word_1_33' title='bbox 875 375 965 410; x_wconf 92' lang='grc'>1003</span> 
     </span>
     <span class='ocr_line' id='line_1_9' title="bbox 8 426 965 465; baseline -0.004 -5"><span class='ocrx_word' id='word_1_34' title='bbox 8 436 30 465; x_wconf 65' lang='grc'><strong>1.</strong></span> <span class='ocrx_word' id='word_1_35' title='bbox 57 428 194 460; x_wconf 82' lang='lat' dir='ltr'><strong>simulas</strong></span> <span class='ocrx_word' id='word_1_36' title='bbox 217 431 251 459; x_wconf 94' lang='lat' dir='ltr'><strong>te</strong></span> <span class='ocrx_word' id='word_1_37' title='bbox 275 436 349 459; x_wconf 91' lang='lat' dir='ltr'><strong>meo</strong></span> <span class='ocrx_word' id='word_1_38' title='bbox 379 430 415 458; x_wconf 91' lang='lat' dir='ltr'><strong>et</strong></span> <span class='ocrx_word' id='word_1_39' title='bbox 438 427 700 458; x_wconf 83' lang='lat' dir='ltr'><strong>Atheniensium</strong></span> <span class='ocrx_word' id='word_1_40' title='bbox 725 426 853 458; x_wconf 89' lang='lat' dir='ltr'><strong>nomini</strong></span> <span class='ocrx_word' id='word_1_41' title='bbox 878 426 965 457; x_wconf 86' lang='lat' dir='ltr'><strong>fictis</strong></span> 
     </span>
     <span class='ocr_line' id='line_1_10' title="bbox 6 470 966 515; baseline -0.002 -8.006"><span class='ocrx_word' id='word_1_42' title='bbox 3 474 193 515; x_wconf 51' lang='grc' dir='ltr'><strong>,Αἰωοηιίε</strong></span> <span class='ocrx_word' id='word_1_43' title='bbox 212 474 386 515; x_wconf 87' lang='lat' dir='ltr'><strong>adreptare</strong></span> <span class='ocrx_word' id='word_1_44' title='bbox 405 474 502 506; x_wconf 88' lang='lat' dir='ltr'><strong>velle.</strong></span> <span class='ocrx_word' id='word_1_45' title='bbox 530 470 657 511; x_wconf 78' lang='grc' dir='ltr'>ἄλλους</span> <span class='ocrx_word' id='word_1_46' title='bbox 682 470 720 506; x_wconf 80' lang='grc' dir='ltr'><strong>δὲ</strong></span> <span class='ocrx_word' id='word_1_47' title='bbox 748 470 966 507; x_wconf 74' lang='grc' dir='ltr'>θωπεύοντες</span> 
     </span>
     <span class='ocr_line' id='line_1_11' title="bbox 10 518 964 568; baseline -0.004 -13"><span class='ocrx_word' id='word_1_48' title='bbox 10 524 111 568; x_wconf 61' lang='grc' dir='ltr'><strong>ζκιμεν</strong></span> <span class='ocrx_word' id='word_1_49' title='bbox 143 518 251 562; x_wconf 98' lang='grc'><strong>1336,</strong></span> <span class='ocrx_word' id='word_1_50' title='bbox 288 521 328 553; x_wconf 90' lang='lat' dir='ltr'><strong>de</strong></span> <span class='ocrx_word' id='word_1_51' title='bbox 357 521 534 553; x_wconf 84' lang='lat' dir='ltr'><strong>exsulibus</strong></span> <span class='ocrx_word' id='word_1_52' title='bbox 563 530 638 553; x_wconf 81' lang='lat' dir='ltr'><strong>sese</strong></span> <span class='ocrx_word' id='word_1_53' title='bbox 666 521 852 552; x_wconf 86' lang='lat' dir='ltr'><strong>alienorum</strong></span> <span class='ocrx_word' id='word_1_54' title='bbox 882 520 964 552; x_wconf 85' lang='lat' dir='ltr'><strong>mori</strong></span> 
     </span>
     <span class='ocr_line' id='line_1_12' title="bbox 3 567 284 601; baseline -0.004 0"><span class='ocrx_word' id='word_1_55' title='bbox 3 567 28 597; x_wconf 74' lang='grc' dir='ltr'><strong>’ῗ</strong></span> <span class='ocrx_word' id='word_1_56' title='bbox 36 583 51 597; x_wconf 73' lang='grc' dir='ltr'><strong>ιι</strong></span> <span class='ocrx_word' id='word_1_57' title='bbox 61 569 284 601; x_wconf 85' lang='lat' dir='ltr'><strong>modantibus.</strong></span> 
     </span>
    </p>
   </div>
   <div class='ocr_carea' id='block_1_4' title="bbox 0 609 965 958">
    <p class='ocr_par' dir='ltr' id='par_1_4' title="bbox 0 609 965 958">
     <span class='ocr_line' id='line_1_13' title="bbox 0 609 959 673; baseline -0.002 -13"><span class='ocrx_word' id='word_1_58' title='bbox 0 609 194 667; x_wconf 53' lang='grc' dir='ltr'><strong>ἶέῦώσσω.</strong></span> <span class='ocrx_word' id='word_1_59' title='bbox 223 623 393 673; x_wconf 72' lang='grc' dir='ltr'>θωχθείςτ</span> <span class='ocrx_word' id='word_1_60' title='bbox 424 622 635 673; x_wconf 84' lang='grc' dir='ltr'>θωρηχθείς,</span> <span class='ocrx_word' id='word_1_61' title='bbox 666 623 852 671; x_wconf 82' lang='grc' dir='ltr'>μεθυσθείς</span> <span class='ocrx_word' id='word_1_62' title='bbox 872 621 959 671; x_wconf 88' lang='grc' dir='ltr'><strong>Σοφ.</strong></span> 
     </span>
     <span class='ocr_line' id='line_1_14' title="bbox 0 653 964 764; baseline 0 -57"><span class='ocrx_word' id='word_1_63' title='bbox 0 653 87 764; x_wconf 40' lang='lat' dir='ltr'><strong>pue.</strong></span> <span class='ocrx_word' id='word_1_64' title='bbox 99 672 159 718; x_wconf 82' lang='lat' dir='ltr'><strong>(fr.</strong></span> <span class='ocrx_word' id='word_1_65' title='bbox 175 671 258 718; x_wconf 87' lang='grc'><strong>183)</strong></span> <span class='ocrx_word' id='word_1_66' title='bbox 266 674 411 713; x_wconf 88' lang='lat' dir='ltr'><strong>Hesych.</strong></span> <span class='ocrx_word' id='word_1_67' title='bbox 424 674 496 712; x_wconf 88' lang='lat' dir='ltr'><strong>Qua</strong></span> <span class='ocrx_word' id='word_1_68' title='bbox 509 674 754 712; x_wconf 88' lang='lat' dir='ltr'><strong>significatione</strong></span> <span class='ocrx_word' id='word_1_69' title='bbox 767 670 964 719; x_wconf 60' lang='grc' dir='ltr'>θωρηχθῆ-</span> 
     </span>
     <span class='ocr_line' id='line_1_15' title="bbox 8 720 964 765; baseline -0.003 -11"><span class='ocrx_word' id='word_1_70' title='bbox 8 721 218 765; x_wconf 45' lang='lat' dir='ltr'><strong>„praeditum</strong></span> <span class='ocrx_word' id='word_1_71' title='bbox 244 721 364 753; x_wconf 85' lang='lat' dir='ltr'><strong>Ionicis</strong></span> <span class='ocrx_word' id='word_1_72' title='bbox 388 721 495 762; x_wconf 86' lang='lat' dir='ltr'><strong>poetis</strong></span> <span class='ocrx_word' id='word_1_73' title='bbox 514 720 775 761; x_wconf 89' lang='lat' dir='ltr'><strong>recentioribus,</strong></span> <span class='ocrx_word' id='word_1_74' title='bbox 811 721 843 751; x_wconf 89' lang='lat' dir='ltr'><strong>ei</strong></span> <span class='ocrx_word' id='word_1_75' title='bbox 861 721 964 752; x_wconf 85' lang='lat' dir='ltr'><strong>simili</strong></span> 
     </span>
     <span class='ocr_line' id='line_1_16' title="bbox 25 764 964 814; baseline -0.002 -12.046"><span class='ocrx_word' id='word_1_76' title='bbox 25 785 38 802; x_wconf 64' lang='lat' dir='ltr'><strong>a«</strong></span> <span class='ocrx_word' id='word_1_77' title='bbox 51 765 130 802; x_wconf 83' lang='grc' dir='ltr'><strong>σθαι</strong></span> <span class='ocrx_word' id='word_1_78' title='bbox 145 777 188 800; x_wconf 82' lang='lat' dir='ltr'><strong>ex</strong></span> <span class='ocrx_word' id='word_1_79' title='bbox 202 768 367 807; x_wconf 80' lang='lat' dir='ltr'><strong>Aeschylo</strong></span> <span class='ocrx_word' id='word_1_80' title='bbox 383 777 443 808; x_wconf 92' lang='lat' dir='ltr'><strong>pro</strong></span> <span class='ocrx_word' id='word_1_81' title='bbox 460 764 698 814; x_wconf 70' lang='grc' dir='ltr'>εὐωχηθῆναι,</span> <span class='ocrx_word' id='word_1_82' title='bbox 719 768 800 799; x_wconf 86' lang='lat' dir='ltr'><strong>item</strong></span> <span class='ocrx_word' id='word_1_83' title='bbox 818 764 964 814; x_wconf 84' lang='grc' dir='ltr'>θωχθῆ-</span> 
     </span>
     <span class='ocr_line' id='line_1_17' title="bbox 4 811 964 861; baseline -0.002 -13.004"><span class='ocrx_word' id='word_1_84' title='bbox 4 827 19 854; x_wconf 63' lang='lat'><strong>³3</strong></span> <span class='ocrx_word' id='word_1_85' title='bbox 35 816 84 848; x_wconf 80' lang='lat' dir='ltr'><strong>sic</strong></span> <span class='ocrx_word' id='word_1_86' title='bbox 100 816 192 847; x_wconf 90' lang='lat' dir='ltr'><strong>enim</strong></span> <span class='ocrx_word' id='word_1_87' title='bbox 209 825 269 856; x_wconf 88' lang='lat' dir='ltr'><strong>pro</strong></span> <span class='ocrx_word' id='word_1_88' title='bbox 286 812 447 861; x_wconf 78' lang='grc' dir='ltr'>θωθῆναι</span> <span class='ocrx_word' id='word_1_89' title='bbox 463 812 693 858; x_wconf 84' lang='lat' dir='ltr'><strong>scribendum]</strong></span> <span class='ocrx_word' id='word_1_90' title='bbox 710 818 744 846; x_wconf 88' lang='lat' dir='ltr'><strong>et</strong></span> <span class='ocrx_word' id='word_1_91' title='bbox 761 811 882 856; x_wconf 80' lang='grc' dir='ltr'>θῶξαι,</span> <span class='ocrx_word' id='word_1_92' title='bbox 903 815 964 846; x_wconf 89' lang='lat' dir='ltr'><strong>hoc</strong></span> 
     </span>
     <span class='ocr_line' id='line_1_18' title="bbox 14 859 965 907; baseline 0 -12"><span class='ocrx_word' id='word_1_93' title='bbox 14 868 91 895; x_wconf 84' lang='lat' dir='ltr'><strong>em</strong></span> <span class='ocrx_word' id='word_1_94' title='bbox 109 859 267 907; x_wconf 78' lang='grc' dir='ltr'>μεθύσαι,</span> <span class='ocrx_word' id='word_1_95' title='bbox 296 859 488 907; x_wconf 82' lang='grc' dir='ltr'><strong>πληρῶσαι,</strong></span> <span class='ocrx_word' id='word_1_96' title='bbox 517 862 603 893; x_wconf 92' lang='lat' dir='ltr'><strong>illud</strong></span> <span class='ocrx_word' id='word_1_97' title='bbox 625 863 757 907; x_wconf 78' lang='grc' dir='ltr'>φαγεῖν,</span> <span class='ocrx_word' id='word_1_98' title='bbox 778 859 965 907; x_wconf 79' lang='grc' dir='ltr'>γεύσασθαι</span> 
     </span>
     <span class='ocr_line' id='line_1_19' title="bbox 7 906 962 958; baseline -0.003 -15"><span class='ocrx_word' id='word_1_99' title='bbox 7 908 171 958; x_wconf 46' lang='lat' dir='ltr'><strong>deatum,</strong></span> <span class='ocrx_word' id='word_1_100' title='bbox 200 910 240 942; x_wconf 87' lang='lat' dir='ltr'><strong>ab</strong></span> <span class='ocrx_word' id='word_1_101' title='bbox 267 909 411 950; x_wconf 89' lang='lat' dir='ltr'><strong>Hesych.</strong></span> <span class='ocrx_word' id='word_1_102' title='bbox 433 913 617 950; x_wconf 85' lang='lat' dir='ltr'><strong>ponuntur.</strong></span> <span class='ocrx_word' id='word_1_103' title='bbox 655 906 722 953; x_wconf 91' lang='lat' dir='ltr'><strong>[De</strong></span> <span class='ocrx_word' id='word_1_104' title='bbox 739 909 858 941; x_wconf 87' lang='lat' dir='ltr'><strong>Dorica</strong></span> <span class='ocrx_word' id='word_1_105' title='bbox 884 918 962 941; x_wconf 89' lang='lat' dir='ltr'><strong>voce</strong></span> 
     </span>
    </p>
   </div>
   <div class='ocr_carea' id='block_1_5' title="bbox 0 819 131 3600">
    <p class='ocr_par' dir='ltr' id='par_1_5' title="bbox 0 819 131 3600">
     <span class='ocr_line' id='line_1_20' title="bbox 0 819 33 880; baseline 0.061 -2"><span class='ocrx_word' id='word_1_106' title='bbox 0 819 33 880; x_wconf 95' lang='lat' dir='ltr'><strong>   </strong></span> 
     </span>
     <span class='ocr_line' id='line_1_21' title="bbox 0 880 37 1207; baseline 0 -222"><span class='ocrx_word' id='word_1_107' title='bbox 0 880 37 1207; x_wconf 95' lang='lat' dir='ltr'><strong>   </strong></span> 
     </span>
     <span class='ocr_line' id='line_1_22' title="bbox 0 1207 33 1382; baseline 0.182 -44"><span class='ocrx_word' id='word_1_108' title='bbox 0 1207 33 1382; x_wconf 95' lang='lat' dir='ltr'><strong>    </strong></span> 
     </span>
     <span class='ocr_line' id='line_1_23' title="bbox 0 1382 67 1484; baseline 0.134 -6"><span class='ocrx_word' id='word_1_109' title='bbox 0 1382 67 1484; x_wconf 95' lang='lat' dir='ltr'><strong>   </strong></span> 
     </span>
     <span class='ocr_line' id='line_1_24' title="bbox 0 1484 71 1714; baseline 0 -91"><span class='ocrx_word' id='word_1_110' title='bbox 0 1484 71 1714; x_wconf 95' lang='lat' dir='ltr'><strong>     </strong></span> 
     </span>
     <span class='ocr_line' id='line_1_25' title="bbox 0 1714 58 1763; baseline 0 -47"><span class='ocrx_word' id='word_1_111' title='bbox 0 1714 58 1763; x_wconf 95' lang='lat' dir='ltr'><strong>  </strong></span> 
     </span>
     <span class='ocr_line' id='line_1_26' title="bbox 0 1763 68 1902; baseline 0.074 -47"><span class='ocrx_word' id='word_1_112' title='bbox 0 1763 68 1902; x_wconf 95' lang='lat' dir='ltr'><strong>    </strong></span> 
     </span>
     <span class='ocr_line' id='line_1_27' title="bbox 0 1902 47 2037; baseline 0.383 -94"><span class='ocrx_word' id='word_1_113' title='bbox 0 1902 47 2037; x_wconf 95' lang='lat' dir='ltr'><strong>     </strong></span> 
     </span>
     <span class='ocr_line' id='line_1_28' title="bbox 0 2048 70 2184; baseline 0 -90"><span class='ocrx_word' id='word_1_114' title='bbox 0 2048 70 2184; x_wconf 95' lang='lat' dir='ltr'><strong>     </strong></span> 
     </span>
     <span class='ocr_line' id='line_1_29' title="bbox 0 2184 89 2340; baseline 0 -10"><span class='ocrx_word' id='word_1_115' title='bbox 0 2184 89 2340; x_wconf 95' lang='lat' dir='ltr'><strong>    </strong></span> 
     </span>
     <span class='ocr_line' id='line_1_30' title="bbox 0 2340 96 2424; baseline 0 0"><span class='ocrx_word' id='word_1_116' title='bbox 0 2340 96 2424; x_wconf 95' lang='lat' dir='ltr'><strong>  </strong></span> 
     </span>
     <span class='ocr_line' id='line_1_31' title="bbox 0 2424 75 2560; baseline 0 -47"><span class='ocrx_word' id='word_1_117' title='bbox 0 2424 75 2560; x_wconf 95' lang='lat' dir='ltr'><strong>   </strong></span> 
     </span>
     <span class='ocr_line' id='line_1_32' title="bbox 0 2560 108 2748; baseline 0 -47"><span class='ocrx_word' id='word_1_118' title='bbox 0 2560 108 2748; x_wconf 95' lang='lat' dir='ltr'><strong>     </strong></span> 
     </span>
     <span class='ocr_line' id='line_1_33' title="bbox 0 2748 80 2841; baseline 0 0"><span class='ocrx_word' id='word_1_119' title='bbox 0 2748 80 2841; x_wconf 95' lang='lat' dir='ltr'><strong>  </strong></span> 
     </span>
     <span class='ocr_line' id='line_1_34' title="bbox 0 2841 104 2942; baseline 0.01 -53"><span class='ocrx_word' id='word_1_120' title='bbox 0 2841 104 2942; x_wconf 95' lang='lat' dir='ltr'><strong>   </strong></span> 
     </span>
     <span class='ocr_line' id='line_1_35' title="bbox 0 2942 86 3065; baseline 0 0"><span class='ocrx_word' id='word_1_121' title='bbox 0 2942 86 3065; x_wconf 95' lang='lat' dir='ltr'><strong>  </strong></span> 
     </span>
     <span class='ocr_line' id='line_1_36' title="bbox 0 3065 78 3269; baseline 0 -92"><span class='ocrx_word' id='word_1_122' title='bbox 0 3065 78 3269; x_wconf 95' lang='lat' dir='ltr'><strong>    </strong></span> 
     </span>
     <span class='ocr_line' id='line_1_37' title="bbox 0 3269 102 3306; baseline 0 -36"><span class='ocrx_word' id='word_1_123' title='bbox 0 3269 102 3306; x_wconf 95' lang='lat' dir='ltr'><strong>  </strong></span> 
     </span>
     <span class='ocr_line' id='line_1_38' title="bbox 0 3306 131 3600; baseline 0 -200"><span class='ocrx_word' id='word_1_124' title='bbox 0 3306 131 3600; x_wconf 95' lang='lat' dir='ltr'><strong>   </strong></span> 
     </span>
    </p>
   </div>
   <div class='ocr_carea' id='block_1_6' title="bbox 1 1227 962 3430">
    <p class='ocr_par' dir='ltr' id='par_1_6' title="bbox 1 1227 962 3433">
     <span class='ocr_line' id='line_1_39' title="bbox 1 1227 959 1268; baseline -0.003 -7"><span class='ocrx_word' id='word_1_125' title='bbox 1 1228 54 1266; x_wconf 53' lang='lat' dir='ltr'><strong>lyd.</strong></span> <span class='ocrx_word' id='word_1_126' title='bbox 83 1227 281 1267; x_wconf 81' lang='lat' dir='ltr'><strong>Dubitavit,</strong></span> <span class='ocrx_word' id='word_1_127' title='bbox 318 1237 399 1258; x_wconf 91' lang='lat' dir='ltr'><strong>num</strong></span> <span class='ocrx_word' id='word_1_128' title='bbox 429 1227 495 1258; x_wconf 90' lang='lat' dir='ltr'><strong>tale</strong></span> <span class='ocrx_word' id='word_1_129' title='bbox 524 1236 671 1267; x_wconf 89' lang='lat' dir='ltr'><strong>unquam</strong></span> <span class='ocrx_word' id='word_1_130' title='bbox 702 1227 820 1258; x_wconf 79' lang='lat' dir='ltr'><strong>tertiae</strong></span> <span class='ocrx_word' id='word_1_131' title='bbox 845 1236 959 1268; x_wconf 87' lang='lat' dir='ltr'><strong>perso-</strong></span> 
     </span>
     <span class='ocr_line' id='line_1_40' title="bbox 3 1270 962 1319; baseline -0.003 -12"><span class='ocrx_word' id='word_1_132' title='bbox 3 1273 215 1319; x_wconf 71' lang='lat' dir='ltr'><strong>pronomen</strong></span> <span class='ocrx_word' id='word_1_133' title='bbox 240 1275 354 1315; x_wconf 87' lang='lat' dir='ltr'><strong>fuerit,</strong></span> <span class='ocrx_word' id='word_1_134' title='bbox 398 1273 517 1305; x_wconf 86' lang='lat' dir='ltr'><strong>Matth.</strong></span> <span class='ocrx_word' id='word_1_135' title='bbox 548 1274 605 1306; x_wconf 89' lang='lat' dir='ltr'><strong>Gr.</strong></span> <span class='ocrx_word' id='word_1_136' title='bbox 636 1271 674 1314; x_wconf 94' lang='lat'><strong>1,</strong></span> <span class='ocrx_word' id='word_1_137' title='bbox 703 1270 782 1306; x_wconf 94' lang='grc'>275.</span> <span class='ocrx_word' id='word_1_138' title='bbox 821 1274 885 1306; x_wconf 85' lang='lat' dir='ltr'><strong>Sed</strong></span> <span class='ocrx_word' id='word_1_139' title='bbox 912 1276 962 1305; x_wconf 89' lang='lat' dir='ltr'><strong>tot</strong></span> 
     </span>
     <span class='ocr_line' id='line_1_41' title="bbox 52 1321 961 1362; baseline -0.002 -8.1"><span class='ocrx_word' id='word_1_140' title='bbox 52 1324 188 1362; x_wconf 81' lang='lat' dir='ltr'><strong>tamque</strong></span> <span class='ocrx_word' id='word_1_141' title='bbox 213 1321 339 1353; x_wconf 89' lang='lat' dir='ltr'><strong>diserta</strong></span> <span class='ocrx_word' id='word_1_142' title='bbox 356 1324 507 1353; x_wconf 87' lang='lat' dir='ltr'><strong>veterum</strong></span> <span class='ocrx_word' id='word_1_143' title='bbox 525 1321 737 1361; x_wconf 88' lang='lat' dir='ltr'><strong>testimonia,</strong></span> <span class='ocrx_word' id='word_1_144' title='bbox 759 1324 798 1352; x_wconf 93' lang='lat' dir='ltr'><strong>ut</strong></span> <span class='ocrx_word' id='word_1_145' title='bbox 814 1321 961 1352; x_wconf 90' lang='lat' dir='ltr'><strong>dubitari</strong></span> 
     </span>
     <span class='ocr_line' id='line_1_42' title="bbox 16 1368 959 1418; baseline -0.001 -18"><span class='ocrx_word' id='word_1_146' title='bbox 16 1369 215 1418; x_wconf 35' lang='lat' dir='ltr'><strong>patiantur.</strong></span> <span class='ocrx_word' id='word_1_147' title='bbox 235 1368 323 1400; x_wconf 89' lang='lat' dir='ltr'><strong>Illud</strong></span> <span class='ocrx_word' id='word_1_148' title='bbox 339 1378 416 1400; x_wconf 86' lang='lat' dir='ltr'><strong>vero</strong></span> <span class='ocrx_word' id='word_1_149' title='bbox 433 1369 609 1408; x_wconf 85' lang='lat' dir='ltr'><strong>incertum,</strong></span> <span class='ocrx_word' id='word_1_150' title='bbox 633 1378 712 1400; x_wconf 88' lang='lat' dir='ltr'><strong>num</strong></span> <span class='ocrx_word' id='word_1_151' title='bbox 731 1368 857 1409; x_wconf 75' lang='lat' dir='ltr'><strong>duplici</strong></span> <span class='ocrx_word' id='word_1_152' title='bbox 875 1368 959 1399; x_wconf 90' lang='lat' dir='ltr'><strong>illud</strong></span> 
     </span>
     <span class='ocr_line' id='line_1_43' title="bbox 8 1412 960 1461; baseline -0.002 -13"><span class='ocrx_word' id='word_1_153' title='bbox 8 1414 26 1461; x_wconf 27' lang='grc' dir='ltr'><strong>’,ζ</strong></span> <span class='ocrx_word' id='word_1_154' title='bbox 40 1458 42 1461; x_wconf 91' lang='lat'><strong>.</strong></span> <span class='ocrx_word' id='word_1_155' title='bbox 64 1415 253 1458; x_wconf 86' lang='lat' dir='ltr'><strong>praeditum</strong></span> <span class='ocrx_word' id='word_1_156' title='bbox 270 1416 373 1447; x_wconf 81' lang='lat' dir='ltr'><strong>fuerit</strong></span> <span class='ocrx_word' id='word_1_157' title='bbox 388 1412 422 1452; x_wconf 74' lang='grc' dir='ltr'><strong>ἴς</strong></span> <span class='ocrx_word' id='word_1_158' title='bbox 438 1412 453 1448; x_wconf 74' lang='grc' dir='ltr'><strong>ἴ</strong></span> <span class='ocrx_word' id='word_1_159' title='bbox 469 1413 557 1458; x_wconf 88' lang='lat' dir='ltr'><strong>(sive</strong></span> <span class='ocrx_word' id='word_1_160' title='bbox 573 1412 606 1452; x_wconf 77' lang='grc' dir='ltr'><strong>ἴς</strong></span> <span class='ocrx_word' id='word_1_161' title='bbox 625 1413 668 1458; x_wconf 77' lang='grc' dir='ltr'><strong>ἴ),</strong></span> <span class='ocrx_word' id='word_1_162' title='bbox 689 1425 774 1456; x_wconf 90' lang='lat' dir='ltr'><strong>quae</strong></span> <span class='ocrx_word' id='word_1_163' title='bbox 793 1415 960 1455; x_wconf 87' lang='lat' dir='ltr'><strong>Sylburgii</strong></span> 
     </span>
     <span class='ocr_line' id='line_1_44' title="bbox 26 1460 956 1504; baseline -0.002 -9"><span class='ocrx_word' id='word_1_164' title='bbox 26 1477 76 1502; x_wconf 77' lang='lat'><strong>:¹</strong></span> <span class='ocrx_word' id='word_1_165' title='bbox 103 1462 168 1494; x_wconf 83' lang='lat' dir='ltr'><strong>EM</strong></span> <span class='ocrx_word' id='word_1_166' title='bbox 192 1473 224 1495; x_wconf 86' lang='lat' dir='ltr'><strong>v.</strong></span> <span class='ocrx_word' id='word_1_167' title='bbox 246 1460 280 1504; x_wconf 77' lang='grc' dir='ltr'><strong>ἴ,</strong></span> <span class='ocrx_word' id='word_1_168' title='bbox 307 1466 343 1494; x_wconf 91' lang='lat' dir='ltr'><strong>et</strong></span> <span class='ocrx_word' id='word_1_169' title='bbox 358 1463 470 1494; x_wconf 81' lang='lat' dir='ltr'><strong>vossii</strong></span> <span class='ocrx_word' id='word_1_170' title='bbox 496 1463 666 1494; x_wconf 86' lang='lat' dir='ltr'><strong>sententia</strong></span> <span class='ocrx_word' id='word_1_171' title='bbox 691 1466 742 1494; x_wconf 87' lang='lat' dir='ltr'><strong>est</strong></span> <span class='ocrx_word' id='word_1_172' title='bbox 765 1463 806 1494; x_wconf 89' lang='lat' dir='ltr'><strong>ad</strong></span> <span class='ocrx_word' id='word_1_173' title='bbox 831 1463 956 1501; x_wconf 88' lang='lat' dir='ltr'><strong>Hymn.</strong></span> 
     </span>
     <span class='ocr_line' id='line_1_45' title="bbox 30 1506 958 1550; baseline -0.003 -6.035"><span class='ocrx_word' id='word_1_174' title='bbox 30 1506 122 1545; x_wconf 54' lang='grc'>102,</span> <span class='ocrx_word' id='word_1_175' title='bbox 151 1519 184 1550; x_wconf 89' lang='lat' dir='ltr'><strong>p.</strong></span> <span class='ocrx_word' id='word_1_176' title='bbox 207 1506 262 1542; x_wconf 87' lang='lat'><strong>36.</strong></span> <span class='ocrx_word' id='word_1_177' title='bbox 292 1510 401 1542; x_wconf 85' lang='lat' dir='ltr'><strong>Possit</strong></span> <span class='ocrx_word' id='word_1_178' title='bbox 425 1510 472 1541; x_wconf 86' lang='lat' dir='ltr'><strong>ita</strong></span> <span class='ocrx_word' id='word_1_179' title='bbox 490 1510 615 1550; x_wconf 90' lang='lat' dir='ltr'><strong>videri,</strong></span> <span class='ocrx_word' id='word_1_180' title='bbox 646 1519 721 1541; x_wconf 89' lang='lat' dir='ltr'><strong>cum</strong></span> <span class='ocrx_word' id='word_1_181' title='bbox 748 1513 782 1541; x_wconf 90' lang='lat' dir='ltr'><strong>et</strong></span> <span class='ocrx_word' id='word_1_182' title='bbox 800 1506 837 1542; x_wconf 76' lang='grc' dir='ltr'><strong>ὅς</strong></span> <span class='ocrx_word' id='word_1_183' title='bbox 861 1507 879 1542; x_wconf 79' lang='grc' dir='ltr'>ὅ</span> <span class='ocrx_word' id='word_1_184' title='bbox 905 1509 958 1541; x_wconf 88' lang='lat' dir='ltr'><strong>di-</strong></span> 
     </span>
     <span class='ocr_line' id='line_1_46' title="bbox 30 1554 958 1598; baseline -0.002 -8"><span class='ocrx_word' id='word_1_185' title='bbox 30 1554 37 1565; x_wconf 72' lang='lat'><strong>&#39;³</strong></span> <span class='ocrx_word' id='word_1_186' title='bbox 77 1560 111 1589; x_wconf 82' lang='lat' dir='ltr'><strong>et</strong></span> <span class='ocrx_word' id='word_1_187' title='bbox 125 1554 177 1594; x_wconf 84' lang='grc' dir='ltr'><strong>τίς</strong></span> <span class='ocrx_word' id='word_1_188' title='bbox 193 1554 225 1590; x_wconf 83' lang='grc' dir='ltr'><strong>τί</strong></span> <span class='ocrx_word' id='word_1_189' title='bbox 243 1560 277 1588; x_wconf 89' lang='lat' dir='ltr'><strong>et</strong></span> <span class='ocrx_word' id='word_1_190' title='bbox 294 1558 364 1597; x_wconf 76' lang='lat' dir='ltr'><strong>quia</strong></span> <span class='ocrx_word' id='word_1_191' title='bbox 378 1558 433 1598; x_wconf 79' lang='lat' dir='ltr'><strong>qui</strong></span> <span class='ocrx_word' id='word_1_192' title='bbox 449 1557 580 1588; x_wconf 88' lang='lat' dir='ltr'><strong>Latinis</strong></span> <span class='ocrx_word' id='word_1_193' title='bbox 594 1557 719 1596; x_wconf 86' lang='lat' dir='ltr'><strong>pariter</strong></span> <span class='ocrx_word' id='word_1_194' title='bbox 732 1558 875 1597; x_wconf 74' lang='lat' dir='ltr'><strong>usitata,</strong></span> <span class='ocrx_word' id='word_1_195' title='bbox 898 1557 958 1588; x_wconf 90' lang='lat' dir='ltr'><strong>de-</strong></span> 
     </span>
     <span class='ocr_line' id='line_1_47' title="bbox 17 1601 958 1650; baseline -0.001 -14"><span class='ocrx_word' id='word_1_196' title='bbox 17 1616 35 1650; x_wconf 59' lang='lat' dir='ltr'><strong>r5„</strong></span> <span class='ocrx_word' id='word_1_197' title='bbox 46 1601 50 1604; x_wconf 92' lang='grc'><strong>’</strong></span> <span class='ocrx_word' id='word_1_198' title='bbox 65 1607 79 1636; x_wconf 88' lang='lat' dir='ltr'><strong>t</strong></span> <span class='ocrx_word' id='word_1_199' title='bbox 97 1604 148 1636; x_wconf 74' lang='lat' dir='ltr'><strong>hic</strong></span> <span class='ocrx_word' id='word_1_200' title='bbox 163 1613 207 1636; x_wconf 84' lang='lat' dir='ltr'><strong>ex</strong></span> <span class='ocrx_word' id='word_1_201' title='bbox 222 1601 249 1644; x_wconf 77' lang='grc' dir='ltr'><strong>ἵ,</strong></span> <span class='ocrx_word' id='word_1_202' title='bbox 271 1605 318 1635; x_wconf 90' lang='lat' dir='ltr'><strong>ita</strong></span> <span class='ocrx_word' id='word_1_203' title='bbox 335 1605 363 1635; x_wconf 76' lang='lat' dir='ltr'><strong>is</strong></span> <span class='ocrx_word' id='word_1_204' title='bbox 380 1613 423 1635; x_wconf 85' lang='lat' dir='ltr'><strong>ex</strong></span> <span class='ocrx_word' id='word_1_205' title='bbox 441 1601 480 1641; x_wconf 76' lang='grc' dir='ltr'><strong>ἴς</strong></span> <span class='ocrx_word' id='word_1_206' title='bbox 506 1605 576 1636; x_wconf 85' lang='lat' dir='ltr'><strong>sive</strong></span> <span class='ocrx_word' id='word_1_207' title='bbox 593 1601 634 1641; x_wconf 80' lang='grc' dir='ltr'><strong>ἴς</strong></span> <span class='ocrx_word' id='word_1_208' title='bbox 651 1607 867 1644; x_wconf 87' lang='lat' dir='ltr'><strong>propagatum</strong></span> <span class='ocrx_word' id='word_1_209' title='bbox 885 1614 958 1635; x_wconf 90' lang='lat' dir='ltr'><strong>cre-</strong></span> 
     </span>
     <span class='ocr_line' id='line_1_48' title="bbox 15 1648 957 1692; baseline -0.001 -9"><span class='ocrx_word' id='word_1_210' title='bbox 15 1652 28 1675; x_wconf 76' lang='grc'><strong>’·</strong></span> <span class='ocrx_word' id='word_1_211' title='bbox 45 1675 54 1683; x_wconf 92' lang='grc'><strong>.</strong></span> <span class='ocrx_word' id='word_1_212' title='bbox 75 1649 140 1683; x_wconf 83' lang='lat' dir='ltr'><strong>Sed</strong></span> <span class='ocrx_word' id='word_1_213' title='bbox 157 1655 270 1683; x_wconf 84' lang='lat' dir='ltr'><strong>tamen</strong></span> <span class='ocrx_word' id='word_1_214' title='bbox 288 1651 516 1691; x_wconf 86' lang='lat' dir='ltr'><strong>grammaticos</strong></span> <span class='ocrx_word' id='word_1_215' title='bbox 535 1651 575 1682; x_wconf 91' lang='lat' dir='ltr'><strong>de</strong></span> <span class='ocrx_word' id='word_1_216' title='bbox 591 1648 624 1688; x_wconf 74' lang='grc' dir='ltr'><strong>ἴς</strong></span> <span class='ocrx_word' id='word_1_217' title='bbox 643 1661 670 1682; x_wconf 92' lang='lat' dir='ltr'><strong>s.</strong></span> <span class='ocrx_word' id='word_1_218' title='bbox 692 1648 725 1688; x_wconf 80' lang='grc' dir='ltr'><strong>ἴς</strong></span> <span class='ocrx_word' id='word_1_219' title='bbox 743 1661 808 1683; x_wconf 92' lang='lat' dir='ltr'><strong>non</strong></span> <span class='ocrx_word' id='word_1_220' title='bbox 827 1652 957 1692; x_wconf 86' lang='lat' dir='ltr'><strong>reperio</strong></span> 
     </span>
     <span class='ocr_line' id='line_1_49' title="bbox 7 1694 954 1741; baseline -0.001 -11"><span class='ocrx_word' id='word_1_221' title='bbox 7 1716 70 1741; x_wconf 35' lang='grc' dir='ltr'><strong>μμ,</strong></span> <span class='ocrx_word' id='word_1_222' title='bbox 90 1699 148 1740; x_wconf 86' lang='lat' dir='ltr'><strong>qui</strong></span> <span class='ocrx_word' id='word_1_223' title='bbox 163 1694 179 1731; x_wconf 79' lang='grc' dir='ltr'>ἵ</span> <span class='ocrx_word' id='word_1_224' title='bbox 194 1699 281 1729; x_wconf 88' lang='lat' dir='ltr'><strong>bene</strong></span> <span class='ocrx_word' id='word_1_225' title='bbox 299 1701 441 1730; x_wconf 88' lang='lat' dir='ltr'><strong>norunt:</strong></span> <span class='ocrx_word' id='word_1_226' title='bbox 463 1709 494 1730; x_wconf 90' lang='lat' dir='ltr'><strong>v.</strong></span> <span class='ocrx_word' id='word_1_227' title='bbox 517 1698 627 1739; x_wconf 89' lang='lat' dir='ltr'><strong>Apoll.</strong></span> <span class='ocrx_word' id='word_1_228' title='bbox 646 1699 687 1730; x_wconf 90' lang='lat' dir='ltr'><strong>de</strong></span> <span class='ocrx_word' id='word_1_229' title='bbox 700 1708 795 1739; x_wconf 89' lang='lat' dir='ltr'><strong>pron.</strong></span> <span class='ocrx_word' id='word_1_230' title='bbox 813 1708 846 1739; x_wconf 84' lang='lat' dir='ltr'><strong>p.</strong></span> <span class='ocrx_word' id='word_1_231' title='bbox 864 1695 954 1730; x_wconf 79' lang='lat'><strong>1013.</strong></span> 
     </span>
     <span class='ocr_line' id='line_1_50' title="bbox 127 1741 954 1786; baseline 0 -8"><span class='ocrx_word' id='word_1_232' title='bbox 127 1755 161 1786; x_wconf 91' lang='lat' dir='ltr'><strong>p.</strong></span> <span class='ocrx_word' id='word_1_233' title='bbox 182 1741 226 1776; x_wconf 86' lang='lat'><strong>69</strong></span> <span class='ocrx_word' id='word_1_234' title='bbox 241 1744 278 1777; x_wconf 85' lang='lat' dir='ltr'><strong>C.</strong></span> <span class='ocrx_word' id='word_1_235' title='bbox 307 1755 341 1786; x_wconf 91' lang='lat' dir='ltr'><strong>p.</strong></span> <span class='ocrx_word' id='word_1_236' title='bbox 362 1742 407 1777; x_wconf 87' lang='lat'><strong>70</strong></span> <span class='ocrx_word' id='word_1_237' title='bbox 425 1745 461 1777; x_wconf 88' lang='lat' dir='ltr'><strong>B.</strong></span> <span class='ocrx_word' id='word_1_238' title='bbox 483 1745 524 1776; x_wconf 91' lang='lat' dir='ltr'><strong>de</strong></span> <span class='ocrx_word' id='word_1_239' title='bbox 551 1748 639 1784; x_wconf 82' lang='lat' dir='ltr'><strong>synt.</strong></span> <span class='ocrx_word' id='word_1_240' title='bbox 676 1755 712 1786; x_wconf 89' lang='lat' dir='ltr'><strong>p.</strong></span> <span class='ocrx_word' id='word_1_241' title='bbox 736 1742 812 1786; x_wconf 85' lang='lat'><strong>167,</strong></span> <span class='ocrx_word' id='word_1_242' title='bbox 833 1742 889 1777; x_wconf 86' lang='lat'><strong>26.</strong></span> <span class='ocrx_word' id='word_1_243' title='bbox 920 1756 954 1786; x_wconf 92' lang='grc' dir='ltr'><strong>Ρ.</strong></span> 
     </span>
     <span class='ocr_line' id='line_1_51' title="bbox 22 1788 954 1833; baseline -0.001 -9"><span class='ocrx_word' id='word_1_244' title='bbox 22 1788 100 1826; x_wconf 56' lang='grc'>12.</span> <span class='ocrx_word' id='word_1_245' title='bbox 137 1792 318 1831; x_wconf 84' lang='lat' dir='ltr'><strong>Dionysius</strong></span> <span class='ocrx_word' id='word_1_246' title='bbox 336 1792 448 1823; x_wconf 84' lang='lat' dir='ltr'><strong>Thrax</strong></span> <span class='ocrx_word' id='word_1_247' title='bbox 465 1802 500 1833; x_wconf 88' lang='lat' dir='ltr'><strong>p.</strong></span> <span class='ocrx_word' id='word_1_248' title='bbox 521 1789 600 1830; x_wconf 87' lang='grc'><strong>640,</strong></span> <span class='ocrx_word' id='word_1_249' title='bbox 621 1789 667 1824; x_wconf 89' lang='grc'><strong>22</strong></span> <span class='ocrx_word' id='word_1_250' title='bbox 692 1793 834 1833; x_wconf 87' lang='lat' dir='ltr'><strong>eiusque</strong></span> <span class='ocrx_word' id='word_1_251' title='bbox 852 1792 954 1824; x_wconf 85' lang='lat' dir='ltr'><strong>schol.</strong></span> 
     </span>
     <span class='ocr_line' id='line_1_52' title="bbox 43 1835 954 1880; baseline 0.002 -11"><span class='ocrx_word' id='word_1_252' title='bbox 43 1841 79 1879; x_wconf 73' lang='lat'><strong>&#39;,</strong></span> <span class='ocrx_word' id='word_1_253' title='bbox 101 1835 155 1871; x_wconf 87' lang='lat'><strong>12.</strong></span> <span class='ocrx_word' id='word_1_254' title='bbox 184 1839 292 1871; x_wconf 82' lang='lat' dir='ltr'><strong>Draco</strong></span> <span class='ocrx_word' id='word_1_255' title='bbox 316 1849 350 1880; x_wconf 90' lang='lat' dir='ltr'><strong>p.</strong></span> <span class='ocrx_word' id='word_1_256' title='bbox 374 1835 451 1870; x_wconf 85' lang='lat'><strong>106.</strong></span> <span class='ocrx_word' id='word_1_257' title='bbox 481 1839 546 1870; x_wconf 89' lang='grc' dir='ltr'><strong>ΕΜ</strong></span> <span class='ocrx_word' id='word_1_258' title='bbox 570 1849 603 1880; x_wconf 90' lang='lat' dir='ltr'><strong>p.</strong></span> <span class='ocrx_word' id='word_1_259' title='bbox 625 1835 705 1879; x_wconf 87' lang='grc'><strong>588,</strong></span> <span class='ocrx_word' id='word_1_260' title='bbox 729 1836 782 1871; x_wconf 92' lang='grc'><strong>10.</strong></span> <span class='ocrx_word' id='word_1_261' title='bbox 819 1836 898 1879; x_wconf 91' lang='grc'><strong>615,</strong></span> <span class='ocrx_word' id='word_1_262' title='bbox 920 1837 954 1872; x_wconf 89' lang='grc'><strong>7.</strong></span> 
     </span>
     <span class='ocr_line' id='line_1_53' title="bbox 76 1882 957 1927; baseline 0.001 -9.922"><span class='ocrx_word' id='word_1_263' title='bbox 76 1882 155 1927; x_wconf 90' lang='grc'><strong>394,</strong></span> <span class='ocrx_word' id='word_1_264' title='bbox 177 1883 232 1926; x_wconf 89' lang='grc'><strong>56,</strong></span> <span class='ocrx_word' id='word_1_265' title='bbox 254 1895 340 1927; x_wconf 90' lang='lat' dir='ltr'><strong>quae</strong></span> <span class='ocrx_word' id='word_1_266' title='bbox 356 1886 496 1918; x_wconf 89' lang='lat' dir='ltr'><strong>totidem</strong></span> <span class='ocrx_word' id='word_1_267' title='bbox 513 1887 623 1918; x_wconf 85' lang='lat' dir='ltr'><strong>verbis</strong></span> <span class='ocrx_word' id='word_1_268' title='bbox 640 1890 798 1927; x_wconf 82' lang='lat' dir='ltr'><strong>excerpta</strong></span> <span class='ocrx_word' id='word_1_269' title='bbox 816 1890 898 1918; x_wconf 88' lang='lat' dir='ltr'><strong>sunt</strong></span> <span class='ocrx_word' id='word_1_270' title='bbox 914 1896 957 1918; x_wconf 83' lang='lat' dir='ltr'><strong>ex</strong></span> 
     </span>
     <span class='ocr_line' id='line_1_54' title="bbox 35 1929 958 1979; baseline -0.001 -13.002"><span class='ocrx_word' id='word_1_271' title='bbox 35 1952 53 1976; x_wconf 60' lang='grc' dir='ltr'><strong>,χ</strong></span> <span class='ocrx_word' id='word_1_272' title='bbox 73 1933 113 1965; x_wconf 88' lang='lat'><strong>11.</strong></span> <span class='ocrx_word' id='word_1_273' title='bbox 133 1944 155 1966; x_wconf 90' lang='grc' dir='ltr'><strong><em>α</em></strong></span> <span class='ocrx_word' id='word_1_274' title='bbox 170 1929 237 1965; x_wconf 88' lang='grc'><strong>201</strong></span> <span class='ocrx_word' id='word_1_275' title='bbox 264 1933 353 1964; x_wconf 86' lang='lat' dir='ltr'><strong>haud</strong></span> <span class='ocrx_word' id='word_1_276' title='bbox 380 1933 481 1965; x_wconf 91' lang='lat' dir='ltr'><strong>dubie</strong></span> <span class='ocrx_word' id='word_1_277' title='bbox 498 1934 704 1972; x_wconf 84' lang='lat' dir='ltr'><strong>vetustiore,</strong></span> <span class='ocrx_word' id='word_1_278' title='bbox 731 1935 774 1964; x_wconf 84' lang='lat' dir='ltr'><strong>ci&#39;.</strong></span> <span class='ocrx_word' id='word_1_279' title='bbox 803 1933 904 1965; x_wconf 87' lang='lat' dir='ltr'><strong>schol.</strong></span> <span class='ocrx_word' id='word_1_280' title='bbox 933 1943 958 1979; x_wconf 88' lang='grc' dir='ltr'>χ</span> 
     </span>
     <span class='ocr_line' id='line_1_55' title="bbox 26 1978 958 2031; baseline 0 -19"><span class='ocrx_word' id='word_1_281' title='bbox 26 1980 110 2031; x_wconf 51' lang='lat'><strong>§1¹11</strong></span> <span class='ocrx_word' id='word_1_282' title='bbox 135 1983 372 2012; x_wconf 82' lang='lat' dir='ltr'><strong>commentator</strong></span> <span class='ocrx_word' id='word_1_283' title='bbox 387 1978 443 2022; x_wconf 86' lang='lat' dir='ltr'><strong>(ut</strong></span> <span class='ocrx_word' id='word_1_284' title='bbox 450 1980 606 2022; x_wconf 90' lang='lat' dir='ltr'><strong>Apollon.</strong></span> <span class='ocrx_word' id='word_1_285' title='bbox 625 1981 666 2012; x_wconf 91' lang='lat' dir='ltr'><strong>de</strong></span> <span class='ocrx_word' id='word_1_286' title='bbox 683 1990 778 2021; x_wconf 89' lang='lat' dir='ltr'><strong>pron.</strong></span> <span class='ocrx_word' id='word_1_287' title='bbox 807 1990 842 2022; x_wconf 90' lang='lat' dir='ltr'><strong>p.</strong></span> <span class='ocrx_word' id='word_1_288' title='bbox 860 1978 905 2012; x_wconf 83' lang='lat'><strong>70</strong></span> <span class='ocrx_word' id='word_1_289' title='bbox 914 1979 958 2025; x_wconf 81' lang='lat' dir='ltr'><strong>B)</strong></span> 
     </span>
     <span class='ocr_line' id='line_1_56' title="bbox 74 2023 956 2069; baseline 0.001 -10.952"><span class='ocrx_word' id='word_1_290' title='bbox 74 2029 99 2068; x_wconf 89' lang='lat' dir='ltr'><strong>t,</strong></span> <span class='ocrx_word' id='word_1_291' title='bbox 127 2024 143 2060; x_wconf 77' lang='grc' dir='ltr'>ἴ</span> <span class='ocrx_word' id='word_1_292' title='bbox 160 2037 186 2059; x_wconf 76' lang='lat' dir='ltr'><strong>S.</strong></span> <span class='ocrx_word' id='word_1_293' title='bbox 206 2023 380 2060; x_wconf 56' lang='lat' dir='ltr'><strong>{Homero</strong></span> <span class='ocrx_word' id='word_1_294' title='bbox 397 2027 562 2059; x_wconf 87' lang='lat' dir='ltr'><strong>indictum</strong></span> <span class='ocrx_word' id='word_1_295' title='bbox 580 2037 665 2068; x_wconf 88' lang='lat' dir='ltr'><strong>esse,</strong></span> <span class='ocrx_word' id='word_1_296' title='bbox 695 2028 759 2059; x_wconf 89' lang='lat' dir='ltr'><strong>etsi</strong></span> <span class='ocrx_word' id='word_1_297' title='bbox 774 2027 874 2069; x_wconf 91' lang='lat' dir='ltr'><strong>Soph.</strong></span> <span class='ocrx_word' id='word_1_298' title='bbox 896 2037 956 2069; x_wconf 89' lang='lat' dir='ltr'><strong>po-</strong></span> 
     </span>
     <span class='ocr_line' id='line_1_57' title="bbox 3 2071 952 2117; baseline 0 -11"><span class='ocrx_word' id='word_1_299' title='bbox 3 2108 6 2112; x_wconf 66' lang='lat'><strong>,</strong></span> <span class='ocrx_word' id='word_1_300' title='bbox 25 2078 62 2117; x_wconf 45' lang='grc' dir='ltr'><strong>ᾗ.</strong></span> <span class='ocrx_word' id='word_1_301' title='bbox 89 2074 184 2106; x_wconf 87' lang='lat' dir='ltr'><strong>Adde</strong></span> <span class='ocrx_word' id='word_1_302' title='bbox 202 2074 426 2106; x_wconf 84' lang='lat' dir='ltr'><strong>Theodosium</strong></span> <span class='ocrx_word' id='word_1_303' title='bbox 451 2084 484 2115; x_wconf 88' lang='lat' dir='ltr'><strong>p.</strong></span> <span class='ocrx_word' id='word_1_304' title='bbox 506 2071 563 2113; x_wconf 83' lang='lat'><strong>85,</strong></span> <span class='ocrx_word' id='word_1_305' title='bbox 589 2072 631 2106; x_wconf 82' lang='grc'>’14</span> <span class='ocrx_word' id='word_1_306' title='bbox 649 2075 691 2107; x_wconf 84' lang='lat' dir='ltr'><strong>cf.</strong></span> <span class='ocrx_word' id='word_1_307' title='bbox 714 2074 897 2114; x_wconf 87' lang='lat' dir='ltr'><strong>Goettling.</strong></span> <span class='ocrx_word' id='word_1_308' title='bbox 919 2084 952 2115; x_wconf 92' lang='lat' dir='ltr'><strong>p.</strong></span> 
     </span>
     <span class='ocr_line' id='line_1_58' title="bbox 8 2118 958 2167; baseline -0.001 -14"><span class='ocrx_word' id='word_1_309' title='bbox 8 2122 54 2167; x_wconf 54' lang='lat' dir='ltr'><strong>J*</strong></span> <span class='ocrx_word' id='word_1_310' title='bbox 72 2123 159 2162; x_wconf 72' lang='lat' dir='ltr'><strong>ntpp.</strong></span> <span class='ocrx_word' id='word_1_311' title='bbox 181 2120 279 2161; x_wconf 85' lang='lat' dir='ltr'><strong>Greg.</strong></span> <span class='ocrx_word' id='word_1_312' title='bbox 298 2121 371 2153; x_wconf 88' lang='lat' dir='ltr'><strong>Cor.</strong></span> <span class='ocrx_word' id='word_1_313' title='bbox 392 2131 427 2162; x_wconf 91' lang='grc' dir='ltr'><strong>Ρ.</strong></span> <span class='ocrx_word' id='word_1_314' title='bbox 453 2118 510 2154; x_wconf 88' lang='grc'><strong>85.</strong></span> <span class='ocrx_word' id='word_1_315' title='bbox 533 2121 669 2153; x_wconf 87' lang='lat' dir='ltr'><strong>Ruhnk.</strong></span> <span class='ocrx_word' id='word_1_316' title='bbox 692 2131 746 2162; x_wconf 87' lang='lat' dir='ltr'><strong>ep.</strong></span> <span class='ocrx_word' id='word_1_317' title='bbox 767 2131 812 2152; x_wconf 90' lang='lat' dir='ltr'><strong>cr.</strong></span> <span class='ocrx_word' id='word_1_318' title='bbox 834 2131 867 2162; x_wconf 91' lang='lat' dir='ltr'><strong>p.</strong></span> <span class='ocrx_word' id='word_1_319' title='bbox 891 2118 958 2153; x_wconf 89' lang='grc'><strong>114</strong></span> 
     </span>
     <span class='ocr_line' id='line_1_59' title="bbox 71 2165 957 2211; baseline 0.001 -11.96"><span class='ocrx_word' id='word_1_320' title='bbox 71 2181 96 2200; x_wconf 96' lang='grc'><strong>.</strong></span> <span class='ocrx_word' id='word_1_321' title='bbox 116 2169 158 2200; x_wconf 83' lang='lat' dir='ltr'><strong>fr.</strong></span> <span class='ocrx_word' id='word_1_322' title='bbox 173 2177 207 2210; x_wconf 88' lang='lat' dir='ltr'><strong>p.</strong></span> <span class='ocrx_word' id='word_1_323' title='bbox 229 2165 305 2200; x_wconf 87' lang='grc'>185.</span> <span class='ocrx_word' id='word_1_324' title='bbox 328 2167 434 2200; x_wconf 83' lang='lat' dir='ltr'><strong>Gaisf.</strong></span> <span class='ocrx_word' id='word_1_325' title='bbox 452 2166 577 2211; x_wconf 82' lang='lat' dir='ltr'><strong>Lips.].</strong></span> <span class='ocrx_word' id='word_1_326' title='bbox 606 2169 706 2200; x_wconf 89' lang='lat' dir='ltr'><strong>IIunc</strong></span> <span class='ocrx_word' id='word_1_327' title='bbox 722 2172 771 2200; x_wconf 86' lang='lat' dir='ltr'><strong>tot</strong></span> <span class='ocrx_word' id='word_1_328' title='bbox 788 2169 957 2200; x_wconf 86' lang='lat' dir='ltr'><strong>doctorum</strong></span> 
     </span>
     <span class='ocr_line' id='line_1_60' title="bbox 2 2215 952 2260; baseline -0.001 -13"><span class='ocrx_word' id='word_1_329' title='bbox 2 2257 8 2260; x_wconf 24' lang='grc' dir='ltr'><strong><em>Δ</em></strong></span> <span class='ocrx_word' id='word_1_330' title='bbox 33 2232 41 2255; x_wconf 22' lang='lat'><strong>⁷1</strong></span> <span class='ocrx_word' id='word_1_331' title='bbox 71 2228 87 2243; x_wconf 73' lang='lat'><strong>1·</strong></span> <span class='ocrx_word' id='word_1_332' title='bbox 108 2223 306 2247; x_wconf 85' lang='lat' dir='ltr'><strong>consensum</strong></span> <span class='ocrx_word' id='word_1_333' title='bbox 316 2215 462 2247; x_wconf 78' lang='lat' dir='ltr'><strong>maxima</strong></span> <span class='ocrx_word' id='word_1_334' title='bbox 473 2225 516 2247; x_wconf 83' lang='lat' dir='ltr'><strong>ex</strong></span> <span class='ocrx_word' id='word_1_335' title='bbox 525 2218 619 2256; x_wconf 90' lang='lat' dir='ltr'><strong>parte</strong></span> <span class='ocrx_word' id='word_1_336' title='bbox 632 2215 952 2256; x_wconf 86' lang='lat' dir='ltr'><strong>ignorabatButtm.,</strong></span> 
     </span>
     <span class='ocr_line' id='line_1_61' title="bbox 7 2258 957 2306; baseline 0 -12"><span class='ocrx_word' id='word_1_337' title='bbox 7 2266 42 2302; x_wconf 57' lang='lat' dir='ltr'><strong>js,</strong></span> <span class='ocrx_word' id='word_1_338' title='bbox 57 2270 134 2306; x_wconf 70' lang='lat' dir='ltr'><strong>uam</strong></span> <span class='ocrx_word' id='word_1_339' title='bbox 152 2265 185 2294; x_wconf 86' lang='lat' dir='ltr'><strong>et</strong></span> <span class='ocrx_word' id='word_1_340' title='bbox 200 2263 274 2303; x_wconf 87' lang='lat' dir='ltr'><strong>ipse</strong></span> <span class='ocrx_word' id='word_1_341' title='bbox 289 2258 305 2295; x_wconf 76' lang='grc' dir='ltr'><strong>ἶ</strong></span> <span class='ocrx_word' id='word_1_342' title='bbox 320 2271 502 2303; x_wconf 86' lang='lat' dir='ltr'><strong>pronomen</strong></span> <span class='ocrx_word' id='word_1_343' title='bbox 520 2262 689 2302; x_wconf 83' lang='lat' dir='ltr'><strong>defendit,</strong></span> <span class='ocrx_word' id='word_1_344' title='bbox 710 2263 768 2294; x_wconf 86' lang='lat' dir='ltr'><strong>vix</strong></span> <span class='ocrx_word' id='word_1_345' title='bbox 785 2263 957 2294; x_wconf 83' lang='lat' dir='ltr'><strong>dimidiam</strong></span> 
     </span>
     <span class='ocr_line' id='line_1_62' title="bbox 1 2307 952 2351; baseline 0 -10"><span class='ocrx_word' id='word_1_346' title='bbox 1 2307 14 2345; x_wconf 72' lang='grc'><strong>,’</strong></span> <span class='ocrx_word' id='word_1_347' title='bbox 37 2314 66 2345; x_wconf 58' lang='grc' dir='ltr'><strong>ζι-</strong></span> <span class='ocrx_word' id='word_1_348' title='bbox 98 2310 191 2341; x_wconf 86' lang='lat' dir='ltr'><strong>novit</strong></span> <span class='ocrx_word' id='word_1_349' title='bbox 212 2309 333 2341; x_wconf 88' lang='lat' dir='ltr'><strong>Matth.</strong></span> <span class='ocrx_word' id='word_1_350' title='bbox 377 2309 455 2340; x_wconf 86' lang='lat' dir='ltr'><strong>Alia</strong></span> <span class='ocrx_word' id='word_1_351' title='bbox 483 2311 634 2350; x_wconf 86' lang='lat' dir='ltr'><strong>quaestio</strong></span> <span class='ocrx_word' id='word_1_352' title='bbox 668 2313 720 2340; x_wconf 88' lang='lat' dir='ltr'><strong>est</strong></span> <span class='ocrx_word' id='word_1_353' title='bbox 752 2310 793 2341; x_wconf 90' lang='lat' dir='ltr'><strong>de</strong></span> <span class='ocrx_word' id='word_1_354' title='bbox 818 2310 952 2351; x_wconf 87' lang='lat' dir='ltr'><strong>spiritu.</strong></span> 
     </span>
     <span class='ocr_line' id='line_1_63' title="bbox 7 2356 956 2396; baseline -0.002 -6"><span class='ocrx_word' id='word_1_355' title='bbox 7 2394 9 2396; x_wconf 57' lang='grc'><strong>,</strong></span> <span class='ocrx_word' id='word_1_356' title='bbox 87 2358 217 2388; x_wconf 87' lang='lat' dir='ltr'><strong>veteres</strong></span> <span class='ocrx_word' id='word_1_357' title='bbox 247 2356 284 2388; x_wconf 90' lang='lat' dir='ltr'><strong>in</strong></span> <span class='ocrx_word' id='word_1_358' title='bbox 317 2356 435 2389; x_wconf 83' lang='lat' dir='ltr'><strong>vocula</strong></span> <span class='ocrx_word' id='word_1_359' title='bbox 459 2359 527 2388; x_wconf 85' lang='lat' dir='ltr'><strong>tam</strong></span> <span class='ocrx_word' id='word_1_360' title='bbox 555 2357 692 2388; x_wconf 87' lang='lat' dir='ltr'><strong>obscura</strong></span> <span class='ocrx_word' id='word_1_361' title='bbox 716 2360 751 2388; x_wconf 86' lang='lat' dir='ltr'><strong>et</strong></span> <span class='ocrx_word' id='word_1_362' title='bbox 776 2357 889 2388; x_wconf 84' lang='lat' dir='ltr'><strong>nescio</strong></span> <span class='ocrx_word' id='word_1_363' title='bbox 914 2366 956 2388; x_wconf 89' lang='lat' dir='ltr'><strong>an</strong></span> 
     </span>
     <span class='ocr_line' id='line_1_64' title="bbox 5 2403 953 2443; baseline 0.005 -13"><span class='ocrx_word' id='word_1_364' title='bbox 5 2403 85 2443; x_wconf 46' lang='lat'><strong>...⁴³³¹</strong></span> <span class='ocrx_word' id='word_1_365' title='bbox 117 2403 285 2435; x_wconf 80' lang='lat' dir='ltr'><strong>rarissima</strong></span> <span class='ocrx_word' id='word_1_366' title='bbox 309 2403 374 2435; x_wconf 86' lang='lat' dir='ltr'><strong>fide</strong></span> <span class='ocrx_word' id='word_1_367' title='bbox 407 2403 524 2443; x_wconf 90' lang='lat' dir='ltr'><strong>dignos</strong></span> <span class='ocrx_word' id='word_1_368' title='bbox 548 2403 665 2435; x_wconf 88' lang='lat' dir='ltr'><strong>haberi</strong></span> <span class='ocrx_word' id='word_1_369' title='bbox 693 2413 758 2435; x_wconf 89' lang='lat' dir='ltr'><strong>non</strong></span> <span class='ocrx_word' id='word_1_370' title='bbox 785 2404 953 2435; x_wconf 85' lang='lat' dir='ltr'><strong>convenit.</strong></span> 
     </span>
     <span class='ocr_line' id='line_1_65' title="bbox 4 2446 952 2491; baseline 0 -9"><span class='ocrx_word' id='word_1_371' title='bbox 4 2447 19 2486; x_wconf 64' lang='grc' dir='ltr'><strong>ζ’</strong></span> <span class='ocrx_word' id='word_1_372' title='bbox 39 2448 116 2482; x_wconf 88' lang='lat' dir='ltr'><strong>·&#39;ue</strong></span> <span class='ocrx_word' id='word_1_373' title='bbox 131 2453 284 2482; x_wconf 83' lang='lat' dir='ltr'><strong>veterum</strong></span> <span class='ocrx_word' id='word_1_374' title='bbox 310 2451 377 2482; x_wconf 77' lang='lat' dir='ltr'><strong>leni</strong></span> <span class='ocrx_word' id='word_1_375' title='bbox 404 2450 571 2490; x_wconf 85' lang='lat' dir='ltr'><strong>scribitur,</strong></span> <span class='ocrx_word' id='word_1_376' title='bbox 598 2451 697 2482; x_wconf 90' lang='lat' dir='ltr'><strong>Dion.</strong></span> <span class='ocrx_word' id='word_1_377' title='bbox 719 2450 797 2482; x_wconf 87' lang='lat' dir='ltr'><strong>Thr.</strong></span> <span class='ocrx_word' id='word_1_378' title='bbox 818 2460 851 2491; x_wconf 90' lang='lat' dir='ltr'><strong>p.</strong></span> <span class='ocrx_word' id='word_1_379' title='bbox 873 2446 952 2491; x_wconf 81' lang='lat'><strong>640,</strong></span> 
     </span>
     <span class='ocr_line' id='line_1_66' title="bbox 7 2493 953 2538; baseline 0.001 -10"><span class='ocrx_word' id='word_1_380' title='bbox 7 2511 15 2523; x_wconf 73' lang='lat' dir='ltr'><strong>2v</strong></span> <span class='ocrx_word' id='word_1_381' title='bbox 47 2497 123 2537; x_wconf 44' lang='lat'><strong>7201.</strong></span> <span class='ocrx_word' id='word_1_382' title='bbox 142 2506 176 2538; x_wconf 87' lang='lat' dir='ltr'><strong>p.</strong></span> <span class='ocrx_word' id='word_1_383' title='bbox 197 2493 277 2538; x_wconf 84' lang='lat'><strong>916,</strong></span> <span class='ocrx_word' id='word_1_384' title='bbox 301 2493 355 2528; x_wconf 89' lang='lat'><strong>12.</strong></span> <span class='ocrx_word' id='word_1_385' title='bbox 376 2497 411 2528; x_wconf 88' lang='lat' dir='ltr'><strong>in</strong></span> <span class='ocrx_word' id='word_1_386' title='bbox 430 2497 656 2538; x_wconf 87' lang='lat' dir='ltr'><strong>Etymologico</strong></span> <span class='ocrx_word' id='word_1_387' title='bbox 673 2500 827 2538; x_wconf 92' lang='lat' dir='ltr'><strong>utroque,</strong></span> <span class='ocrx_word' id='word_1_388' title='bbox 851 2497 953 2529; x_wconf 90' lang='lat' dir='ltr'><strong>schol.</strong></span> 
     </span>
     <span class='ocr_line' id='line_1_67' title="bbox 5 2540 957 2592; baseline -0.001 -15"><span class='ocrx_word' id='word_1_389' title='bbox 5 2561 20 2578; x_wconf 60' lang='grc' dir='ltr'>κ</span> <span class='ocrx_word' id='word_1_390' title='bbox 55 2540 123 2576; x_wconf 57' lang='lat'><strong>⁸¹1.</strong></span> <span class='ocrx_word' id='word_1_391' title='bbox 149 2541 271 2592; x_wconf 83' lang='grc' dir='ltr'>χ410.</span> <span class='ocrx_word' id='word_1_392' title='bbox 302 2544 485 2576; x_wconf 86' lang='lat' dir='ltr'><strong>Theodosio</strong></span> <span class='ocrx_word' id='word_1_393' title='bbox 510 2554 543 2585; x_wconf 93' lang='grc' dir='ltr'><strong>Ρ.</strong></span> <span class='ocrx_word' id='word_1_394' title='bbox 565 2541 622 2576; x_wconf 87' lang='grc'><strong>85.</strong></span> <span class='ocrx_word' id='word_1_395' title='bbox 661 2545 789 2585; x_wconf 87' lang='lat' dir='ltr'><strong>Aspero</strong></span> <span class='ocrx_word' id='word_1_396' title='bbox 806 2547 957 2576; x_wconf 87' lang='lat' dir='ltr'><strong>notatum</strong></span> 
     </span>
     <span class='ocr_line' id='line_1_68' title="bbox 5 2587 957 2632; baseline 0.001 -10"><span class='ocrx_word' id='word_1_397' title='bbox 5 2625 6 2628; x_wconf 11' lang='grc' dir='ltr'><strong>Ἴ</strong></span> <span class='ocrx_word' id='word_1_398' title='bbox 22 2623 24 2627; x_wconf 67' lang='grc'><strong>,</strong></span> <span class='ocrx_word' id='word_1_399' title='bbox 75 2590 174 2630; x_wconf 84' lang='lat' dir='ltr'><strong>gitur</strong></span> <span class='ocrx_word' id='word_1_400' title='bbox 189 2600 242 2632; x_wconf 91' lang='lat' dir='ltr'><strong>ap.</strong></span> <span class='ocrx_word' id='word_1_401' title='bbox 263 2591 418 2632; x_wconf 88' lang='lat' dir='ltr'><strong>Apollon.</strong></span> <span class='ocrx_word' id='word_1_402' title='bbox 438 2591 479 2623; x_wconf 92' lang='lat' dir='ltr'><strong>de</strong></span> <span class='ocrx_word' id='word_1_403' title='bbox 496 2600 591 2632; x_wconf 90' lang='lat' dir='ltr'><strong>pron.</strong></span> <span class='ocrx_word' id='word_1_404' title='bbox 613 2601 646 2632; x_wconf 92' lang='grc' dir='ltr'><strong>Ρ.</strong></span> <span class='ocrx_word' id='word_1_405' title='bbox 660 2587 705 2623; x_wconf 89' lang='grc'><strong>69</strong></span> <span class='ocrx_word' id='word_1_406' title='bbox 723 2594 757 2623; x_wconf 90' lang='lat' dir='ltr'><strong>et</strong></span> <span class='ocrx_word' id='word_1_407' title='bbox 773 2588 832 2632; x_wconf 83' lang='lat'><strong>70,</strong></span> <span class='ocrx_word' id='word_1_408' title='bbox 852 2591 910 2623; x_wconf 90' lang='lat' dir='ltr'><strong>sed</strong></span> <span class='ocrx_word' id='word_1_409' title='bbox 927 2592 957 2623; x_wconf 88' lang='lat' dir='ltr'><strong>is</strong></span> 
     </span>
     <span class='ocr_line' id='line_1_69' title="bbox 28 2635 957 2679; baseline 0.001 -10"><span class='ocrx_word' id='word_1_410' title='bbox 28 2672 29 2675; x_wconf 11' lang='grc' dir='ltr'><strong>Ἴ</strong></span> <span class='ocrx_word' id='word_1_411' title='bbox 52 2668 59 2672; x_wconf 72' lang='grc'><strong>,</strong></span> <span class='ocrx_word' id='word_1_412' title='bbox 79 2660 86 2670; x_wconf 95' lang='grc'><strong>.</strong></span> <span class='ocrx_word' id='word_1_413' title='bbox 112 2637 274 2670; x_wconf 86' lang='lat' dir='ltr'><strong>inductus</strong></span> <span class='ocrx_word' id='word_1_414' title='bbox 299 2641 371 2679; x_wconf 88' lang='lat' dir='ltr'><strong>est;</strong></span> <span class='ocrx_word' id='word_1_415' title='bbox 399 2638 435 2669; x_wconf 88' lang='lat' dir='ltr'><strong>in</strong></span> <span class='ocrx_word' id='word_1_416' title='bbox 460 2638 544 2669; x_wconf 92' lang='lat' dir='ltr'><strong>libro</strong></span> <span class='ocrx_word' id='word_1_417' title='bbox 569 2638 610 2670; x_wconf 90' lang='lat' dir='ltr'><strong>de</strong></span> <span class='ocrx_word' id='word_1_418' title='bbox 636 2641 724 2677; x_wconf 88' lang='lat' dir='ltr'><strong>synt.</strong></span> <span class='ocrx_word' id='word_1_419' title='bbox 751 2648 785 2679; x_wconf 89' lang='lat' dir='ltr'><strong>p.</strong></span> <span class='ocrx_word' id='word_1_420' title='bbox 811 2635 887 2679; x_wconf 90' lang='grc'><strong>167,</strong></span> <span class='ocrx_word' id='word_1_421' title='bbox 911 2635 957 2670; x_wconf 91' lang='grc'><strong>26</strong></span> 
     </span>
     <span class='ocr_line' id='line_1_70' title="bbox 5 2681 957 2727; baseline 0 -11"><span class='ocrx_word' id='word_1_422' title='bbox 5 2684 9 2727; x_wconf 42' lang='grc' dir='ltr'>ζ</span> <span class='ocrx_word' id='word_1_423' title='bbox 51 2684 216 2725; x_wconf 52' lang='lat' dir='ltr'><strong>faex-git,</strong></span> <span class='ocrx_word' id='word_1_424' title='bbox 245 2685 303 2716; x_wconf 89' lang='lat' dir='ltr'><strong>sed</strong></span> <span class='ocrx_word' id='word_1_425' title='bbox 320 2694 418 2726; x_wconf 83' lang='lat' dir='ltr'><strong>asper</strong></span> <span class='ocrx_word' id='word_1_426' title='bbox 442 2694 475 2726; x_wconf 91' lang='lat' dir='ltr'><strong>p.</strong></span> <span class='ocrx_word' id='word_1_427' title='bbox 499 2681 575 2724; x_wconf 88' lang='grc'><strong>195,</strong></span> <span class='ocrx_word' id='word_1_428' title='bbox 601 2682 654 2725; x_wconf 89' lang='grc'><strong>12,</strong></span> <span class='ocrx_word' id='word_1_429' title='bbox 684 2694 747 2717; x_wconf 87' lang='lat' dir='ltr'><strong>nec</strong></span> <span class='ocrx_word' id='word_1_430' title='bbox 770 2686 876 2718; x_wconf 87' lang='lat' dir='ltr'><strong>Bekk.</strong></span> <span class='ocrx_word' id='word_1_431' title='bbox 905 2685 957 2716; x_wconf 86' lang='lat' dir='ltr'><strong>his</strong></span> 
     </span>
     <span class='ocr_line' id='line_1_71' title="bbox 1 2730 956 2773; baseline 0.002 -11"><span class='ocrx_word' id='word_1_432' title='bbox 1 2761 15 2772; x_wconf 29' lang='lat' dir='ltr'><strong>„h</strong></span> <span class='ocrx_word' id='word_1_433' title='bbox 74 2732 79 2737; x_wconf 85' lang='lat'>&#39;</span> <span class='ocrx_word' id='word_1_434' title='bbox 91 2730 171 2764; x_wconf 85' lang='lat' dir='ltr'><strong>locis</strong></span> <span class='ocrx_word' id='word_1_435' title='bbox 187 2735 301 2764; x_wconf 89' lang='lat' dir='ltr'><strong>contra</strong></span> <span class='ocrx_word' id='word_1_436' title='bbox 316 2732 477 2764; x_wconf 89' lang='lat' dir='ltr'><strong>librorum</strong></span> <span class='ocrx_word' id='word_1_437' title='bbox 502 2732 602 2763; x_wconf 85' lang='lat' dir='ltr'><strong>fldem</strong></span> <span class='ocrx_word' id='word_1_438' title='bbox 619 2732 803 2773; x_wconf 83' lang='lat' dir='ltr'><strong>quidquam</strong></span> <span class='ocrx_word' id='word_1_439' title='bbox 819 2741 956 2764; x_wconf 83' lang='lat' dir='ltr'><strong>novasse</strong></span> 
     </span>
     <span class='ocr_line' id='line_1_72' title="bbox 1 2775 953 2828; baseline 0 -18"><span class='ocrx_word' id='word_1_440' title='bbox 1 2804 18 2828; x_wconf 31' lang='grc' dir='ltr'><strong>ξ,</strong></span> <span class='ocrx_word' id='word_1_441' title='bbox 51 2790 90 2816; x_wconf 40' lang='grc'><strong>··,.</strong></span> <span class='ocrx_word' id='word_1_442' title='bbox 118 2777 184 2810; x_wconf 90' lang='lat' dir='ltr'><strong>Sed</strong></span> <span class='ocrx_word' id='word_1_443' title='bbox 201 2779 353 2818; x_wconf 85' lang='lat' dir='ltr'><strong>analogia</strong></span> <span class='ocrx_word' id='word_1_444' title='bbox 369 2779 550 2819; x_wconf 85' lang='lat' dir='ltr'><strong>multiplex</strong></span> <span class='ocrx_word' id='word_1_445' title='bbox 573 2775 589 2811; x_wconf 82' lang='grc' dir='ltr'>ἵ</span> <span class='ocrx_word' id='word_1_446' title='bbox 610 2779 792 2811; x_wconf 89' lang='lat' dir='ltr'><strong>defendere</strong></span> <span class='ocrx_word' id='word_1_447' title='bbox 808 2779 953 2811; x_wconf 84' lang='lat' dir='ltr'><strong>videtur.</strong></span> 
     </span>
     <span class='ocr_line' id='line_1_73' title="bbox 15 2820 956 2867; baseline 0.003 -11"><span class='ocrx_word' id='word_1_448' title='bbox 15 2862 17 2864; x_wconf 21' lang='lat'><strong><em>¹</em></strong></span> <span class='ocrx_word' id='word_1_449' title='bbox 51 2820 77 2829; x_wconf 88' lang='grc'><strong>’</strong></span> <span class='ocrx_word' id='word_1_450' title='bbox 93 2827 133 2856; x_wconf 81' lang='lat' dir='ltr'><strong>ut</strong></span> <span class='ocrx_word' id='word_1_451' title='bbox 145 2834 187 2857; x_wconf 87' lang='lat' dir='ltr'><strong>ex</strong></span> <span class='ocrx_word' id='word_1_452' title='bbox 205 2823 244 2858; x_wconf 87' lang='grc' dir='ltr'><strong>σὺ</strong></span> <span class='ocrx_word' id='word_1_453' title='bbox 264 2823 321 2858; x_wconf 80' lang='grc' dir='ltr'><strong>σέο</strong></span> <span class='ocrx_word' id='word_1_454' title='bbox 339 2826 378 2856; x_wconf 82' lang='lat' dir='ltr'><strong>fit</strong></span> <span class='ocrx_word' id='word_1_455' title='bbox 396 2828 430 2857; x_wconf 88' lang='lat' dir='ltr'><strong>et</strong></span> <span class='ocrx_word' id='word_1_456' title='bbox 447 2827 519 2865; x_wconf 80' lang='grc' dir='ltr'><strong>σοῦ,</strong></span> <span class='ocrx_word' id='word_1_457' title='bbox 547 2826 596 2857; x_wconf 86' lang='lat' dir='ltr'><strong>ita</strong></span> <span class='ocrx_word' id='word_1_458' title='bbox 613 2822 650 2858; x_wconf 78' lang='grc' dir='ltr'><strong>ἕο</strong></span> <span class='ocrx_word' id='word_1_459' title='bbox 668 2823 708 2858; x_wconf 82' lang='grc' dir='ltr'><strong>οὗ</strong></span> <span class='ocrx_word' id='word_1_460' title='bbox 726 2826 767 2857; x_wconf 89' lang='lat' dir='ltr'><strong>ad</strong></span> <span class='ocrx_word' id='word_1_461' title='bbox 784 2826 920 2867; x_wconf 89' lang='lat' dir='ltr'><strong>aliquod</strong></span> <span class='ocrx_word' id='word_1_462' title='bbox 938 2822 956 2859; x_wconf 80' lang='grc' dir='ltr'><strong>ὕ</strong></span> 
     </span>
     <span class='ocr_line' id='line_1_74' title="bbox 12 2869 956 2918; baseline 0 -14"><span class='ocrx_word' id='word_1_463' title='bbox 12 2905 22 2909; x_wconf 11' lang='grc' dir='ltr'><strong>Ἴ,</strong></span> <span class='ocrx_word' id='word_1_464' title='bbox 57 2871 59 2874; x_wconf 90' lang='grc'><strong>’</strong></span> <span class='ocrx_word' id='word_1_465' title='bbox 73 2885 76 2897; x_wconf 86' lang='grc'><strong><em>·</em></strong></span> <span class='ocrx_word' id='word_1_466' title='bbox 92 2881 164 2904; x_wconf 86' lang='lat' dir='ltr'><strong>·um</strong></span> <span class='ocrx_word' id='word_1_467' title='bbox 175 2872 362 2913; x_wconf 86' lang='lat' dir='ltr'><strong>videbatur,</strong></span> <span class='ocrx_word' id='word_1_468' title='bbox 377 2872 467 2904; x_wconf 91' lang='lat' dir='ltr'><strong>unde</strong></span> <span class='ocrx_word' id='word_1_469' title='bbox 480 2869 505 2912; x_wconf 77' lang='grc' dir='ltr'><strong>ἵ,</strong></span> <span class='ocrx_word' id='word_1_470' title='bbox 522 2869 717 2918; x_wconf 70' lang='grc' dir='ltr'>παράλογον</span> <span class='ocrx_word' id='word_1_471' title='bbox 730 2873 843 2905; x_wconf 89' lang='lat' dir='ltr'><strong>visum</strong></span> <span class='ocrx_word' id='word_1_472' title='bbox 851 2873 956 2913; x_wconf 90' lang='lat' dir='ltr'><strong>Apol-</strong></span> 
     </span>
     <span class='ocr_line' id='line_1_75' title="bbox 6 2914 956 2963; baseline 0.001 -12"><span class='ocrx_word' id='word_1_473' title='bbox 6 2936 14 2957; x_wconf 54' lang='grc' dir='ltr'><strong>,χ</strong></span> <span class='ocrx_word' id='word_1_474' title='bbox 30 2921 93 2963; x_wconf 52' lang='lat'><strong>5-12.</strong></span> <span class='ocrx_word' id='word_1_475' title='bbox 113 2914 157 2951; x_wconf 90' lang='grc'><strong>69</strong></span> <span class='ocrx_word' id='word_1_476' title='bbox 174 2918 212 2959; x_wconf 86' lang='lat' dir='ltr'><strong>G,</strong></span> <span class='ocrx_word' id='word_1_477' title='bbox 240 2922 329 2950; x_wconf 83' lang='lat' dir='ltr'><strong>certe</strong></span> <span class='ocrx_word' id='word_1_478' title='bbox 357 2929 472 2960; x_wconf 85' lang='lat' dir='ltr'><strong>aspero</strong></span> <span class='ocrx_word' id='word_1_479' title='bbox 498 2923 587 2950; x_wconf 91' lang='lat' dir='ltr'><strong>recte</strong></span> <span class='ocrx_word' id='word_1_480' title='bbox 604 2920 792 2960; x_wconf 79' lang='lat' dir='ltr'><strong>notabitu13</strong></span> <span class='ocrx_word' id='word_1_481' title='bbox 822 2919 900 2951; x_wconf 92' lang='lat' dir='ltr'><strong>dein</strong></span> <span class='ocrx_word' id='word_1_482' title='bbox 920 2917 956 2957; x_wconf 83' lang='grc' dir='ltr'><strong>ὅς</strong></span> 
     </span>
     <span class='ocr_line' id='line_1_76' title="bbox 6 2966 955 3011; baseline 0 -13"><span class='ocrx_word' id='word_1_483' title='bbox 6 2981 69 3011; x_wconf 36' lang='grc' dir='ltr'><strong>..ς</strong></span> <span class='ocrx_word' id='word_1_484' title='bbox 98 2979 102 2992; x_wconf 75' lang='grc' dir='ltr'>ι</span> <span class='ocrx_word' id='word_1_485' title='bbox 123 2966 322 3006; x_wconf 88' lang='lat' dir='ltr'><strong>quibusdam</strong></span> <span class='ocrx_word' id='word_1_486' title='bbox 346 2966 497 2998; x_wconf 88' lang='lat' dir='ltr'><strong>dialectis</strong></span> <span class='ocrx_word' id='word_1_487' title='bbox 515 2966 649 2997; x_wconf 90' lang='lat' dir='ltr'><strong>easdem</strong></span> <span class='ocrx_word' id='word_1_488' title='bbox 665 2966 826 2998; x_wconf 83' lang='lat' dir='ltr'><strong>videntur</strong></span> <span class='ocrx_word' id='word_1_489' title='bbox 842 2970 955 3007; x_wconf 89' lang='lat' dir='ltr'><strong>partes</strong></span> 
     </span>
     <span class='ocr_line' id='line_1_77' title="bbox 71 3009 952 3104; baseline 0.004 -15.713"><span class='ocrx_word' id='word_1_490' title='bbox 71 3020 104 3062; x_wconf 76' lang='lat'><strong>-⁸</strong></span> <span class='ocrx_word' id='word_1_491' title='bbox 114 3009 765 3104; x_wconf 48' lang='grc' dir='ltr'><strong>’6ᾮὲἓΡὲἰὲίῗῐιέξςῖξἛιΡέέξῖε</strong></span> <span class='ocrx_word' id='word_1_492' title='bbox 783 3010 952 3103; x_wconf 53' lang='grc' dir='ltr'><strong>ἓὲῑέἕθὲ</strong></span> 
     </span>
     <span class='ocr_line' id='line_1_78' title="bbox 7 3100 956 3151; baseline 0.001 -14"><span class='ocrx_word' id='word_1_493' title='bbox 7 3100 23 3143; x_wconf 59' lang='grc' dir='ltr'><strong>ξ’</strong></span> <span class='ocrx_word' id='word_1_494' title='bbox 54 3104 76 3151; x_wconf 97' lang='grc' dir='ltr'><em>Ξ</em></span> <span class='ocrx_word' id='word_1_495' title='bbox 99 3108 134 3137; x_wconf 84' lang='lat' dir='ltr'><strong>et</strong></span> <span class='ocrx_word' id='word_1_496' title='bbox 149 3105 333 3145; x_wconf 86' lang='lat' dir='ltr'><strong>Syracusiis</strong></span> <span class='ocrx_word' id='word_1_497' title='bbox 359 3105 406 3140; x_wconf 80' lang='grc' dir='ltr'><strong>ὧν</strong></span> <span class='ocrx_word' id='word_1_498' title='bbox 430 3116 490 3148; x_wconf 91' lang='lat' dir='ltr'><strong>pro</strong></span> <span class='ocrx_word' id='word_1_499' title='bbox 518 3103 629 3139; x_wconf 75' lang='grc' dir='ltr'>αὐτῶν</span> <span class='ocrx_word' id='word_1_500' title='bbox 647 3107 819 3148; x_wconf 86' lang='lat' dir='ltr'><strong>tribuitur,</strong></span> <span class='ocrx_word' id='word_1_501' title='bbox 839 3108 888 3139; x_wconf 89' lang='lat' dir='ltr'><strong>ita</strong></span> <span class='ocrx_word' id='word_1_502' title='bbox 903 3107 956 3138; x_wconf 90' lang='lat' dir='ltr'><strong>his</strong></span> 
     </span>
     <span class='ocr_line' id='line_1_79' title="bbox 8 3152 957 3194; baseline 0.002 -11"><span class='ocrx_word' id='word_1_503' title='bbox 8 3159 9 3162; x_wconf 76' lang='grc'>’</span> <span class='ocrx_word' id='word_1_504' title='bbox 88 3152 217 3185; x_wconf 71' lang='grc' dir='ltr'><strong>ἰιῐιίοῐί</strong></span> <span class='ocrx_word' id='word_1_505' title='bbox 242 3156 354 3185; x_wconf 88' lang='lat' dir='ltr'><strong>autem</strong></span> <span class='ocrx_word' id='word_1_506' title='bbox 379 3157 414 3184; x_wconf 90' lang='lat' dir='ltr'><strong>et</strong></span> <span class='ocrx_word' id='word_1_507' title='bbox 431 3154 537 3194; x_wconf 90' lang='lat' dir='ltr'><strong>magis</strong></span> <span class='ocrx_word' id='word_1_508' title='bbox 554 3153 594 3185; x_wconf 88' lang='lat' dir='ltr'><strong>ad</strong></span> <span class='ocrx_word' id='word_1_509' title='bbox 611 3153 759 3185; x_wconf 83' lang='lat' dir='ltr'><strong>Atticam</strong></span> <span class='ocrx_word' id='word_1_510' title='bbox 776 3157 957 3185; x_wconf 88' lang='lat' dir='ltr'><strong>consuetu-</strong></span> 
     </span>
     <span class='ocr_line' id='line_1_80' title="bbox 4 3196 957 3233; baseline 0.003 -4"><span class='ocrx_word' id='word_1_511' title='bbox 4 3214 6 3229; x_wconf 50' lang='grc' dir='ltr'>ι</span> <span class='ocrx_word' id='word_1_512' title='bbox 60 3196 249 3231; x_wconf 77' lang='lat' dir='ltr'><strong>accedenti</strong></span> <span class='ocrx_word' id='word_1_513' title='bbox 266 3200 411 3232; x_wconf 90' lang='lat' dir='ltr'><strong>sermoni</strong></span> <span class='ocrx_word' id='word_1_514' title='bbox 427 3197 442 3233; x_wconf 78' lang='grc' dir='ltr'><strong>’ί</strong></span> <span class='ocrx_word' id='word_1_515' title='bbox 460 3200 715 3232; x_wconf 87' lang='lat' dir='ltr'><strong>adscribendum</strong></span> <span class='ocrx_word' id='word_1_516' title='bbox 732 3200 877 3232; x_wconf 87' lang='lat' dir='ltr'><strong>videtur.</strong></span> <span class='ocrx_word' id='word_1_517' title='bbox 906 3201 957 3232; x_wconf 86' lang='lat' dir='ltr'><strong>Ita</strong></span> 
     </span>
     <span class='ocr_line' id='line_1_81' title="bbox 9 3245 957 3286; baseline 0.001 -9"><span class='ocrx_word' id='word_1_518' title='bbox 9 3270 15 3277; x_wconf 70' lang='lat'><strong>.</strong></span> <span class='ocrx_word' id='word_1_519' title='bbox 70 3246 191 3282; x_wconf 48' lang='lat' dir='ltr'><strong>&#39;finiani</strong></span> <span class='ocrx_word' id='word_1_520' title='bbox 217 3255 316 3278; x_wconf 87' lang='lat' dir='ltr'><strong>suum</strong></span> <span class='ocrx_word' id='word_1_521' title='bbox 341 3248 385 3286; x_wconf 76' lang='lat' dir='ltr'><strong>is,</strong></span> <span class='ocrx_word' id='word_1_522' title='bbox 416 3256 458 3278; x_wconf 79' lang='lat' dir='ltr'><strong>ex</strong></span> <span class='ocrx_word' id='word_1_523' title='bbox 481 3245 496 3280; x_wconf 78' lang='grc' dir='ltr'>ἵ</span> <span class='ocrx_word' id='word_1_524' title='bbox 523 3247 572 3278; x_wconf 84' lang='lat' dir='ltr'><strong>hic</strong></span> <span class='ocrx_word' id='word_1_525' title='bbox 597 3247 820 3278; x_wconf 84' lang='lat' dir='ltr'><strong>deflexerunt.</strong></span> <span class='ocrx_word' id='word_1_526' title='bbox 849 3247 957 3279; x_wconf 88' lang='lat' dir='ltr'><strong>Possit</strong></span> 
     </span>
     <span class='ocr_line' id='line_1_82' title="bbox 74 3291 955 3334; baseline 0.001 -9.928"><span class='ocrx_word' id='word_1_527' title='bbox 74 3291 222 3333; x_wconf 70' lang='lat' dir='ltr'><strong>·⁸piritus</strong></span> <span class='ocrx_word' id='word_1_528' title='bbox 255 3293 439 3325; x_wconf 86' lang='lat' dir='ltr'><strong>secundum</strong></span> <span class='ocrx_word' id='word_1_529' title='bbox 473 3294 750 3334; x_wconf 85' lang='lat' dir='ltr'><strong>significationem</strong></span> <span class='ocrx_word' id='word_1_530' title='bbox 775 3294 955 3326; x_wconf 89' lang='lat' dir='ltr'><strong>discrimen</strong></span> 
     </span>
     <span class='ocr_line' id='line_1_83' title="bbox 4 3338 956 3379; baseline 0.003 -9"><span class='ocrx_word' id='word_1_531' title='bbox 4 3345 7 3363; x_wconf 77' lang='lat'><strong>¹</strong></span> <span class='ocrx_word' id='word_1_532' title='bbox 59 3338 103 3375; x_wconf 70' lang='lat'><strong>,&#39;</strong></span> <span class='ocrx_word' id='word_1_533' title='bbox 132 3338 217 3371; x_wconf 84' lang='lat' dir='ltr'><strong>Nam</strong></span> <span class='ocrx_word' id='word_1_534' title='bbox 239 3343 280 3372; x_wconf 87' lang='lat' dir='ltr'><strong>ut</strong></span> <span class='ocrx_word' id='word_1_535' title='bbox 304 3340 502 3372; x_wconf 86' lang='lat' dir='ltr'><strong>Latinorum</strong></span> <span class='ocrx_word' id='word_1_536' title='bbox 526 3341 552 3371; x_wconf 73' lang='lat' dir='ltr'><strong>is</strong></span> <span class='ocrx_word' id='word_1_537' title='bbox 569 3341 745 3372; x_wconf 82' lang='lat' dir='ltr'><strong>relativum</strong></span> <span class='ocrx_word' id='word_1_538' title='bbox 763 3344 831 3379; x_wconf 86' lang='lat' dir='ltr'><strong>est,</strong></span> <span class='ocrx_word' id='word_1_539' title='bbox 861 3341 956 3373; x_wconf 92' lang='lat' dir='ltr'><strong>modo</strong></span> 
     </span>
     <span class='ocr_line' id='line_1_84' title="bbox 60 3384 956 3430; baseline 0.001 -9.943"><span class='ocrx_word' id='word_1_540' title='bbox 60 3386 103 3430; x_wconf 38' lang='grc' dir='ltr'><strong>(τ’.</strong></span> <span class='ocrx_word' id='word_1_541' title='bbox 118 3384 263 3428; x_wconf 56' lang='lat' dir='ltr'><strong>Micam,</strong></span> <span class='ocrx_word' id='word_1_542' title='bbox 290 3387 332 3419; x_wconf 89' lang='lat' dir='ltr'><strong>de</strong></span> <span class='ocrx_word' id='word_1_543' title='bbox 349 3396 415 3428; x_wconf 90' lang='lat' dir='ltr'><strong>quo</strong></span> <span class='ocrx_word' id='word_1_544' title='bbox 432 3387 539 3419; x_wconf 89' lang='lat' dir='ltr'><strong>adhuc</strong></span> <span class='ocrx_word' id='word_1_545' title='bbox 554 3387 772 3428; x_wconf 88' lang='lat' dir='ltr'><strong>loquebamur</strong></span> <span class='ocrx_word' id='word_1_546' title='bbox 788 3384 875 3430; x_wconf 78' lang='lat' dir='ltr'><strong>(der,</strong></span> <span class='ocrx_word' id='word_1_547' title='bbox 896 3384 956 3421; x_wconf 81' lang='grc' dir='ltr'><strong>οὗ·</strong></span> 
     </span>
    </p>
   </div>
   <div class='ocr_carea' id='block_1_7' title="bbox 844 113 1200 169">
    <p class='ocr_par' dir='ltr' id='par_1_7' title="bbox 844 113 1200 169">
     <span class='ocr_line' id='line_1_85' title="bbox 844 113 1200 169; baseline -0.003 0"><span class='ocrx_word' id='word_1_548' title='bbox 844 118 1050 169; x_wconf 80' lang='grc' dir='ltr'>Θωπεύω</span> <span class='ocrx_word' id='word_1_549' title='bbox 1077 148 1138 156; x_wconf 87' lang='grc'>-</span> <span class='ocrx_word' id='word_1_550' title='bbox 1157 113 1200 168; x_wconf 80' lang='grc' dir='ltr'><strong>Ἴ</strong></span> 
     </span>
    </p>
   </div>
   <div class='ocr_carea' id='block_1_8' title="bbox 1911 117 2011 165">
    <p class='ocr_par' dir='ltr' id='par_1_8' title="bbox 1911 117 2011 165">
     <span class='ocr_line' id='line_1_86' title="bbox 1911 117 2011 165; baseline 0 0"><span class='ocrx_word' id='word_1_551' title='bbox 1911 117 2011 165; x_wconf 86' lang='grc'><strong>329</strong></span> 
     </span>
    </p>
   </div>
   <div class='ocr_carea' id='block_1_9' title="bbox 1002 231 2009 327">
    <p class='ocr_par' dir='ltr' id='par_1_9' title="bbox 1002 231 2009 327">
     <span class='ocr_line' id='line_1_87' title="bbox 1002 231 2009 277; baseline -0.006 -7"><span class='ocrx_word' id='word_1_552' title='bbox 1002 233 1136 270; x_wconf 79' lang='grc' dir='ltr'>θῶσθαι</span> <span class='ocrx_word' id='word_1_553' title='bbox 1170 238 1299 277; x_wconf 71' lang='lat' dir='ltr'><strong>epulan*</strong></span> <span class='ocrx_word' id='word_1_554' title='bbox 1332 247 1364 268; x_wconf 91' lang='lat' dir='ltr'><strong>v.</strong></span> <span class='ocrx_word' id='word_1_555' title='bbox 1395 236 1537 268; x_wconf 81' lang='lat' dir='ltr'><strong>Ahrens.</strong></span> <span class='ocrx_word' id='word_1_556' title='bbox 1565 235 1643 267; x_wconf 87' lang='lat' dir='ltr'><strong>dial.</strong></span> <span class='ocrx_word' id='word_1_557' title='bbox 1672 232 1717 276; x_wconf 87' lang='grc'><strong>2,</strong></span> <span class='ocrx_word' id='word_1_558' title='bbox 1746 231 1813 266; x_wconf 76' lang='grc'><strong>343</strong></span> <span class='ocrx_word' id='word_1_559' title='bbox 1833 244 1882 275; x_wconf 91' lang='lat' dir='ltr'><strong>sq.</strong></span> <span class='ocrx_word' id='word_1_560' title='bbox 1930 233 2009 266; x_wconf 92' lang='lat' dir='ltr'><strong>Lob.</strong></span> 
     </span>
     <span class='ocr_line' id='line_1_88' title="bbox 1003 280 1353 327; baseline 0 -12"><span class='ocrx_word' id='word_1_561' title='bbox 1003 285 1119 316; x_wconf 88' lang='lat' dir='ltr'><strong>Rhem.</strong></span> <span class='ocrx_word' id='word_1_562' title='bbox 1141 281 1186 316; x_wconf 84' lang='lat'>70</span> <span class='ocrx_word' id='word_1_563' title='bbox 1203 286 1238 315; x_wconf 89' lang='lat' dir='ltr'><strong>et</strong></span> <span class='ocrx_word' id='word_1_564' title='bbox 1257 280 1353 327; x_wconf 70' lang='grc'>108]</span> 
     </span>
    </p>
   </div>
   <div class='ocr_carea' id='block_1_10' title="bbox 999 332 2014 950">
    <p class='ocr_par' dir='ltr' id='par_1_10' title="bbox 999 332 2014 950">
     <span class='ocr_line' id='line_1_89' title="bbox 1071 332 2014 385; baseline -0.005 -10"><span class='ocrx_word' id='word_1_565' title='bbox 1071 339 1099 375; x_wconf 80' lang='grc' dir='ltr'>Θ</span> <span class='ocrx_word' id='word_1_566' title='bbox 1110 336 1170 376; x_wconf 74' lang='grc' dir='ltr'><strong>ωιῖ</strong></span> <span class='ocrx_word' id='word_1_567' title='bbox 1179 351 1261 375; x_wconf 71' lang='lat' dir='ltr'><strong>com</strong></span> <span class='ocrx_word' id='word_1_568' title='bbox 1278 343 1396 381; x_wconf 82' lang='lat' dir='ltr'><strong>clamo,</strong></span> <span class='ocrx_word' id='word_1_569' title='bbox 1418 341 1560 381; x_wconf 80' lang='lat' dir='ltr'><strong>appello.</strong></span> <span class='ocrx_word' id='word_1_570' title='bbox 1581 338 1720 385; x_wconf 80' lang='grc' dir='ltr'>φθέγμα</span> <span class='ocrx_word' id='word_1_571' title='bbox 1736 332 1765 372; x_wconf 83' lang='grc' dir='ltr'><strong>δ’</strong></span> <span class='ocrx_word' id='word_1_572' title='bbox 1783 336 1943 385; x_wconf 76' lang='grc' dir='ltr'><strong>ἐξαίφνης</strong></span> <span class='ocrx_word' id='word_1_573' title='bbox 1959 349 2014 370; x_wconf 79' lang='grc' dir='ltr'><strong>τι-</strong></span> 
     </span>
     <span class='ocr_line' id='line_1_90' title="bbox 1000 385 2014 429; baseline -0.005 -8"><span class='ocrx_word' id='word_1_574' title='bbox 1000 388 1056 423; x_wconf 73' lang='grc' dir='ltr'><strong>νὸς</strong></span> <span class='ocrx_word' id='word_1_575' title='bbox 1073 386 1202 429; x_wconf 74' lang='grc' dir='ltr'>θώυξεν</span> <span class='ocrx_word' id='word_1_576' title='bbox 1221 386 1322 422; x_wconf 74' lang='grc' dir='ltr'>αὐτόν</span> <span class='ocrx_word' id='word_1_577' title='bbox 1340 388 1396 421; x_wconf 88' lang='lat' dir='ltr'><strong>OC</strong></span> <span class='ocrx_word' id='word_1_578' title='bbox 1414 385 1513 420; x_wconf 89' lang='grc'>1624.</span> <span class='ocrx_word' id='word_1_579' title='bbox 1544 388 1592 419; x_wconf 89' lang='lat' dir='ltr'><strong>Ne</strong></span> <span class='ocrx_word' id='word_1_580' title='bbox 1610 391 1688 427; x_wconf 76' lang='lat' dir='ltr'><strong>aute</strong></span> <span class='ocrx_word' id='word_1_581' title='bbox 1705 396 1880 418; x_wconf 88' lang='lat' dir='ltr'><strong>consonam</strong></span> <span class='ocrx_word' id='word_1_582' title='bbox 1899 386 2014 417; x_wconf 84' lang='lat' dir='ltr'><strong>dema-</strong></span> 
     </span>
     <span class='ocr_line' id='line_1_91' title="bbox 1001 430 2014 476; baseline -0.002 -9"><span class='ocrx_word' id='word_1_583' title='bbox 1001 440 1058 468; x_wconf 86' lang='lat' dir='ltr'><strong>tur</strong></span> <span class='ocrx_word' id='word_1_584' title='bbox 1074 440 1304 476; x_wconf 85' lang='lat' dir='ltr'><strong>augmentum,</strong></span> <span class='ocrx_word' id='word_1_585' title='bbox 1333 436 1424 468; x_wconf 85' lang='lat' dir='ltr'><strong>Pors.</strong></span> <span class='ocrx_word' id='word_1_586' title='bbox 1444 436 1484 467; x_wconf 86' lang='lat' dir='ltr'><strong>ad</strong></span> <span class='ocrx_word' id='word_1_587' title='bbox 1502 435 1583 467; x_wconf 84' lang='lat' dir='ltr'><strong>Eur.</strong></span> <span class='ocrx_word' id='word_1_588' title='bbox 1604 434 1728 466; x_wconf 85' lang='lat' dir='ltr'><strong>Phoen.</strong></span> <span class='ocrx_word' id='word_1_589' title='bbox 1750 431 1771 465; x_wconf 91' lang='grc'>5</span> <span class='ocrx_word' id='word_1_590' title='bbox 1797 431 1886 467; x_wconf 76' lang='grc' dir='ltr'>θεῶν</span> <span class='ocrx_word' id='word_1_591' title='bbox 1919 430 2014 466; x_wconf 83' lang='grc' dir='ltr'>ἐθώ-</span> 
     </span>
     <span class='ocr_line' id='line_1_92' title="bbox 1000 476 2014 524; baseline -0.006 -8"><span class='ocrx_word' id='word_1_592' title='bbox 1000 478 1066 524; x_wconf 73' lang='grc' dir='ltr'><strong>υξ’,</strong></span> <span class='ocrx_word' id='word_1_593' title='bbox 1096 483 1215 514; x_wconf 88' lang='lat' dir='ltr'><strong>Elmsl.</strong></span> <span class='ocrx_word' id='word_1_594' title='bbox 1237 479 1320 516; x_wconf 82' lang='grc' dir='ltr'>θεοῦ</span> <span class='ocrx_word' id='word_1_595' title='bbox 1336 476 1474 521; x_wconf 75' lang='grc' dir='ltr'>’θώυξεν</span> <span class='ocrx_word' id='word_1_596' title='bbox 1493 479 1605 515; x_wconf 81' lang='grc' dir='ltr'><strong>αὐτόν.</strong></span> <span class='ocrx_word' id='word_1_597' title='bbox 1628 482 1819 513; x_wconf 83' lang='lat' dir='ltr'><strong>Hermanno</strong></span> <span class='ocrx_word' id='word_1_598' title='bbox 1838 480 2014 511; x_wconf 83' lang='lat' dir='ltr'><strong>videbatur</strong></span> 
     </span>
     <span class='ocr_line' id='line_1_93' title="bbox 1000 520 2013 572; baseline -0.004 -10"><span class='ocrx_word' id='word_1_599' title='bbox 1000 531 1194 572; x_wconf 85' lang='lat' dir='ltr'><strong>quaestione</strong></span> <span class='ocrx_word' id='word_1_600' title='bbox 1212 530 1363 570; x_wconf 81' lang='lat' dir='ltr'><strong>dignum,</strong></span> <span class='ocrx_word' id='word_1_601' title='bbox 1384 539 1424 562; x_wconf 91' lang='lat' dir='ltr'><strong>an</strong></span> <span class='ocrx_word' id='word_1_602' title='bbox 1444 533 1482 561; x_wconf 88' lang='lat' dir='ltr'><strong>ut</strong></span> <span class='ocrx_word' id='word_1_603' title='bbox 1499 526 1606 562; x_wconf 79' lang='grc' dir='ltr'><strong>ἀίσσω</strong></span> <span class='ocrx_word' id='word_1_604' title='bbox 1626 529 1660 559; x_wconf 88' lang='lat' dir='ltr'><strong>in</strong></span> <span class='ocrx_word' id='word_1_605' title='bbox 1682 520 1773 571; x_wconf 77' lang='grc' dir='ltr'>ᾇσσω</span> <span class='ocrx_word' id='word_1_606' title='bbox 1799 529 1846 559; x_wconf 88' lang='lat' dir='ltr'><strong>ita</strong></span> <span class='ocrx_word' id='word_1_607' title='bbox 1864 520 2013 560; x_wconf 68' lang='grc' dir='ltr'>θωΰσσω</span> 
     </span>
     <span class='ocr_line' id='line_1_94' title="bbox 1000 574 2012 617; baseline -0.005 -8"><span class='ocrx_word' id='word_1_608' title='bbox 1000 578 1034 609; x_wconf 93' lang='lat' dir='ltr'><strong>in</strong></span> <span class='ocrx_word' id='word_1_609' title='bbox 1053 575 1179 611; x_wconf 82' lang='grc' dir='ltr'>θώσσω</span> <span class='ocrx_word' id='word_1_610' title='bbox 1198 577 1346 609; x_wconf 86' lang='lat' dir='ltr'><strong>contrahi</strong></span> <span class='ocrx_word' id='word_1_611' title='bbox 1359 577 1482 608; x_wconf 85' lang='lat' dir='ltr'><strong>Atticis</strong></span> <span class='ocrx_word' id='word_1_612' title='bbox 1500 579 1670 617; x_wconf 90' lang='lat' dir='ltr'><strong>receptum</strong></span> <span class='ocrx_word' id='word_1_613' title='bbox 1689 576 1802 607; x_wconf 83' lang='lat' dir='ltr'><strong>fuerit.</strong></span> <span class='ocrx_word' id='word_1_614' title='bbox 1832 575 1878 606; x_wconf 84' lang='lat' dir='ltr'><strong>At</strong></span> <span class='ocrx_word' id='word_1_615' title='bbox 1896 584 1907 606; x_wconf 85' lang='grc' dir='ltr'>ι</span> <span class='ocrx_word' id='word_1_616' title='bbox 1932 574 2012 605; x_wconf 87' lang='lat' dir='ltr'><strong>sub-</strong></span> 
     </span>
     <span class='ocr_line' id='line_1_95' title="bbox 999 623 2012 668; baseline -0.006 -11"><span class='ocrx_word' id='word_1_617' title='bbox 999 625 1166 663; x_wconf 88' lang='lat' dir='ltr'><strong>scribitur,</strong></span> <span class='ocrx_word' id='word_1_618' title='bbox 1196 635 1215 657; x_wconf 91' lang='grc' dir='ltr'>υ</span> <span class='ocrx_word' id='word_1_619' title='bbox 1234 634 1426 665; x_wconf 86' lang='lat' dir='ltr'><strong>nunquam:</strong></span> <span class='ocrx_word' id='word_1_620' title='bbox 1457 634 1499 668; x_wconf 90' lang='grc' dir='ltr'><strong>οη</strong></span> <span class='ocrx_word' id='word_1_621' title='bbox 1518 623 1618 655; x_wconf 86' lang='lat' dir='ltr'><strong>certis</strong></span> <span class='ocrx_word' id='word_1_622' title='bbox 1636 623 1753 663; x_wconf 87' lang='lat' dir='ltr'><strong>positis</strong></span> <span class='ocrx_word' id='word_1_623' title='bbox 1770 623 1805 653; x_wconf 88' lang='lat' dir='ltr'><strong>in</strong></span> <span class='ocrx_word' id='word_1_624' title='bbox 1825 635 1853 655; x_wconf 87' lang='grc' dir='ltr'>ω</span> <span class='ocrx_word' id='word_1_625' title='bbox 1878 624 2012 653; x_wconf 90' lang='lat' dir='ltr'><strong>contra-</strong></span> 
     </span>
     <span class='ocr_line' id='line_1_96' title="bbox 999 664 2011 713; baseline -0.004 -10"><span class='ocrx_word' id='word_1_626' title='bbox 999 673 1091 704; x_wconf 89' lang='lat' dir='ltr'><strong>hitur</strong></span> <span class='ocrx_word' id='word_1_627' title='bbox 1116 672 1217 703; x_wconf 86' lang='lat' dir='ltr'><strong>etiam</strong></span> <span class='ocrx_word' id='word_1_628' title='bbox 1236 675 1331 703; x_wconf 85' lang='lat' dir='ltr'><strong>extra</strong></span> <span class='ocrx_word' id='word_1_629' title='bbox 1349 671 1530 702; x_wconf 74' lang='lat' dir='ltr'><strong>flexionem</strong></span> <span class='ocrx_word' id='word_1_630' title='bbox 1548 671 1735 709; x_wconf 87' lang='lat' dir='ltr'><strong>verborum,</strong></span> <span class='ocrx_word' id='word_1_631' title='bbox 1766 673 1805 700; x_wconf 91' lang='lat' dir='ltr'><strong>ut</strong></span> <span class='ocrx_word' id='word_1_632' title='bbox 1829 669 1863 700; x_wconf 91' lang='lat' dir='ltr'><strong>in</strong></span> <span class='ocrx_word' id='word_1_633' title='bbox 1883 664 2011 713; x_wconf 78' lang='grc' dir='ltr'>βωθεῖν</span> 
     </span>
     <span class='ocr_line' id='line_1_97' title="bbox 999 717 2011 764; baseline -0.006 -13"><span class='ocrx_word' id='word_1_634' title='bbox 999 723 1033 751; x_wconf 89' lang='lat' dir='ltr'><strong>et</strong></span> <span class='ocrx_word' id='word_1_635' title='bbox 1050 717 1158 764; x_wconf 76' lang='grc' dir='ltr'>βῶσαι</span> <span class='ocrx_word' id='word_1_636' title='bbox 1176 719 1312 759; x_wconf 87' lang='lat' dir='ltr'><strong>Ionicis,</strong></span> <span class='ocrx_word' id='word_1_637' title='bbox 1335 719 1392 750; x_wconf 88' lang='lat' dir='ltr'><strong>sed</strong></span> <span class='ocrx_word' id='word_1_638' title='bbox 1411 729 1461 751; x_wconf 86' lang='grc' dir='ltr'><strong>ωυ</strong></span> <span class='ocrx_word' id='word_1_639' title='bbox 1479 717 1626 750; x_wconf 87' lang='lat' dir='ltr'><strong>contrahi</strong></span> <span class='ocrx_word' id='word_1_640' title='bbox 1652 720 1764 748; x_wconf 85' lang='lat' dir='ltr'><strong>contra</strong></span> <span class='ocrx_word' id='word_1_641' title='bbox 1781 725 1912 747; x_wconf 91' lang='lat' dir='ltr'><strong>omnem</strong></span> <span class='ocrx_word' id='word_1_642' title='bbox 1931 724 2011 746; x_wconf 87' lang='lat' dir='ltr'><strong>ana·-</strong></span> 
     </span>
     <span class='ocr_line' id='line_1_98' title="bbox 1000 758 2012 807; baseline -0.005 -9"><span class='ocrx_word' id='word_1_643' title='bbox 1000 767 1116 806; x_wconf 87' lang='lat' dir='ltr'><strong>logiam</strong></span> <span class='ocrx_word' id='word_1_644' title='bbox 1135 770 1273 807; x_wconf 81' lang='lat' dir='ltr'><strong>pugnat.</strong></span> <span class='ocrx_word' id='word_1_645' title='bbox 1296 784 1341 789; x_wconf 94' lang='lat'><strong>——</strong></span> <span class='ocrx_word' id='word_1_646' title='bbox 1359 765 1396 797; x_wconf 90' lang='lat' dir='ltr'><strong>C.</strong></span> <span class='ocrx_word' id='word_1_647' title='bbox 1417 775 1525 797; x_wconf 86' lang='lat' dir='ltr'><strong>accus.</strong></span> <span class='ocrx_word' id='word_1_648' title='bbox 1548 765 1628 796; x_wconf 86' lang='lat' dir='ltr'><strong>item</strong></span> <span class='ocrx_word' id='word_1_649' title='bbox 1648 764 1800 803; x_wconf 84' lang='lat' dir='ltr'><strong>iungitur</strong></span> <span class='ocrx_word' id='word_1_650' title='bbox 1817 760 1892 796; x_wconf 74' lang='grc' dir='ltr'><strong>οἷαν</strong></span> <span class='ocrx_word' id='word_1_651' title='bbox 1908 758 2012 806; x_wconf 79' lang='grc' dir='ltr'>τήνδε</span> 
     </span>
     <span class='ocr_line' id='line_1_99' title="bbox 1000 808 2009 858; baseline -0.008 -11"><span class='ocrx_word' id='word_1_652' title='bbox 1000 808 1147 847; x_wconf 71' lang='grc' dir='ltr'>θωΰσσει</span> <span class='ocrx_word' id='word_1_653' title='bbox 1170 810 1256 858; x_wconf 75' lang='grc' dir='ltr'>βοήν</span> <span class='ocrx_word' id='word_1_654' title='bbox 1290 813 1343 844; x_wconf 86' lang='lat' dir='ltr'><strong>Ai.</strong></span> <span class='ocrx_word' id='word_1_655' title='bbox 1365 809 1432 844; x_wconf 88' lang='grc'><strong>335</strong></span> <span class='ocrx_word' id='word_1_656' title='bbox 1466 812 1506 843; x_wconf 87' lang='lat' dir='ltr'><strong>de</strong></span> <span class='ocrx_word' id='word_1_657' title='bbox 1530 813 1670 843; x_wconf 90' lang='lat' dir='ltr'><strong>clamore</strong></span> <span class='ocrx_word' id='word_1_658' title='bbox 1702 811 1836 848; x_wconf 76' lang='lat' dir='ltr'><strong>lugubri</strong></span> <span class='ocrx_word' id='word_1_659' title='bbox 1869 810 2009 841; x_wconf 77' lang='lat' dir='ltr'><strong>«lictum.</strong></span> 
     </span>
     <span class='ocr_line' id='line_1_100' title="bbox 1000 855 2011 904; baseline -0.005 -12"><span class='ocrx_word' id='word_1_660' title='bbox 1000 862 1095 893; x_wconf 82' lang='lat' dir='ltr'><strong>Nude</strong></span> <span class='ocrx_word' id='word_1_661' title='bbox 1113 858 1237 897; x_wconf 79' lang='grc' dir='ltr'><strong>παίσας</strong></span> <span class='ocrx_word' id='word_1_662' title='bbox 1255 857 1346 904; x_wconf 69' lang='grc' dir='ltr'>κάρα</span> <span class='ocrx_word' id='word_1_663' title='bbox 1367 856 1508 898; x_wconf 71' lang='grc' dir='ltr'>’θώυξεν</span> <span class='ocrx_word' id='word_1_664' title='bbox 1533 859 1587 890; x_wconf 86' lang='lat' dir='ltr'><strong>Ai.</strong></span> <span class='ocrx_word' id='word_1_665' title='bbox 1610 855 1689 890; x_wconf 88' lang='grc'>308.</span> <span class='ocrx_word' id='word_1_666' title='bbox 1720 858 1811 888; x_wconf 85' lang='lat' dir='ltr'><strong>Libri</strong></span> <span class='ocrx_word' id='word_1_667' title='bbox 1829 857 1902 889; x_wconf 90' lang='lat' dir='ltr'><strong>sine</strong></span> <span class='ocrx_word' id='word_1_668' title='bbox 1919 865 2011 888; x_wconf 91' lang='lat' dir='ltr'><strong>coro-</strong></span> 
     </span>
     <span class='ocr_line' id='line_1_101' title="bbox 1000 902 1891 950; baseline -0.002 -10"><span class='ocrx_word' id='word_1_669' title='bbox 1000 908 1088 941; x_wconf 88' lang='lat' dir='ltr'><strong>nide.</strong></span> <span class='ocrx_word' id='word_1_670' title='bbox 1118 908 1226 940; x_wconf 83' lang='lat' dir='ltr'><strong>Affert</strong></span> <span class='ocrx_word' id='word_1_671' title='bbox 1250 908 1314 939; x_wconf 88' lang='lat' dir='ltr'><strong>ista</strong></span> <span class='ocrx_word' id='word_1_672' title='bbox 1331 907 1498 947; x_wconf 86' lang='lat' dir='ltr'><strong>Moschop.</strong></span> <span class='ocrx_word' id='word_1_673' title='bbox 1519 906 1624 938; x_wconf 90' lang='lat' dir='ltr'><strong>Dictt.</strong></span> <span class='ocrx_word' id='word_1_674' title='bbox 1645 906 1716 936; x_wconf 90' lang='lat' dir='ltr'><strong>Att.</strong></span> <span class='ocrx_word' id='word_1_675' title='bbox 1738 915 1769 936; x_wconf 92' lang='lat' dir='ltr'><strong>v.</strong></span> <span class='ocrx_word' id='word_1_676' title='bbox 1789 902 1891 950; x_wconf 68' lang='grc' dir='ltr'><strong>κάρα.</strong></span> 
     </span>
    </p>
   </div>
   <div class='ocr_carea' id='block_1_11' title="bbox 945 1086 1008 1156">
    <p class='ocr_par' dir='ltr' id='par_1_11' title="bbox 945 1086 1008 1156">
     <span class='ocr_line' id='line_1_102' title="bbox 945 1086 1008 1156; baseline 0 0"><span class='ocrx_word' id='word_1_677' title='bbox 945 1086 1008 1156; x_wconf 93' lang='grc' dir='ltr'><strong>Ι.</strong></span> 
     </span>
    </p>
   </div>
   <div class='ocr_carea' id='block_1_12' title="bbox 991 1223 2013 3428">
    <p class='ocr_par' dir='ltr' id='par_1_12' title="bbox 991 1223 2013 3428">
     <span class='ocr_line' id='line_1_103' title="bbox 996 1223 2013 1265; baseline -0.005 -7"><span class='ocrx_word' id='word_1_678' title='bbox 996 1225 1090 1265; x_wconf 65' lang='grc' dir='ltr'>τος),</span> <span class='ocrx_word' id='word_1_679' title='bbox 1120 1226 1215 1257; x_wconf 82' lang='lat' dir='ltr'><strong>modo</strong></span> <span class='ocrx_word' id='word_1_680' title='bbox 1231 1226 1270 1256; x_wconf 93' lang='lat' dir='ltr'><strong>ad</strong></span> <span class='ocrx_word' id='word_1_681' title='bbox 1290 1225 1377 1256; x_wconf 90' lang='lat' dir='ltr'><strong>idem</strong></span> <span class='ocrx_word' id='word_1_682' title='bbox 1397 1225 1602 1264; x_wconf 87' lang='lat' dir='ltr'><strong>subiectum,</strong></span> <span class='ocrx_word' id='word_1_683' title='bbox 1633 1224 1718 1264; x_wconf 89' lang='lat' dir='ltr'><strong>quod</strong></span> <span class='ocrx_word' id='word_1_684' title='bbox 1736 1226 1834 1255; x_wconf 89' lang='lat' dir='ltr'><strong>antea</strong></span> <span class='ocrx_word' id='word_1_685' title='bbox 1852 1223 1927 1262; x_wconf 82' lang='lat' dir='ltr'><strong>ruit,</strong></span> <span class='ocrx_word' id='word_1_686' title='bbox 1959 1231 2013 1253; x_wconf 85' lang='lat' dir='ltr'><strong>re-</strong></span> 
     </span>
     <span class='ocr_line' id='line_1_104' title="bbox 997 1268 2012 1313; baseline -0.005 -8"><span class='ocrx_word' id='word_1_687' title='bbox 997 1268 1172 1313; x_wconf 85' lang='lat' dir='ltr'><strong>torquetur</strong></span> <span class='ocrx_word' id='word_1_688' title='bbox 1188 1271 1251 1313; x_wconf 80' lang='lat' dir='ltr'><strong>(er,</strong></span> <span class='ocrx_word' id='word_1_689' title='bbox 1273 1282 1338 1313; x_wconf 91' lang='lat' dir='ltr'><strong>quo</strong></span> <span class='ocrx_word' id='word_1_690' title='bbox 1356 1281 1458 1303; x_wconf 86' lang='lat' dir='ltr'><strong>sensu</strong></span> <span class='ocrx_word' id='word_1_691' title='bbox 1484 1281 1551 1302; x_wconf 92' lang='lat' dir='ltr'><strong>non</strong></span> <span class='ocrx_word' id='word_1_692' title='bbox 1570 1272 1673 1310; x_wconf 86' lang='lat' dir='ltr'><strong>magis</strong></span> <span class='ocrx_word' id='word_1_693' title='bbox 1691 1271 1934 1302; x_wconf 85' lang='lat' dir='ltr'><strong>nominativum</strong></span> <span class='ocrx_word' id='word_1_694' title='bbox 1953 1269 2012 1300; x_wconf 88' lang='lat' dir='ltr'><strong>ha-</strong></span> 
     </span>
     <span class='ocr_line' id='line_1_105' title="bbox 996 1314 2009 1361; baseline -0.005 -9"><span class='ocrx_word' id='word_1_695' title='bbox 996 1322 1064 1361; x_wconf 90' lang='lat' dir='ltr'><strong>bet,</strong></span> <span class='ocrx_word' id='word_1_696' title='bbox 1085 1330 1186 1361; x_wconf 88' lang='lat' dir='ltr'><strong>quam</strong></span> <span class='ocrx_word' id='word_1_697' title='bbox 1200 1319 1365 1352; x_wconf 82' lang='lat' dir='ltr'><strong>Graecum</strong></span> <span class='ocrx_word' id='word_1_698' title='bbox 1383 1316 1496 1358; x_wconf 82' lang='grc' dir='ltr'><strong>αὐτός,</strong></span> <span class='ocrx_word' id='word_1_699' title='bbox 1516 1319 1573 1349; x_wconf 82' lang='lat' dir='ltr'><strong>sed</strong></span> <span class='ocrx_word' id='word_1_700' title='bbox 1592 1318 1742 1359; x_wconf 86' lang='lat' dir='ltr'><strong>obliquos</strong></span> <span class='ocrx_word' id='word_1_701' title='bbox 1756 1327 1852 1349; x_wconf 86' lang='lat' dir='ltr'><strong>casus</strong></span> <span class='ocrx_word' id='word_1_702' title='bbox 1865 1314 2009 1359; x_wconf 83' lang='lat' dir='ltr'><strong>omnes),</strong></span> 
     </span>
     <span class='ocr_line' id='line_1_106' title="bbox 997 1364 2011 1406; baseline -0.005 -7"><span class='ocrx_word' id='word_1_703' title='bbox 997 1369 1044 1399; x_wconf 89' lang='lat' dir='ltr'><strong>sic</strong></span> <span class='ocrx_word' id='word_1_704' title='bbox 1065 1364 1080 1401; x_wconf 73' lang='grc' dir='ltr'><strong>ἵ</strong></span> <span class='ocrx_word' id='word_1_705' title='bbox 1104 1367 1188 1399; x_wconf 88' lang='lat' dir='ltr'><strong>illud</strong></span> <span class='ocrx_word' id='word_1_706' title='bbox 1206 1370 1303 1398; x_wconf 86' lang='lat' dir='ltr'><strong>vetus</strong></span> <span class='ocrx_word' id='word_1_707' title='bbox 1322 1366 1437 1397; x_wconf 89' lang='lat' dir='ltr'><strong>multis</strong></span> <span class='ocrx_word' id='word_1_708' title='bbox 1455 1366 1534 1397; x_wconf 87' lang='lat' dir='ltr'><strong>locis</strong></span> <span class='ocrx_word' id='word_1_709' title='bbox 1552 1374 1733 1406; x_wconf 87' lang='lat' dir='ltr'><strong>pronomen</strong></span> <span class='ocrx_word' id='word_1_710' title='bbox 1760 1365 1879 1396; x_wconf 86' lang='lat' dir='ltr'><strong>tertiae</strong></span> <span class='ocrx_word' id='word_1_711' title='bbox 1898 1373 2011 1404; x_wconf 85' lang='lat' dir='ltr'><strong>perso-</strong></span> 
     </span>
     <span class='ocr_line' id='line_1_107' title="bbox 998 1410 2011 1457; baseline -0.004 -11"><span class='ocrx_word' id='word_1_712' title='bbox 998 1425 1059 1447; x_wconf 85' lang='lat' dir='ltr'><strong>nae</strong></span> <span class='ocrx_word' id='word_1_713' title='bbox 1077 1415 1200 1446; x_wconf 88' lang='lat' dir='ltr'><strong>dicitur</strong></span> <span class='ocrx_word' id='word_1_714' title='bbox 1216 1412 1267 1457; x_wconf 83' lang='lat' dir='ltr'><strong>(er</strong></span> <span class='ocrx_word' id='word_1_715' title='bbox 1282 1413 1388 1453; x_wconf 76' lang='lat' dir='ltr'><strong>selbst,</strong></span> <span class='ocrx_word' id='word_1_716' title='bbox 1418 1410 1550 1449; x_wconf 74' lang='grc' dir='ltr'>ἐκεῖνος</span> <span class='ocrx_word' id='word_1_717' title='bbox 1568 1410 1684 1455; x_wconf 79' lang='grc' dir='ltr'>αὐτός)</span> <span class='ocrx_word' id='word_1_718' title='bbox 1700 1413 1775 1443; x_wconf 86' lang='lat' dir='ltr'><strong>aliis</strong></span> <span class='ocrx_word' id='word_1_719' title='bbox 1793 1415 1906 1443; x_wconf 88' lang='lat' dir='ltr'><strong>autem</strong></span> <span class='ocrx_word' id='word_1_720' title='bbox 1923 1411 2011 1442; x_wconf 76' lang='lat' dir='ltr'><strong>rela-</strong></span> 
     </span>
     <span class='ocr_line' id='line_1_108' title="bbox 997 1455 2008 1506; baseline -0.004 -13"><span class='ocrx_word' id='word_1_721' title='bbox 997 1463 1112 1502; x_wconf 78' lang='lat' dir='ltr'><strong>tivum,</strong></span> <span class='ocrx_word' id='word_1_722' title='bbox 1141 1458 1362 1506; x_wconf 73' lang='grc' dir='ltr'><strong>ἀναφορικόν,</strong></span> <span class='ocrx_word' id='word_1_723' title='bbox 1382 1460 1477 1491; x_wconf 87' lang='lat' dir='ltr'><strong>velut</strong></span> <span class='ocrx_word' id='word_1_724' title='bbox 1494 1460 1668 1500; x_wconf 89' lang='lat' dir='ltr'><strong>Apollonio</strong></span> <span class='ocrx_word' id='word_1_725' title='bbox 1686 1459 1726 1491; x_wconf 92' lang='lat' dir='ltr'><strong>de</strong></span> <span class='ocrx_word' id='word_1_726' title='bbox 1744 1469 1838 1499; x_wconf 90' lang='lat' dir='ltr'><strong>pron.</strong></span> <span class='ocrx_word' id='word_1_727' title='bbox 1859 1468 1892 1498; x_wconf 94' lang='lat' dir='ltr'><strong>p.</strong></span> <span class='ocrx_word' id='word_1_728' title='bbox 1917 1455 1959 1489; x_wconf 92' lang='lat'>10</span> <span class='ocrx_word' id='word_1_729' title='bbox 1971 1458 2008 1497; x_wconf 89' lang='lat' dir='ltr'><strong>B,</strong></span> 
     </span>
     <span class='ocr_line' id='line_1_109' title="bbox 996 1505 2011 1549; baseline -0.005 -8"><span class='ocrx_word' id='word_1_730' title='bbox 996 1510 1043 1541; x_wconf 84' lang='lat' dir='ltr'><strong>ita</strong></span> <span class='ocrx_word' id='word_1_731' title='bbox 1059 1509 1216 1549; x_wconf 89' lang='lat' dir='ltr'><strong>quidem,</strong></span> <span class='ocrx_word' id='word_1_732' title='bbox 1244 1512 1282 1539; x_wconf 88' lang='lat' dir='ltr'><strong>ut</strong></span> <span class='ocrx_word' id='word_1_733' title='bbox 1306 1508 1386 1539; x_wconf 88' lang='lat' dir='ltr'><strong>haec</strong></span> <span class='ocrx_word' id='word_1_734' title='bbox 1403 1507 1505 1538; x_wconf 85' lang='lat' dir='ltr'><strong>bifida</strong></span> <span class='ocrx_word' id='word_1_735' title='bbox 1530 1508 1613 1538; x_wconf 89' lang='lat' dir='ltr'><strong>ratio</strong></span> <span class='ocrx_word' id='word_1_736' title='bbox 1637 1506 1892 1546; x_wconf 80' lang='lat' dir='ltr'><strong>significationis</strong></span> <span class='ocrx_word' id='word_1_737' title='bbox 1910 1505 2011 1536; x_wconf 88' lang='lat' dir='ltr'><strong>etiam</strong></span> 
     </span>
     <span class='ocr_line' id='line_1_110' title="bbox 996 1550 2005 1596; baseline -0.005 -8"><span class='ocrx_word' id='word_1_738' title='bbox 996 1557 1128 1589; x_wconf 86' lang='lat' dir='ltr'><strong>casibus</strong></span> <span class='ocrx_word' id='word_1_739' title='bbox 1141 1556 1438 1596; x_wconf 89' lang='lat' dir='ltr'><strong>obliquismaneat,</strong></span> <span class='ocrx_word' id='word_1_740' title='bbox 1455 1564 1530 1585; x_wconf 88' lang='lat' dir='ltr'><strong>cum</strong></span> <span class='ocrx_word' id='word_1_741' title='bbox 1545 1551 1581 1586; x_wconf 82' lang='grc' dir='ltr'><strong>οἷ</strong></span> <span class='ocrx_word' id='word_1_742' title='bbox 1592 1557 1626 1585; x_wconf 91' lang='lat' dir='ltr'><strong>et</strong></span> <span class='ocrx_word' id='word_1_743' title='bbox 1645 1550 1663 1587; x_wconf 76' lang='grc' dir='ltr'>ἔ</span> <span class='ocrx_word' id='word_1_744' title='bbox 1676 1553 1771 1584; x_wconf 91' lang='lat' dir='ltr'><strong>modo</strong></span> <span class='ocrx_word' id='word_1_745' title='bbox 1788 1553 1923 1584; x_wconf 87' lang='lat' dir='ltr'><strong>valeant</strong></span> <span class='ocrx_word' id='word_1_746' title='bbox 1935 1552 2005 1588; x_wconf 75' lang='lat' dir='ltr'><strong>sibi,</strong></span> 
     </span>
     <span class='ocr_line' id='line_1_111' title="bbox 995 1600 2012 1643; baseline -0.004 -9"><span class='ocrx_word' id='word_1_747' title='bbox 995 1613 1039 1643; x_wconf 78' lang='lat' dir='ltr'><strong>se,</strong></span> <span class='ocrx_word' id='word_1_748' title='bbox 1055 1604 1150 1634; x_wconf 87' lang='lat' dir='ltr'><strong>modo</strong></span> <span class='ocrx_word' id='word_1_749' title='bbox 1161 1604 1203 1642; x_wconf 81' lang='lat' dir='ltr'><strong>ei,</strong></span> <span class='ocrx_word' id='word_1_750' title='bbox 1222 1612 1294 1634; x_wconf 83' lang='lat' dir='ltr'><strong>eum</strong></span> <span class='ocrx_word' id='word_1_751' title='bbox 1311 1602 1395 1634; x_wconf 77' lang='lat' dir='ltr'><strong>(sich</strong></span> <span class='ocrx_word' id='word_1_752' title='bbox 1407 1605 1441 1632; x_wconf 91' lang='lat' dir='ltr'><strong>et</strong></span> <span class='ocrx_word' id='word_1_753' title='bbox 1455 1601 1530 1640; x_wconf 84' lang='lat' dir='ltr'><strong>ihm,</strong></span> <span class='ocrx_word' id='word_1_754' title='bbox 1550 1601 1609 1641; x_wconf 76' lang='lat' dir='ltr'><strong>ihr,</strong></span> <span class='ocrx_word' id='word_1_755' title='bbox 1629 1601 1697 1642; x_wconf 70' lang='lat' dir='ltr'><strong>ihu,</strong></span> <span class='ocrx_word' id='word_1_756' title='bbox 1713 1601 1776 1638; x_wconf 75' lang='lat' dir='ltr'><strong>aie)</strong></span> <span class='ocrx_word' id='word_1_757' title='bbox 1787 1611 1797 1629; x_wconf 89' lang='lat'><em>:</em></span> <span class='ocrx_word' id='word_1_758' title='bbox 1811 1600 1860 1631; x_wconf 85' lang='lat' dir='ltr'><strong>sic</strong></span> <span class='ocrx_word' id='word_1_759' title='bbox 1873 1601 2012 1631; x_wconf 73' lang='lat' dir='ltr'><strong>sortasse</strong></span> 
     </span>
     <span class='ocr_line' id='line_1_112' title="bbox 994 1644 2012 1690; baseline -0.005 -8"><span class='ocrx_word' id='word_1_760' title='bbox 994 1651 1173 1682; x_wconf 83' lang='lat' dir='ltr'><strong>discrimen</strong></span> <span class='ocrx_word' id='word_1_761' title='bbox 1192 1650 1276 1681; x_wconf 88' lang='lat' dir='ltr'><strong>illud</strong></span> <span class='ocrx_word' id='word_1_762' title='bbox 1287 1649 1476 1690; x_wconf 88' lang='lat' dir='ltr'><strong>antiquitus</strong></span> <span class='ocrx_word' id='word_1_763' title='bbox 1494 1648 1653 1685; x_wconf 85' lang='lat' dir='ltr'><strong>obtinuit,</strong></span> <span class='ocrx_word' id='word_1_764' title='bbox 1667 1651 1706 1679; x_wconf 91' lang='lat' dir='ltr'><strong>ut</strong></span> <span class='ocrx_word' id='word_1_765' title='bbox 1721 1648 1864 1679; x_wconf 89' lang='lat' dir='ltr'><strong>alterum</strong></span> <span class='ocrx_word' id='word_1_766' title='bbox 1876 1644 1902 1687; x_wconf 81' lang='grc' dir='ltr'><strong>ἴ,</strong></span> <span class='ocrx_word' id='word_1_767' title='bbox 1922 1647 2012 1677; x_wconf 87' lang='lat' dir='ltr'><strong>alte-</strong></span> 
     </span>
     <span class='ocr_line' id='line_1_113' title="bbox 994 1691 2012 1736; baseline -0.004 -8"><span class='ocrx_word' id='word_1_768' title='bbox 994 1707 1068 1729; x_wconf 92' lang='lat' dir='ltr'><strong>rum</strong></span> <span class='ocrx_word' id='word_1_769' title='bbox 1085 1694 1100 1730; x_wconf 79' lang='grc' dir='ltr'>ἵ</span> <span class='ocrx_word' id='word_1_770' title='bbox 1116 1698 1328 1729; x_wconf 87' lang='lat' dir='ltr'><strong>scriberetur.</strong></span> <span class='ocrx_word' id='word_1_771' title='bbox 1352 1695 1550 1736; x_wconf 83' lang='lat' dir='ltr'><strong>Quanquam</strong></span> <span class='ocrx_word' id='word_1_772' title='bbox 1565 1692 1603 1728; x_wconf 80' lang='grc' dir='ltr'><strong>οὗ</strong></span> <span class='ocrx_word' id='word_1_773' title='bbox 1622 1691 1656 1728; x_wconf 82' lang='grc' dir='ltr'><strong>οἵ</strong></span> <span class='ocrx_word' id='word_1_774' title='bbox 1674 1691 1692 1728; x_wconf 78' lang='grc' dir='ltr'>ἔ</span> <span class='ocrx_word' id='word_1_775' title='bbox 1708 1703 1841 1735; x_wconf 90' lang='lat' dir='ltr'><strong>semper</strong></span> <span class='ocrx_word' id='word_1_776' title='bbox 1854 1703 2012 1734; x_wconf 88' lang='lat' dir='ltr'><strong>asperan-</strong></span> 
     </span>
     <span class='ocr_line' id='line_1_114' title="bbox 994 1740 2012 1784; baseline -0.005 -8"><span class='ocrx_word' id='word_1_777' title='bbox 994 1749 1060 1776; x_wconf 91' lang='lat' dir='ltr'><strong>tur.</strong></span> <span class='ocrx_word' id='word_1_778' title='bbox 1098 1744 1184 1776; x_wconf 87' lang='lat' dir='ltr'><strong>Utut</strong></span> <span class='ocrx_word' id='word_1_779' title='bbox 1209 1747 1279 1784; x_wconf 87' lang='lat' dir='ltr'><strong>est,</strong></span> <span class='ocrx_word' id='word_1_780' title='bbox 1316 1743 1357 1774; x_wconf 94' lang='lat' dir='ltr'><strong>de</strong></span> <span class='ocrx_word' id='word_1_781' title='bbox 1387 1740 1403 1776; x_wconf 79' lang='grc' dir='ltr'><strong>ἴ</strong></span> <span class='ocrx_word' id='word_1_782' title='bbox 1435 1752 1546 1783; x_wconf 88' lang='lat' dir='ltr'><strong>neque</strong></span> <span class='ocrx_word' id='word_1_783' title='bbox 1570 1743 1606 1774; x_wconf 92' lang='lat' dir='ltr'><strong>in</strong></span> <span class='ocrx_word' id='word_1_784' title='bbox 1633 1743 1830 1773; x_wconf 84' lang='lat' dir='ltr'><strong>universum</strong></span> <span class='ocrx_word' id='word_1_785' title='bbox 1857 1741 2012 1772; x_wconf 87' lang='lat' dir='ltr'><strong>dubitare</strong></span> 
     </span>
     <span class='ocr_line' id='line_1_115' title="bbox 994 1784 2012 1830; baseline -0.004 -7"><span class='ocrx_word' id='word_1_786' title='bbox 994 1792 1111 1823; x_wconf 87' lang='lat' dir='ltr'><strong>Matth.</strong></span> <span class='ocrx_word' id='word_1_787' title='bbox 1142 1791 1279 1829; x_wconf 87' lang='lat' dir='ltr'><strong>debuit,</strong></span> <span class='ocrx_word' id='word_1_788' title='bbox 1308 1800 1370 1822; x_wconf 87' lang='lat' dir='ltr'><strong>nec</strong></span> <span class='ocrx_word' id='word_1_789' title='bbox 1395 1790 1436 1821; x_wconf 88' lang='lat' dir='ltr'><strong>de</strong></span> <span class='ocrx_word' id='word_1_790' title='bbox 1461 1789 1563 1830; x_wconf 91' lang='lat' dir='ltr'><strong>Soph.</strong></span> <span class='ocrx_word' id='word_1_791' title='bbox 1586 1789 1702 1820; x_wconf 89' lang='lat' dir='ltr'><strong>Herm.</strong></span> <span class='ocrx_word' id='word_1_792' title='bbox 1723 1789 1764 1820; x_wconf 86' lang='lat' dir='ltr'><strong>de</strong></span> <span class='ocrx_word' id='word_1_793' title='bbox 1789 1797 1886 1830; x_wconf 89' lang='lat' dir='ltr'><strong>pron.</strong></span> <span class='ocrx_word' id='word_1_794' title='bbox 1907 1784 2012 1820; x_wconf 66' lang='grc' dir='ltr'>αὐτός</span> 
     </span>
     <span class='ocr_line' id='line_1_116' title="bbox 991 1835 2011 1882; baseline -0.006 -11"><span class='ocrx_word' id='word_1_795' title='bbox 991 1837 1122 1882; x_wconf 86' lang='lat' dir='ltr'><strong>(opusc.</strong></span> <span class='ocrx_word' id='word_1_796' title='bbox 1147 1836 1176 1878; x_wconf 92' lang='lat'><strong>1,</strong></span> <span class='ocrx_word' id='word_1_797' title='bbox 1200 1835 1302 1881; x_wconf 80' lang='lat'><strong>330),</strong></span> <span class='ocrx_word' id='word_1_798' title='bbox 1338 1837 1397 1878; x_wconf 88' lang='lat' dir='ltr'><strong>qui</strong></span> <span class='ocrx_word' id='word_1_799' title='bbox 1421 1837 1523 1869; x_wconf 88' lang='lat' dir='ltr'><strong>etiam</strong></span> <span class='ocrx_word' id='word_1_800' title='bbox 1548 1837 1583 1868; x_wconf 92' lang='lat' dir='ltr'><strong>in</strong></span> <span class='ocrx_word' id='word_1_801' title='bbox 1608 1845 1647 1868; x_wconf 92' lang='lat' dir='ltr'><strong>eo</strong></span> <span class='ocrx_word' id='word_1_802' title='bbox 1671 1837 1812 1876; x_wconf 88' lang='lat' dir='ltr'><strong>erravit,</strong></span> <span class='ocrx_word' id='word_1_803' title='bbox 1851 1835 1938 1876; x_wconf 92' lang='lat' dir='ltr'><strong>quod</strong></span> <span class='ocrx_word' id='word_1_804' title='bbox 1967 1843 2011 1865; x_wconf 75' lang='lat' dir='ltr'><strong>ex</strong></span> 
     </span>
     <span class='ocr_line' id='line_1_117' title="bbox 992 1881 2006 1927; baseline -0.005 -10"><span class='ocrx_word' id='word_1_805' title='bbox 992 1886 1195 1927; x_wconf 81' lang='lat' dir='ltr'><strong>Amphiarao</strong></span> <span class='ocrx_word' id='word_1_806' title='bbox 1219 1885 1438 1925; x_wconf 90' lang='lat' dir='ltr'><strong>desumptum</strong></span> <span class='ocrx_word' id='word_1_807' title='bbox 1455 1884 1664 1924; x_wconf 88' lang='lat' dir='ltr'><strong>pronominis</strong></span> <span class='ocrx_word' id='word_1_808' title='bbox 1690 1883 1887 1923; x_wconf 87' lang='lat' dir='ltr'><strong>exemplum</strong></span> <span class='ocrx_word' id='word_1_809' title='bbox 1912 1881 2006 1918; x_wconf 86' lang='lat' dir='ltr'><strong>dicit,</strong></span> 
     </span>
     <span class='ocr_line' id='line_1_118' title="bbox 993 1927 2011 1974; baseline -0.005 -10"><span class='ocrx_word' id='word_1_810' title='bbox 993 1943 1069 1964; x_wconf 88' lang='lat' dir='ltr'><strong>cum</strong></span> <span class='ocrx_word' id='word_1_811' title='bbox 1087 1934 1131 1964; x_wconf 86' lang='lat' dir='ltr'><strong>sit</strong></span> <span class='ocrx_word' id='word_1_812' title='bbox 1148 1942 1191 1963; x_wconf 80' lang='lat' dir='ltr'><strong>ex</strong></span> <span class='ocrx_word' id='word_1_813' title='bbox 1208 1931 1375 1963; x_wconf 85' lang='lat' dir='ltr'><strong>Oenomao</strong></span> <span class='ocrx_word' id='word_1_814' title='bbox 1391 1929 1448 1974; x_wconf 83' lang='lat' dir='ltr'><strong>(fr.</strong></span> <span class='ocrx_word' id='word_1_815' title='bbox 1470 1927 1567 1973; x_wconf 80' lang='lat'><strong>418).</strong></span> <span class='ocrx_word' id='word_1_816' title='bbox 1608 1931 1677 1962; x_wconf 90' lang='lat' dir='ltr'><strong>Nec</strong></span> <span class='ocrx_word' id='word_1_817' title='bbox 1693 1931 1740 1961; x_wconf 90' lang='lat' dir='ltr'><strong>ita</strong></span> <span class='ocrx_word' id='word_1_818' title='bbox 1758 1931 1910 1969; x_wconf 89' lang='lat' dir='ltr'><strong>corrupte</strong></span> <span class='ocrx_word' id='word_1_819' title='bbox 1928 1929 2011 1960; x_wconf 86' lang='lat' dir='ltr'><strong>scri-</strong></span> 
     </span>
     <span class='ocr_line' id='line_1_119' title="bbox 992 1976 2010 2020; baseline -0.004 -9"><span class='ocrx_word' id='word_1_820' title='bbox 992 1983 1102 2020; x_wconf 89' lang='lat' dir='ltr'><strong>ptum,</strong></span> <span class='ocrx_word' id='word_1_821' title='bbox 1122 1979 1211 2020; x_wconf 87' lang='lat' dir='ltr'><strong>quod</strong></span> <span class='ocrx_word' id='word_1_822' title='bbox 1228 1979 1421 2010; x_wconf 88' lang='lat' dir='ltr'><strong>Hermanno</strong></span> <span class='ocrx_word' id='word_1_823' title='bbox 1439 1978 1627 2017; x_wconf 87' lang='lat' dir='ltr'><strong>videbatur,</strong></span> <span class='ocrx_word' id='word_1_824' title='bbox 1656 1980 1694 2009; x_wconf 88' lang='lat' dir='ltr'><strong>ut</strong></span> <span class='ocrx_word' id='word_1_825' title='bbox 1717 1978 1792 2008; x_wconf 88' lang='lat' dir='ltr'><strong>sine</strong></span> <span class='ocrx_word' id='word_1_826' title='bbox 1815 1976 2010 2008; x_wconf 89' lang='lat' dir='ltr'><strong>melioribus</strong></span> 
     </span>
     <span class='ocr_line' id='line_1_120' title="bbox 992 2024 2012 2066; baseline -0.004 -8"><span class='ocrx_word' id='word_1_827' title='bbox 992 2027 1088 2059; x_wconf 90' lang='lat' dir='ltr'><strong>libris</strong></span> <span class='ocrx_word' id='word_1_828' title='bbox 1114 2026 1286 2058; x_wconf 90' lang='lat' dir='ltr'><strong>emendari</strong></span> <span class='ocrx_word' id='word_1_829' title='bbox 1316 2035 1383 2057; x_wconf 92' lang='lat' dir='ltr'><strong>non</strong></span> <span class='ocrx_word' id='word_1_830' title='bbox 1410 2026 1526 2066; x_wconf 87' lang='lat' dir='ltr'><strong>possit.</strong></span> <span class='ocrx_word' id='word_1_831' title='bbox 1572 2025 1740 2065; x_wconf 88' lang='lat' dir='ltr'><strong>Scriptum</strong></span> <span class='ocrx_word' id='word_1_832' title='bbox 1769 2024 1860 2055; x_wconf 92' lang='lat' dir='ltr'><strong>enim</strong></span> <span class='ocrx_word' id='word_1_833' title='bbox 1888 2024 1936 2054; x_wconf 90' lang='lat' dir='ltr'><strong>ita</strong></span> <span class='ocrx_word' id='word_1_834' title='bbox 1959 2026 2012 2054; x_wconf 91' lang='lat' dir='ltr'><strong>est</strong></span> 
     </span>
     <span class='ocr_line' id='line_1_121' title="bbox 993 2069 2010 2115; baseline -0.005 -9"><span class='ocrx_word' id='word_1_835' title='bbox 993 2074 1082 2115; x_wconf 88' lang='lat' dir='ltr'><strong>apud</strong></span> <span class='ocrx_word' id='word_1_836' title='bbox 1107 2074 1341 2114; x_wconf 88' lang='lat' dir='ltr'><strong>Apollonium,</strong></span> <span class='ocrx_word' id='word_1_837' title='bbox 1371 2073 1466 2104; x_wconf 89' lang='lat' dir='ltr'><strong>cuius</strong></span> <span class='ocrx_word' id='word_1_838' title='bbox 1495 2072 1599 2103; x_wconf 85' lang='lat' dir='ltr'><strong>codex</strong></span> <span class='ocrx_word' id='word_1_839' title='bbox 1626 2076 1825 2103; x_wconf 85' lang='lat' dir='ltr'><strong>accentuum</strong></span> <span class='ocrx_word' id='word_1_840' title='bbox 1852 2074 1885 2102; x_wconf 89' lang='lat' dir='ltr'><strong>et</strong></span> <span class='ocrx_word' id='word_1_841' title='bbox 1910 2069 2010 2111; x_wconf 89' lang='lat' dir='ltr'><strong>spiri-</strong></span> 
     </span>
     <span class='ocr_line' id='line_1_122' title="bbox 993 2115 2010 2162; baseline -0.004 -9"><span class='ocrx_word' id='word_1_842' title='bbox 993 2124 1091 2153; x_wconf 91' lang='lat' dir='ltr'><strong>tuum</strong></span> <span class='ocrx_word' id='word_1_843' title='bbox 1117 2122 1204 2152; x_wconf 89' lang='lat' dir='ltr'><strong>notis</strong></span> <span class='ocrx_word' id='word_1_844' title='bbox 1229 2123 1319 2152; x_wconf 86' lang='lat' dir='ltr'><strong>caret</strong></span> <span class='ocrx_word' id='word_1_845' title='bbox 1341 2117 1390 2162; x_wconf 79' lang='lat' dir='ltr'><strong>(V.</strong></span> <span class='ocrx_word' id='word_1_846' title='bbox 1409 2120 1499 2151; x_wconf 89' lang='lat' dir='ltr'><strong>Bast.</strong></span> <span class='ocrx_word' id='word_1_847' title='bbox 1529 2119 1568 2150; x_wconf 89' lang='lat' dir='ltr'><strong>ad</strong></span> <span class='ocrx_word' id='word_1_848' title='bbox 1595 2119 1694 2159; x_wconf 85' lang='lat' dir='ltr'><strong>Greg.</strong></span> <span class='ocrx_word' id='word_1_849' title='bbox 1720 2128 1755 2159; x_wconf 91' lang='lat' dir='ltr'><strong>p.</strong></span> <span class='ocrx_word' id='word_1_850' title='bbox 1775 2115 1858 2161; x_wconf 80' lang='lat'><strong>84]:</strong></span> <span class='ocrx_word' id='word_1_851' title='bbox 1894 2127 1924 2149; x_wconf 86' lang='grc' dir='ltr'><strong>ει</strong></span> <span class='ocrx_word' id='word_1_852' title='bbox 1948 2127 2010 2161; x_wconf 73' lang='grc' dir='ltr'><strong>μεν</strong></span> 
     </span>
     <span class='ocr_line' id='line_1_123' title="bbox 993 2163 2012 2211; baseline -0.006 -10"><span class='ocrx_word' id='word_1_853' title='bbox 993 2178 1075 2201; x_wconf 86' lang='grc' dir='ltr'>ωσει</span> <span class='ocrx_word' id='word_1_854' title='bbox 1091 2165 1243 2202; x_wconf 80' lang='grc' dir='ltr'>θασσονα</span> <span class='ocrx_word' id='word_1_855' title='bbox 1258 2164 1361 2200; x_wconf 84' lang='grc' dir='ltr'>ειδωσ</span> <span class='ocrx_word' id='word_1_856' title='bbox 1386 2176 1509 2199; x_wconf 71' lang='grc' dir='ltr'>ειτεκοι</span> <span class='ocrx_word' id='word_1_857' title='bbox 1528 2163 1652 2199; x_wconf 72' lang='grc' dir='ltr'>παιδαι</span> <span class='ocrx_word' id='word_1_858' title='bbox 1673 2175 1727 2206; x_wconf 89' lang='lat' dir='ltr'><strong>ap.</strong></span> <span class='ocrx_word' id='word_1_859' title='bbox 1748 2165 1850 2197; x_wconf 89' lang='lat' dir='ltr'><strong>schol.</strong></span> <span class='ocrx_word' id='word_1_860' title='bbox 1871 2164 1965 2196; x_wconf 82' lang='lat' dir='ltr'><strong>Iliad.</strong></span> <span class='ocrx_word' id='word_1_861' title='bbox 1987 2175 2012 2211; x_wconf 82' lang='grc' dir='ltr'>χ</span> 
     </span>
     <span class='ocr_line' id='line_1_124' title="bbox 994 2209 2007 2259; baseline -0.002 -13"><span class='ocrx_word' id='word_1_862' title='bbox 994 2212 1062 2247; x_wconf 86' lang='grc'><strong>410</strong></span> <span class='ocrx_word' id='word_1_863' title='bbox 1087 2215 1153 2246; x_wconf 86' lang='lat' dir='ltr'><strong>ita:</strong></span> <span class='ocrx_word' id='word_1_864' title='bbox 1182 2212 1206 2259; x_wconf 82' lang='grc' dir='ltr'>ἡ</span> <span class='ocrx_word' id='word_1_865' title='bbox 1233 2212 1294 2259; x_wconf 74' lang='grc' dir='ltr'><strong>μὲν</strong></span> <span class='ocrx_word' id='word_1_866' title='bbox 1321 2211 1402 2246; x_wconf 82' lang='grc' dir='ltr'>ὡσεὶ</span> <span class='ocrx_word' id='word_1_867' title='bbox 1426 2210 1546 2251; x_wconf 83' lang='grc' dir='ltr'>θάσσο,</span> <span class='ocrx_word' id='word_1_868' title='bbox 1583 2211 1606 2257; x_wconf 86' lang='grc' dir='ltr'><strong>ή</strong></span> <span class='ocrx_word' id='word_1_869' title='bbox 1633 2211 1671 2246; x_wconf 75' lang='grc' dir='ltr'><strong>δὲ</strong></span> <span class='ocrx_word' id='word_1_870' title='bbox 1695 2209 1854 2250; x_wconf 80' lang='grc' dir='ltr'>ὡσιτέξου</span> <span class='ocrx_word' id='word_1_871' title='bbox 1886 2209 2007 2244; x_wconf 79' lang='grc' dir='ltr'><strong>παῖδα.</strong></span> 
     </span>
     <span class='ocr_line' id='line_1_125' title="bbox 993 2256 2012 2303; baseline -0.004 -9"><span class='ocrx_word' id='word_1_872' title='bbox 993 2261 1090 2294; x_wconf 90' lang='lat' dir='ltr'><strong>Unde</strong></span> <span class='ocrx_word' id='word_1_873' title='bbox 1115 2262 1331 2303; x_wconf 89' lang='lat' dir='ltr'><strong>probabiliter</strong></span> <span class='ocrx_word' id='word_1_874' title='bbox 1355 2260 1457 2292; x_wconf 91' lang='lat' dir='ltr'><strong>Dind.</strong></span> <span class='ocrx_word' id='word_1_875' title='bbox 1478 2261 1628 2292; x_wconf 90' lang='lat' dir='ltr'><strong>restituit</strong></span> <span class='ocrx_word' id='word_1_876' title='bbox 1651 2260 1752 2291; x_wconf 88' lang='lat' dir='ltr'><strong>haec:</strong></span> <span class='ocrx_word' id='word_1_877' title='bbox 1795 2257 1819 2303; x_wconf 85' lang='grc' dir='ltr'>ἡ</span> <span class='ocrx_word' id='word_1_878' title='bbox 1845 2256 1927 2303; x_wconf 76' lang='grc' dir='ltr'><strong>μέν,</strong></span> <span class='ocrx_word' id='word_1_879' title='bbox 1964 2257 2012 2295; x_wconf 85' lang='grc' dir='ltr'><strong>ὡς</strong></span> 
     </span>
     <span class='ocr_line' id='line_1_126' title="bbox 992 2301 2012 2352; baseline -0.006 -10"><span class='ocrx_word' id='word_1_880' title='bbox 992 2306 1007 2342; x_wconf 87' lang='grc' dir='ltr'>ἲ</span> <span class='ocrx_word' id='word_1_881' title='bbox 1024 2302 1173 2349; x_wconf 78' lang='grc' dir='ltr'><strong>θάσσον’,</strong></span> <span class='ocrx_word' id='word_1_882' title='bbox 1202 2306 1226 2352; x_wconf 77' lang='grc' dir='ltr'>ἡ</span> <span class='ocrx_word' id='word_1_883' title='bbox 1254 2301 1283 2340; x_wconf 78' lang='grc' dir='ltr'><strong>δ’</strong></span> <span class='ocrx_word' id='word_1_884' title='bbox 1307 2307 1354 2340; x_wconf 78' lang='grc' dir='ltr'><strong>ὡς</strong></span> <span class='ocrx_word' id='word_1_885' title='bbox 1379 2305 1394 2340; x_wconf 87' lang='grc' dir='ltr'>ἳ</span> <span class='ocrx_word' id='word_1_886' title='bbox 1415 2306 1509 2341; x_wconf 73' lang='grc' dir='ltr'>τέκοι</span> <span class='ocrx_word' id='word_1_887' title='bbox 1525 2304 1645 2340; x_wconf 79' lang='grc' dir='ltr'><strong>παῖδα.</strong></span> <span class='ocrx_word' id='word_1_888' title='bbox 1674 2308 1714 2338; x_wconf 93' lang='lat' dir='ltr'><strong>In</strong></span> <span class='ocrx_word' id='word_1_889' title='bbox 1733 2307 1845 2338; x_wconf 87' lang='lat' dir='ltr'><strong>fabula</strong></span> <span class='ocrx_word' id='word_1_890' title='bbox 1861 2306 1953 2338; x_wconf 91' lang='lat' dir='ltr'><strong>enim</strong></span> <span class='ocrx_word' id='word_1_891' title='bbox 1970 2305 2012 2336; x_wconf 89' lang='lat' dir='ltr'><strong>de</strong></span> 
     </span>
     <span class='ocr_line' id='line_1_127' title="bbox 994 2353 2012 2396; baseline -0.004 -8"><span class='ocrx_word' id='word_1_892' title='bbox 994 2356 1123 2388; x_wconf 91' lang='lat' dir='ltr'><strong>duobus</strong></span> <span class='ocrx_word' id='word_1_893' title='bbox 1150 2357 1310 2396; x_wconf 83' lang='lat' dir='ltr'><strong>agebatur</strong></span> <span class='ocrx_word' id='word_1_894' title='bbox 1335 2355 1516 2395; x_wconf 86' lang='lat' dir='ltr'><strong>matribus,</strong></span> <span class='ocrx_word' id='word_1_895' title='bbox 1548 2363 1690 2395; x_wconf 87' lang='lat' dir='ltr'><strong>quarum</strong></span> <span class='ocrx_word' id='word_1_896' title='bbox 1709 2357 1851 2393; x_wconf 91' lang='lat' dir='ltr'><strong>utraque</strong></span> <span class='ocrx_word' id='word_1_897' title='bbox 1877 2353 1941 2384; x_wconf 86' lang='lat' dir='ltr'><strong>filii</strong></span> <span class='ocrx_word' id='word_1_898' title='bbox 1957 2353 2012 2384; x_wconf 87' lang='lat' dir='ltr'><strong>sui</strong></span> 
     </span>
     <span class='ocr_line' id='line_1_128' title="bbox 994 2397 2011 2443; baseline -0.004 -9"><span class='ocrx_word' id='word_1_899' title='bbox 994 2404 1198 2435; x_wconf 83' lang='lat' dir='ltr'><strong>celeritatem</strong></span> <span class='ocrx_word' id='word_1_900' title='bbox 1223 2402 1441 2443; x_wconf 86' lang='lat' dir='ltr'><strong>praedicaret.</strong></span> <span class='ocrx_word' id='word_1_901' title='bbox 1471 2401 1585 2433; x_wconf 90' lang='lat' dir='ltr'><strong>Unum</strong></span> <span class='ocrx_word' id='word_1_902' title='bbox 1604 2401 1707 2441; x_wconf 88' lang='lat' dir='ltr'><strong>addo,</strong></span> <span class='ocrx_word' id='word_1_903' title='bbox 1735 2397 1843 2434; x_wconf 80' lang='grc' dir='ltr'>παῖδα</span> <span class='ocrx_word' id='word_1_904' title='bbox 1867 2400 1925 2432; x_wconf 91' lang='lat' dir='ltr'><strong>illo</strong></span> <span class='ocrx_word' id='word_1_905' title='bbox 1941 2399 2011 2431; x_wconf 85' lang='lat' dir='ltr'><strong>loco</strong></span> 
     </span>
     <span class='ocr_line' id='line_1_129' title="bbox 993 2444 2012 2491; baseline -0.005 -9"><span class='ocrx_word' id='word_1_906' title='bbox 993 2451 1074 2491; x_wconf 90' lang='lat' dir='ltr'><strong>poni</strong></span> <span class='ocrx_word' id='word_1_907' title='bbox 1091 2459 1158 2482; x_wconf 95' lang='lat' dir='ltr'><strong>non</strong></span> <span class='ocrx_word' id='word_1_908' title='bbox 1187 2450 1358 2491; x_wconf 86' lang='lat' dir='ltr'><strong>potuisse,</strong></span> <span class='ocrx_word' id='word_1_909' title='bbox 1385 2449 1444 2480; x_wconf 90' lang='lat' dir='ltr'><strong>sed</strong></span> <span class='ocrx_word' id='word_1_910' title='bbox 1461 2449 1515 2480; x_wconf 87' lang='lat' dir='ltr'><strong>vel</strong></span> <span class='ocrx_word' id='word_1_911' title='bbox 1540 2453 1616 2490; x_wconf 88' lang='lat' dir='ltr'><strong>post</strong></span> <span class='ocrx_word' id='word_1_912' title='bbox 1641 2444 1792 2481; x_wconf 75' lang='grc' dir='ltr'>θάσσονα</span> <span class='ocrx_word' id='word_1_913' title='bbox 1816 2446 2012 2488; x_wconf 91' lang='lat' dir='ltr'><strong>ponendum</strong></span> 
     </span>
     <span class='ocr_line' id='line_1_130' title="bbox 993 2495 2011 2538; baseline -0.003 -10"><span class='ocrx_word' id='word_1_914' title='bbox 993 2498 1109 2538; x_wconf 89' lang='lat' dir='ltr'><strong>fuisse,</strong></span> <span class='ocrx_word' id='word_1_915' title='bbox 1129 2498 1183 2528; x_wconf 89' lang='lat' dir='ltr'><strong>vel</strong></span> <span class='ocrx_word' id='word_1_916' title='bbox 1200 2507 1218 2528; x_wconf 86' lang='lat' dir='ltr'><strong>a</strong></span> <span class='ocrx_word' id='word_1_917' title='bbox 1235 2497 1457 2536; x_wconf 86' lang='lat' dir='ltr'><strong>grammaticis</strong></span> <span class='ocrx_word' id='word_1_918' title='bbox 1472 2495 1664 2537; x_wconf 80' lang='lat' dir='ltr'><strong>explicandi</strong></span> <span class='ocrx_word' id='word_1_919' title='bbox 1681 2495 1786 2534; x_wconf 88' lang='lat' dir='ltr'><strong>gratia</strong></span> <span class='ocrx_word' id='word_1_920' title='bbox 1799 2495 2011 2526; x_wconf 86' lang='lat' dir='ltr'><strong>extrinsecus</strong></span> 
     </span>
     <span class='ocr_line' id='line_1_131' title="bbox 993 2540 2011 2585; baseline -0.005 -9"><span class='ocrx_word' id='word_1_921' title='bbox 993 2544 1176 2585; x_wconf 88' lang='lat' dir='ltr'><strong>repetendo</strong></span> <span class='ocrx_word' id='word_1_922' title='bbox 1193 2544 1365 2583; x_wconf 77' lang='lat' dir='ltr'><strong>additum3</strong></span> <span class='ocrx_word' id='word_1_923' title='bbox 1395 2543 1436 2574; x_wconf 92' lang='lat' dir='ltr'><strong>ad</strong></span> <span class='ocrx_word' id='word_1_924' title='bbox 1460 2543 1548 2583; x_wconf 92' lang='lat' dir='ltr'><strong>quod</strong></span> <span class='ocrx_word' id='word_1_925' title='bbox 1566 2551 1604 2574; x_wconf 89' lang='lat' dir='ltr'><strong>eo</strong></span> <span class='ocrx_word' id='word_1_926' title='bbox 1620 2542 1725 2581; x_wconf 84' lang='lat' dir='ltr'><strong>magis</strong></span> <span class='ocrx_word' id='word_1_927' title='bbox 1749 2542 1875 2573; x_wconf 88' lang='lat' dir='ltr'><strong>inclino</strong></span> <span class='ocrx_word' id='word_1_928' title='bbox 1888 2566 1896 2581; x_wconf 91' lang='lat'><strong>,</strong></span> <span class='ocrx_word' id='word_1_929' title='bbox 1924 2540 2011 2581; x_wconf 93' lang='lat' dir='ltr'><strong>quod</strong></span> 
     </span>
     <span class='ocr_line' id='line_1_132' title="bbox 992 2588 2012 2632; baseline -0.004 -10"><span class='ocrx_word' id='word_1_930' title='bbox 992 2592 1122 2632; x_wconf 90' lang='lat' dir='ltr'><strong>reliqua</strong></span> <span class='ocrx_word' id='word_1_931' title='bbox 1146 2594 1197 2622; x_wconf 90' lang='lat' dir='ltr'><strong>sat</strong></span> <span class='ocrx_word' id='word_1_932' title='bbox 1221 2592 1341 2623; x_wconf 90' lang='lat' dir='ltr'><strong>bonam</strong></span> <span class='ocrx_word' id='word_1_933' title='bbox 1368 2589 1529 2621; x_wconf 86' lang='lat' dir='ltr'><strong>trochaici</strong></span> <span class='ocrx_word' id='word_1_934' title='bbox 1558 2589 1744 2620; x_wconf 88' lang='lat' dir='ltr'><strong>tetrametri</strong></span> <span class='ocrx_word' id='word_1_935' title='bbox 1774 2591 1904 2629; x_wconf 90' lang='lat' dir='ltr'><strong>partem</strong></span> <span class='ocrx_word' id='word_1_936' title='bbox 1936 2588 2012 2619; x_wconf 85' lang='lat' dir='ltr'><strong>effl-</strong></span> 
     </span>
     <span class='ocr_line' id='line_1_133' title="bbox 993 2631 2010 2677; baseline -0.005 -7"><span class='ocrx_word' id='word_1_937' title='bbox 993 2639 1099 2669; x_wconf 81' lang='lat' dir='ltr'><strong>ciunt.</strong></span> <span class='ocrx_word' id='word_1_938' title='bbox 1128 2638 1291 2677; x_wconf 88' lang='lat' dir='ltr'><strong>Dionysio</strong></span> <span class='ocrx_word' id='word_1_939' title='bbox 1306 2637 1404 2676; x_wconf 88' lang='lat' dir='ltr'><strong>longe</strong></span> <span class='ocrx_word' id='word_1_940' title='bbox 1422 2637 1520 2668; x_wconf 87' lang='lat' dir='ltr'><strong>aliam</strong></span> <span class='ocrx_word' id='word_1_941' title='bbox 1538 2636 1744 2677; x_wconf 91' lang='lat' dir='ltr'><strong>pronominis</strong></span> <span class='ocrx_word' id='word_1_942' title='bbox 1769 2631 1785 2668; x_wconf 84' lang='grc' dir='ltr'>ἵ</span> <span class='ocrx_word' id='word_1_943' title='bbox 1807 2644 2010 2667; x_wconf 88' lang='lat' dir='ltr'><strong>commemo-</strong></span> 
     </span>
     <span class='ocr_line' id='line_1_134' title="bbox 993 2676 2009 2725; baseline -0.004 -8"><span class='ocrx_word' id='word_1_944' title='bbox 993 2685 1088 2717; x_wconf 90' lang='lat' dir='ltr'><strong>randi</strong></span> <span class='ocrx_word' id='word_1_945' title='bbox 1107 2694 1239 2716; x_wconf 91' lang='lat' dir='ltr'><strong>causam</strong></span> <span class='ocrx_word' id='word_1_946' title='bbox 1257 2684 1378 2715; x_wconf 89' lang='lat' dir='ltr'><strong>tribuit</strong></span> <span class='ocrx_word' id='word_1_947' title='bbox 1395 2683 1572 2715; x_wconf 85' lang='lat' dir='ltr'><strong>scholiasta</strong></span> <span class='ocrx_word' id='word_1_948' title='bbox 1588 2683 1611 2714; x_wconf 90' lang='lat' dir='ltr'><strong>l.</strong></span> <span class='ocrx_word' id='word_1_949' title='bbox 1633 2692 1661 2714; x_wconf 91' lang='lat' dir='ltr'><strong>c.</strong></span> <span class='ocrx_word' id='word_1_950' title='bbox 1678 2694 1685 2714; x_wconf 75' lang='grc' dir='ltr'>ε</span> <span class='ocrx_word' id='word_1_951' title='bbox 1714 2676 1795 2715; x_wconf 74' lang='grc' dir='ltr'>καθ’</span> <span class='ocrx_word' id='word_1_952' title='bbox 1818 2680 1920 2715; x_wconf 84' lang='grc' dir='ltr'>ἑαυτὸ</span> <span class='ocrx_word' id='word_1_953' title='bbox 1946 2679 2009 2725; x_wconf 76' lang='grc' dir='ltr'><strong>μὲν</strong></span> 
     </span>
     <span class='ocr_line' id='line_1_135' title="bbox 991 2726 2009 2776; baseline -0.005 -11"><span class='ocrx_word' id='word_1_954' title='bbox 991 2729 1148 2776; x_wconf 68' lang='grc' dir='ltr'>κείμενον</span> <span class='ocrx_word' id='word_1_955' title='bbox 1166 2728 1293 2776; x_wconf 71' lang='grc' dir='ltr'>εὑρέθη</span> <span class='ocrx_word' id='word_1_956' title='bbox 1307 2727 1461 2773; x_wconf 80' lang='grc' dir='ltr'>οὐδαμοῦ</span> <span class='ocrx_word' id='word_1_957' title='bbox 1473 2727 1686 2773; x_wconf 86' lang='lat' dir='ltr'><strong>(scholiastae</strong></span> <span class='ocrx_word' id='word_1_958' title='bbox 1699 2727 1863 2772; x_wconf 81' lang='lat' dir='ltr'><strong>quidem),</strong></span> <span class='ocrx_word' id='word_1_959' title='bbox 1887 2726 1905 2761; x_wconf 82' lang='grc' dir='ltr'>ἕ</span> <span class='ocrx_word' id='word_1_960' title='bbox 1913 2739 1931 2761; x_wconf 92' lang='grc' dir='ltr'>ο</span> <span class='ocrx_word' id='word_1_961' title='bbox 1943 2738 1984 2760; x_wconf 73' lang='grc' dir='ltr'><strong>ικ</strong></span> <span class='ocrx_word' id='word_1_962' title='bbox 1993 2738 2009 2760; x_wconf 90' lang='grc' dir='ltr'>ε</span> 
     </span>
     <span class='ocr_line' id='line_1_136' title="bbox 993 2773 2009 2824; baseline -0.004 -12"><span class='ocrx_word' id='word_1_963' title='bbox 993 2777 1039 2812; x_wconf 80' lang='grc' dir='ltr'><strong>δὲ</strong></span> <span class='ocrx_word' id='word_1_964' title='bbox 1064 2776 1147 2812; x_wconf 83' lang='grc' dir='ltr'><strong>ἀπὸ</strong></span> <span class='ocrx_word' id='word_1_965' title='bbox 1178 2781 1256 2824; x_wconf 82' lang='grc' dir='ltr'><strong>τῆς</strong></span> <span class='ocrx_word' id='word_1_966' title='bbox 1289 2781 1371 2810; x_wconf 80' lang='grc' dir='ltr'><strong>τῶν</strong></span> <span class='ocrx_word' id='word_1_967' title='bbox 1396 2773 1610 2811; x_wconf 73' lang='grc' dir='ltr'>Ἀττικῶν</span> <span class='ocrx_word' id='word_1_968' title='bbox 1642 2774 1850 2823; x_wconf 83' lang='grc' dir='ltr'>χρήσεως</span> <span class='ocrx_word' id='word_1_969' title='bbox 1883 2773 2009 2820; x_wconf 83' lang='grc' dir='ltr'>εἰρῆ-</span> 
     </span>
     <span class='ocr_line' id='line_1_137' title="bbox 992 2820 2009 2882; baseline -0.003 -24"><span class='ocrx_word' id='word_1_970' title='bbox 992 2823 1096 2859; x_wconf 79' lang='grc' dir='ltr'>σθαι</span> <span class='ocrx_word' id='word_1_971' title='bbox 1114 2823 1229 2871; x_wconf 81' lang='grc' dir='ltr'>παρὰ</span> <span class='ocrx_word' id='word_1_972' title='bbox 1245 2822 1388 2869; x_wconf 82' lang='grc' dir='ltr'>τούτῳ</span> <span class='ocrx_word' id='word_1_973' title='bbox 1404 2822 1463 2882; x_wconf 54' lang='grc' dir='ltr'><strong>τῷ</strong></span> <span class='ocrx_word' id='word_1_974' title='bbox 1480 2821 1794 2869; x_wconf 72' lang='grc' dir='ltr'>τεχνογράφῳ·</span> <span class='ocrx_word' id='word_1_975' title='bbox 1814 2820 2009 2856; x_wconf 71' lang='grc' dir='ltr'>ἐκεινοσὶ</span> 
     </span>
     <span class='ocr_line' id='line_1_138' title="bbox 992 2868 2010 2918; baseline -0.005 -13"><span class='ocrx_word' id='word_1_976' title='bbox 992 2870 1070 2918; x_wconf 85' lang='grc' dir='ltr'><strong>γὰρ</strong></span> <span class='ocrx_word' id='word_1_977' title='bbox 1094 2869 1277 2917; x_wconf 75' lang='grc' dir='ltr'>λέγουσι</span> <span class='ocrx_word' id='word_1_978' title='bbox 1313 2870 1388 2904; x_wconf 79' lang='grc' dir='ltr'><strong>καὶ</strong></span> <span class='ocrx_word' id='word_1_979' title='bbox 1413 2868 1575 2904; x_wconf 83' lang='grc' dir='ltr'><strong>ουτοσί.</strong></span> <span class='ocrx_word' id='word_1_980' title='bbox 1611 2870 1703 2909; x_wconf 89' lang='lat' dir='ltr'><strong>Quae</strong></span> <span class='ocrx_word' id='word_1_981' title='bbox 1728 2879 1789 2911; x_wconf 89' lang='lat' dir='ltr'><strong>per</strong></span> <span class='ocrx_word' id='word_1_982' title='bbox 1813 2879 1848 2901; x_wconf 92' lang='lat' dir='ltr'><strong>se</strong></span> <span class='ocrx_word' id='word_1_983' title='bbox 1873 2869 2010 2910; x_wconf 91' lang='lat' dir='ltr'><strong>quidem</strong></span> 
     </span>
     <span class='ocr_line' id='line_1_139' title="bbox 993 2917 2008 2960; baseline -0.003 -10"><span class='ocrx_word' id='word_1_984' title='bbox 993 2919 1093 2951; x_wconf 90' lang='lat' dir='ltr'><strong>nihili</strong></span> <span class='ocrx_word' id='word_1_985' title='bbox 1109 2919 1288 2960; x_wconf 88' lang='lat' dir='ltr'><strong>pendenda</strong></span> <span class='ocrx_word' id='word_1_986' title='bbox 1305 2922 1386 2950; x_wconf 87' lang='lat' dir='ltr'><strong>sunt</strong></span> <span class='ocrx_word' id='word_1_987' title='bbox 1397 2942 1405 2958; x_wconf 94' lang='lat'><strong>,</strong></span> <span class='ocrx_word' id='word_1_988' title='bbox 1434 2927 1546 2958; x_wconf 88' lang='lat' dir='ltr'><strong>neque</strong></span> <span class='ocrx_word' id='word_1_989' title='bbox 1564 2918 1654 2950; x_wconf 89' lang='lat' dir='ltr'><strong>enim</strong></span> <span class='ocrx_word' id='word_1_990' title='bbox 1672 2917 1813 2955; x_wconf 90' lang='lat' dir='ltr'><strong>Dionys.</strong></span> <span class='ocrx_word' id='word_1_991' title='bbox 1843 2926 1882 2948; x_wconf 85' lang='lat' dir='ltr'><strong>ea</strong></span> <span class='ocrx_word' id='word_1_992' title='bbox 1898 2919 2008 2947; x_wconf 88' lang='lat' dir='ltr'><strong>aetate</strong></span> 
     </span>
     <span class='ocr_line' id='line_1_140' title="bbox 992 2964 2009 3006; baseline -0.004 -8"><span class='ocrx_word' id='word_1_993' title='bbox 992 2970 1061 2998; x_wconf 87' lang='lat' dir='ltr'><strong>tam</strong></span> <span class='ocrx_word' id='word_1_994' title='bbox 1086 2966 1209 2997; x_wconf 90' lang='lat' dir='ltr'><strong>inscite</strong></span> <span class='ocrx_word' id='word_1_995' title='bbox 1234 2965 1365 3006; x_wconf 89' lang='lat' dir='ltr'><strong>opinari</strong></span> <span class='ocrx_word' id='word_1_996' title='bbox 1388 2965 1519 3006; x_wconf 86' lang='lat' dir='ltr'><strong>potuit:</strong></span> <span class='ocrx_word' id='word_1_997' title='bbox 1554 2964 1613 2996; x_wconf 89' lang='lat' dir='ltr'><strong>sed</strong></span> <span class='ocrx_word' id='word_1_998' title='bbox 1638 2964 1752 2995; x_wconf 84' lang='lat' dir='ltr'><strong>Attica</strong></span> <span class='ocrx_word' id='word_1_999' title='bbox 1777 2972 1937 3004; x_wconf 86' lang='lat' dir='ltr'><strong>paragoge</strong></span> <span class='ocrx_word' id='word_1_1000' title='bbox 1966 2972 2009 2994; x_wconf 82' lang='lat' dir='ltr'><strong>ex</strong></span> 
     </span>
     <span class='ocr_line' id='line_1_141' title="bbox 993 3007 2009 3053; baseline -0.004 -9"><span class='ocrx_word' id='word_1_1001' title='bbox 993 3014 1116 3045; x_wconf 81' lang='lat' dir='ltr'><strong>suffixo</strong></span> <span class='ocrx_word' id='word_1_1002' title='bbox 1132 3013 1190 3044; x_wconf 91' lang='lat' dir='ltr'><strong>illo</strong></span> <span class='ocrx_word' id='word_1_1003' title='bbox 1206 3009 1232 3053; x_wconf 76' lang='grc' dir='ltr'><strong>ἵ,</strong></span> <span class='ocrx_word' id='word_1_1004' title='bbox 1260 3015 1300 3043; x_wconf 88' lang='lat' dir='ltr'><strong>ut</strong></span> <span class='ocrx_word' id='word_1_1005' title='bbox 1317 3008 1432 3045; x_wconf 77' lang='grc' dir='ltr'>οὑτοσί</span> <span class='ocrx_word' id='word_1_1006' title='bbox 1457 3011 1502 3042; x_wconf 92' lang='lat' dir='ltr'><strong>sit</strong></span> <span class='ocrx_word' id='word_1_1007' title='bbox 1518 3011 1568 3042; x_wconf 81' lang='lat' dir='ltr'><strong>hic</strong></span> <span class='ocrx_word' id='word_1_1008' title='bbox 1585 3012 1671 3051; x_wconf 78' lang='lat' dir='ltr'><strong>ipse,</strong></span> <span class='ocrx_word' id='word_1_1009' title='bbox 1702 3007 1879 3051; x_wconf 80' lang='grc' dir='ltr'>αὔταυτος,</span> <span class='ocrx_word' id='word_1_1010' title='bbox 1908 3010 2009 3041; x_wconf 91' lang='lat' dir='ltr'><strong>unice</strong></span> 
     </span>
     <span class='ocr_line' id='line_1_142' title="bbox 993 3056 2010 3099; baseline -0.003 -9"><span class='ocrx_word' id='word_1_1011' title='bbox 993 3061 1127 3092; x_wconf 88' lang='lat' dir='ltr'><strong>videtur</strong></span> <span class='ocrx_word' id='word_1_1012' title='bbox 1144 3059 1313 3091; x_wconf 84' lang='lat' dir='ltr'><strong>commode</strong></span> <span class='ocrx_word' id='word_1_1013' title='bbox 1331 3067 1429 3099; x_wconf 91' lang='lat' dir='ltr'><strong>posse</strong></span> <span class='ocrx_word' id='word_1_1014' title='bbox 1447 3058 1621 3099; x_wconf 83' lang='lat' dir='ltr'><strong>explicari.</strong></span> <span class='ocrx_word' id='word_1_1015' title='bbox 1657 3058 1709 3089; x_wconf 92' lang='lat' dir='ltr'><strong>De</strong></span> <span class='ocrx_word' id='word_1_1016' title='bbox 1725 3057 1865 3098; x_wconf 90' lang='lat' dir='ltr'><strong>reliquis</strong></span> <span class='ocrx_word' id='word_1_1017' title='bbox 1893 3056 2010 3088; x_wconf 85' lang='lat' dir='ltr'><strong>formis</strong></span> 
     </span>
     <span class='ocr_line' id='line_1_143' title="bbox 994 3099 2010 3144; baseline -0.004 -6"><span class='ocrx_word' id='word_1_1018' title='bbox 994 3116 1036 3138; x_wconf 84' lang='lat' dir='ltr'><strong>ex</strong></span> <span class='ocrx_word' id='word_1_1019' title='bbox 1053 3107 1110 3138; x_wconf 90' lang='lat' dir='ltr'><strong>illo</strong></span> <span class='ocrx_word' id='word_1_1020' title='bbox 1128 3106 1334 3138; x_wconf 84' lang='lat' dir='ltr'><strong>nominativo</strong></span> <span class='ocrx_word' id='word_1_1021' title='bbox 1351 3105 1493 3137; x_wconf 82' lang='lat' dir='ltr'><strong>deflexis</strong></span> <span class='ocrx_word' id='word_1_1022' title='bbox 1507 3107 1603 3136; x_wconf 89' lang='lat' dir='ltr'><strong>Voss.</strong></span> <span class='ocrx_word' id='word_1_1023' title='bbox 1626 3105 1695 3144; x_wconf 85' lang='lat' dir='ltr'><strong>egit</strong></span> <span class='ocrx_word' id='word_1_1024' title='bbox 1711 3104 1752 3135; x_wconf 85' lang='lat' dir='ltr'><strong>ad</strong></span> <span class='ocrx_word' id='word_1_1025' title='bbox 1765 3103 1798 3135; x_wconf 89' lang='lat' dir='ltr'><strong>h.</strong></span> <span class='ocrx_word' id='word_1_1026' title='bbox 1821 3103 1894 3136; x_wconf 86' lang='lat' dir='ltr'><strong>Cer.</strong></span> <span class='ocrx_word' id='word_1_1027' title='bbox 1916 3113 1950 3144; x_wconf 92' lang='lat' dir='ltr'><strong>p.</strong></span> <span class='ocrx_word' id='word_1_1028' title='bbox 1965 3099 2010 3134; x_wconf 89' lang='lat'><strong>36</strong></span> 
     </span>
     <span class='ocr_line' id='line_1_144' title="bbox 993 3150 2007 3195; baseline -0.005 -10"><span class='ocrx_word' id='word_1_1029' title='bbox 993 3163 1080 3195; x_wconf 91' lang='lat' dir='ltr'><strong>sqq.,</strong></span> <span class='ocrx_word' id='word_1_1030' title='bbox 1109 3162 1170 3185; x_wconf 89' lang='lat' dir='ltr'><strong>nos</strong></span> <span class='ocrx_word' id='word_1_1031' title='bbox 1187 3153 1374 3184; x_wconf 89' lang='lat' dir='ltr'><strong>omittimus</strong></span> <span class='ocrx_word' id='word_1_1032' title='bbox 1392 3160 1572 3193; x_wconf 80' lang='lat' dir='ltr'><strong>quaerere3</strong></span> <span class='ocrx_word' id='word_1_1033' title='bbox 1602 3160 1665 3183; x_wconf 92' lang='lat' dir='ltr'><strong>nec</strong></span> <span class='ocrx_word' id='word_1_1034' title='bbox 1682 3151 1773 3182; x_wconf 90' lang='lat' dir='ltr'><strong>enim</strong></span> <span class='ocrx_word' id='word_1_1035' title='bbox 1792 3150 1831 3181; x_wconf 86' lang='lat' dir='ltr'><strong>ad</strong></span> <span class='ocrx_word' id='word_1_1036' title='bbox 1850 3150 1950 3191; x_wconf 84' lang='lat' dir='ltr'><strong>Soph.</strong></span> <span class='ocrx_word' id='word_1_1037' title='bbox 1967 3167 2007 3172; x_wconf 95' lang='lat'><strong>—-</strong></span> 
     </span>
     <span class='ocr_line' id='line_1_145' title="bbox 994 3197 2008 3240; baseline -0.004 -9"><span class='ocrx_word' id='word_1_1038' title='bbox 994 3200 1101 3231; x_wconf 79' lang='lat' dir='ltr'><strong>Genit.</strong></span> <span class='ocrx_word' id='word_1_1039' title='bbox 1123 3202 1158 3231; x_wconf 91' lang='lat' dir='ltr'><strong>et</strong></span> <span class='ocrx_word' id='word_1_1040' title='bbox 1182 3200 1305 3240; x_wconf 88' lang='lat' dir='ltr'><strong>reliqui</strong></span> <span class='ocrx_word' id='word_1_1041' title='bbox 1329 3199 1509 3238; x_wconf 89' lang='lat' dir='ltr'><strong>singularis</strong></span> <span class='ocrx_word' id='word_1_1042' title='bbox 1536 3198 1670 3230; x_wconf 87' lang='lat' dir='ltr'><strong>numeri</strong></span> <span class='ocrx_word' id='word_1_1043' title='bbox 1687 3207 1783 3229; x_wconf 84' lang='lat' dir='ltr'><strong>casus</strong></span> <span class='ocrx_word' id='word_1_1044' title='bbox 1801 3197 1928 3238; x_wconf 88' lang='lat' dir='ltr'><strong>obliqui</strong></span> <span class='ocrx_word' id='word_1_1045' title='bbox 1952 3197 2008 3227; x_wconf 89' lang='lat' dir='ltr'><strong>in·-</strong></span> 
     </span>
     <span class='ocr_line' id='line_1_146' title="bbox 994 3244 2009 3286; baseline -0.004 -8"><span class='ocrx_word' id='word_1_1046' title='bbox 994 3247 1084 3278; x_wconf 87' lang='lat' dir='ltr'><strong>ssecti</strong></span> <span class='ocrx_word' id='word_1_1047' title='bbox 1101 3247 1262 3278; x_wconf 86' lang='lat' dir='ltr'><strong>iubentur</strong></span> <span class='ocrx_word' id='word_1_1048' title='bbox 1275 3255 1350 3277; x_wconf 87' lang='lat' dir='ltr'><strong>cum</strong></span> <span class='ocrx_word' id='word_1_1049' title='bbox 1363 3246 1571 3286; x_wconf 91' lang='lat' dir='ltr'><strong>pronominis</strong></span> <span class='ocrx_word' id='word_1_1050' title='bbox 1589 3245 1744 3276; x_wconf 80' lang='lat' dir='ltr'><strong>reflexivi</strong></span> <span class='ocrx_word' id='word_1_1051' title='bbox 1757 3244 1837 3284; x_wconf 88' lang='lat' dir='ltr'><strong>sint,</strong></span> <span class='ocrx_word' id='word_1_1052' title='bbox 1855 3244 2009 3275; x_wconf 87' lang='lat' dir='ltr'><strong>inclinari</strong></span> 
     </span>
     <span class='ocr_line' id='line_1_147' title="bbox 993 3291 2011 3334; baseline -0.005 -8"><span class='ocrx_word' id='word_1_1053' title='bbox 993 3303 1070 3327; x_wconf 88' lang='lat' dir='ltr'><strong>cum</strong></span> <span class='ocrx_word' id='word_1_1054' title='bbox 1103 3294 1225 3325; x_wconf 87' lang='lat' dir='ltr'><strong>tertiae</strong></span> <span class='ocrx_word' id='word_1_1055' title='bbox 1250 3301 1411 3334; x_wconf 87' lang='lat' dir='ltr'><strong>personae</strong></span> <span class='ocrx_word' id='word_1_1056' title='bbox 1439 3295 1605 3332; x_wconf 87' lang='lat' dir='ltr'><strong>potestate</strong></span> <span class='ocrx_word' id='word_1_1057' title='bbox 1629 3291 1800 3332; x_wconf 86' lang='lat' dir='ltr'><strong>praeditae</strong></span> <span class='ocrx_word' id='word_1_1058' title='bbox 1834 3292 1867 3322; x_wconf 87' lang='lat' dir='ltr'><strong>vi</strong></span> <span class='ocrx_word' id='word_1_1059' title='bbox 1896 3293 2011 3322; x_wconf 86' lang='lat' dir='ltr'><strong>carent</strong></span> 
     </span>
     <span class='ocr_line' id='line_1_148' title="bbox 992 3334 2004 3380; baseline -0.004 -8"><span class='ocrx_word' id='word_1_1060' title='bbox 992 3342 1089 3380; x_wconf 76' lang='lat' dir='ltr'><strong>(eius,</strong></span> <span class='ocrx_word' id='word_1_1061' title='bbox 1108 3341 1149 3380; x_wconf 79' lang='lat' dir='ltr'><strong>ei,</strong></span> <span class='ocrx_word' id='word_1_1062' title='bbox 1178 3342 1280 3378; x_wconf 77' lang='lat' dir='ltr'><strong>eum).</strong></span> <span class='ocrx_word' id='word_1_1063' title='bbox 1317 3340 1359 3371; x_wconf 87' lang='lat' dir='ltr'><strong>V.</strong></span> <span class='ocrx_word' id='word_1_1064' title='bbox 1376 3338 1557 3370; x_wconf 86' lang='lat' dir='ltr'><strong>Herodian.</strong></span> <span class='ocrx_word' id='word_1_1065' title='bbox 1577 3339 1683 3370; x_wconf 87' lang='lat' dir='ltr'><strong>Bekk.</strong></span> <span class='ocrx_word' id='word_1_1066' title='bbox 1704 3347 1738 3379; x_wconf 88' lang='lat' dir='ltr'><strong>p.</strong></span> <span class='ocrx_word' id='word_1_1067' title='bbox 1762 3334 1865 3368; x_wconf 91' lang='grc'>1145.</span> <span class='ocrx_word' id='word_1_1068' title='bbox 1894 3337 2004 3378; x_wconf 86' lang='lat' dir='ltr'><strong>Apoll.</strong></span> 
     </span>
     <span class='ocr_line' id='line_1_149' title="bbox 993 3380 2006 3428; baseline -0.004 -9"><span class='ocrx_word' id='word_1_1069' title='bbox 993 3387 1034 3419; x_wconf 90' lang='lat' dir='ltr'><strong>de</strong></span> <span class='ocrx_word' id='word_1_1070' title='bbox 1060 3390 1148 3427; x_wconf 89' lang='lat' dir='ltr'><strong>synt.</strong></span> <span class='ocrx_word' id='word_1_1071' title='bbox 1177 3396 1211 3428; x_wconf 87' lang='lat' dir='ltr'><strong>p.</strong></span> <span class='ocrx_word' id='word_1_1072' title='bbox 1236 3382 1313 3419; x_wconf 89' lang='lat'><strong>139.</strong></span> <span class='ocrx_word' id='word_1_1073' title='bbox 1341 3385 1404 3417; x_wconf 89' lang='lat' dir='ltr'><strong>EM</strong></span> <span class='ocrx_word' id='word_1_1074' title='bbox 1427 3395 1462 3426; x_wconf 91' lang='lat' dir='ltr'><strong>p.</strong></span> <span class='ocrx_word' id='word_1_1075' title='bbox 1484 3382 1572 3425; x_wconf 88' lang='lat'><strong>616,</strong></span> <span class='ocrx_word' id='word_1_1076' title='bbox 1600 3381 1658 3416; x_wconf 88' lang='grc'>24.</span> <span class='ocrx_word' id='word_1_1077' title='bbox 1687 3385 1729 3416; x_wconf 88' lang='lat' dir='ltr'><strong>cf.</strong></span> <span class='ocrx_word' id='word_1_1078' title='bbox 1751 3380 1830 3425; x_wconf 84' lang='lat'><strong>294,</strong></span> <span class='ocrx_word' id='word_1_1079' title='bbox 1853 3381 1909 3416; x_wconf 89' lang='grc'><strong>33.</strong></span> <span class='ocrx_word' id='word_1_1080' title='bbox 1954 3384 2006 3415; x_wconf 94' lang='lat' dir='ltr'><strong>De</strong></span> 
     </span>
    </p>
   </div>
  </div>
 </body>
</html>
