2288 3600
265 127 366 174 440
1000 123 1286 192 Μεταλλαγή

261 244 310 275 sic
326 254 345 276 a
370 241 541 289 μεταίτιος
570 253 734 285 suspenso
758 244 958 277 illustrando
982 255 1015 276 v.
1037 244 1168 278 Schaef.
1199 244 1277 277 mel.
1318 240 1396 290 οὐχί
1421 253 1497 275 cum
1514 253 1632 276 versus
1657 244 1862 277 detrimento
1877 245 1915 277 in
1939 245 2034 278 libris
2048 245 2102 278 vel
2117 244 2255 287 optimv

262 301 307 323 cr.
328 301 362 332 p.
382 288 440 323 23.

331 343 541 384 Μεταλλᾶ
549 360 568 395 γ
585 348 593 361 ’
640 350 843 382 vicissitudo.
888 323 967 430 ἔλῗ
1009 348 1044 384 ἐν
1086 347 1288 397 μεταλλαγᾷ

262 395 515 444 πολυμηχάνου
551 361 673 442 ἀν’δρὸς
701 395 829 443 ἐρέσσει
860 398 886 429 Ρ
953 395 1045 430 1134
1068 408 1111 430 m.
1158 398 1281 429 Arcum

264 454 361 476 suum
389 445 471 477 dicit
488 447 613 478 versari
639 446 674 477 in
698 447 898 485 possessione
920 447 1007 477 alius
1025 445 1151 478 domini
1166 443 1283 492 (ἐρέσ-

262 489 407 536 σεσθαι),
429 502 531 534 quem
550 502 664 525 secum
682 494 949 525 commutaverit.

335 546 645 586 Μεταλλάσσω
680 553 830 584 immuto.
874 550 936 585 τάν
969 549 1154 597 ἀνθρώπου
1189 549 1280 591 ζωὰν

261 595 339 632 ἆται
363 597 535 645 πημάτων
553 597 678 636 πάσαις
698 597 988 642 μεταλλάσσουσιν
1015 598 1118 646 ὥραις
1138 597 1280 644 [μεταλ-

261 643 426 680 λάσσουσι
444 648 595 692 μορφαῖς
608 644 744 690 Lehrs.]
758 647 835 678 Ter.
856 648 897 678 fr.
920 643 1000 686 519,
1017 644 1049 678 3.
1072 645 1177 680 πόνου
1198 657 1280 691 μετ-

261 690 500 740 αλλαχθέντος
519 691 552 726 οἱ
576 691 675 727 πόνοι
698 691 837 740 γλυκεῖς
856 695 953 726 Laoc.
975 691 1044 726 343
1061 705 1091 726 a.
1125 695 1279 727 Fortasse

262 741 477 773 scribendum
508 738 661 774 κόπου.
708 738 814 786 οὑμὸς
847 739 914 774 αἰεὶ
938 739 1070 784 πότμος
1096 739 1130 774 ἐν
1157 740 1278 788 πυκνῷ

263 785 345 822 θεοῦ
375 786 493 835 τροχῷ
515 786 694 822 κυκλεῖται
725 787 785 822 καὶ
818 786 1045 833 μεταλλάσσει
1078 787 1177 835 φύσιν
1210 790 1276 822 ine.

263 832 343 876 713,
365 832 399 868 2.

331 890 749 941 Μεταναγιγνώσκω
789 897 963 928 consilium
995 899 1098 928 muto.
1138 893 1282 940 [μεταν-

262 939 422 988 εγνώθηε
465 939 716 988 μετανεπείσθη
731 952 738 959 ·
787 942 826 977 τὸ
867 941 1050 977 ἀναπεῖσαι
1088 941 1282 990 ἀναγνῶναί

263 999 346 1035 φασι
362 987 528 1034 Hesych.]
555 987 633 1023 εὖτέ
657 988 687 1035 γ’
712 989 747 1031 ἐξ
772 988 930 1024 ἀέλπτων
957 987 1045 1028 Α’ίας
1068 991 1282 1037 μετανεγνώ-

263 1033 330 1082 σθη
356 1034 470 1082 θυμοῦ
495 1035 525 1070 τ’
552 1033 741 1083 Ἀτρείδαις
766 1039 821 1070 Ai.
843 1035 911 1070 716
930 1039 981 1070 ch.
1023 1039 1180 1080 Plerique
1205 1040 1283 1071 libri

263 1082 499 1131 μετεγνώσθη,
520 1085 609 1126 quod
626 1087 729 1118 etiam
746 1096 799 1127 ap.
830 1086 924 1118 Suid.
955 1087 1117 1127 scriptum
1145 1097 1176 1118 v,
1200 1097 1283 1131 μετ-

263 1129 481 1178 ανεγνώσθη,
509 1142 609 1174 quem
629 1137 742 1166 tamen
759 1133 838 1172 hoc,
859 1143 924 1165 non
942 1134 1025 1165 illud
1040 1135 1117 1165 dare
1135 1135 1282 1165 voluisse

263 1182 412 1221 apparet.
448 1180 540 1212 Haec
566 1181 750 1222 scriptura,
778 1180 910 1212 rediisse
935 1181 980 1213 ad
1003 1191 1035 1212 se
1052 1184 1178 1213 mutato
1203 1192 1283 1213 con—

263 1227 337 1258 silio
356 1227 493 1259 Aiacem
511 1228 715 1269 significans,
746 1229 835 1260 haud
851 1229 951 1270 paulo
969 1229 1151 1270 elegantior
1168 1230 1204 1260 in
1224 1229 1283 1261 LA

265 1274 302 1306 Β.
323 1274 411 1306 Flor.
434 1271 460 1308 Γ
477 1278 609 1316 reperta
627 1280 689 1308 est.
1035 1275 1084 1320 (ΙΙ
1101 1285 1134 1317 p.
1157 1273 1213 1318 90,
1231 1274 1285 1320 3.)

335 1329 559 1367 Μετανίστ
602 1346 647 1379 μι
665 1336 731 1367 alio
751 1337 889 1367 transire
902 1338 1003 1376 sacto.
1033 1336 1082 1382 μὴ
1109 1330 1178 1382 δῆτ’
1207 1334 1284 1369 ἀδι-

265 1378 370 1426 κηθῶ
397 1380 449 1414 σοὶ
473 1391 568 1414 πιστε
592 1388 654 1420 ’σας
681 1381 893 1428 μεταναστάς
927 1383 981 1416 OC
1003 1381 1067 1416 175
1081 1394 1136 1416 an.
1165 1386 1192 1416 si
1217 1385 1284 1416 alio

266 1430 439 1461 transiero.
466 1426 540 1462 καί
556 1430 730 1462 inculcant
746 1431 835 1463 libri.

335 1483 508 1527 Μεταξύ
529 1490 662 1521 interea.
691 1488 734 1523 τὰ
760 1488 797 1523 δὲ
816 1487 941 1534 μεταξὺ
965 1486 1088 1523 τούτου
1113 1488 1284 1536 μηδαμῶς

265 1531 381 1580 γίγνου
405 1534 514 1572 κακός
542 1535 598 1568 OO
615 1533 681 1568 291
703 1537 806 1569 donec
823 1537 907 1568 illud
924 1537 1054 1577 factum
1070 1537 1184 1577 faerit.
1207 1548 1285 1570 συν-

265 1580 382 1628 έλεγον
399 1579 442 1615 τὰ
458 1576 528 1621 ξύλ’
545 1582 592 1616 ὡς
610 1582 850 1629 ἐκκαυμάτων,
882 1583 930 1630 μή
951 1595 1009 1629 μοι
1035 1582 1158 1629 μεταξὺ
1178 1595 1286 1631 προσ-

266 1627 418 1675 δεήσειεν
444 1630 544 1662 Herc.
567 1631 670 1663 Taen.
692 1633 732 1664 fr.
754 1629 835 1673 218,
855 1629 889 1663 2.
927 1632 1002 1664 ΙΙιιο
1027 1636 1156 1673 spectat
1172 1633 1285 1672 Hesy-

265 1677 334 1709 chii
357 1677 539 1718 explicatio
573 1675 655 1711 ἀνὰ
690 1677 741 1724 μέ
754 1690 825 1712 σον
838 1706 846 1720 ,
882 1680 937 1711 cui
970 1680 1050 1711 alias
1083 1681 1281 1721 praemittit,

265 1721 427 1769 ἐξαίφνης
438 1727 473 1756 et
486 1719 558 1770 μετ’
576 1723 702 1771 ὀλίγον.
724 1728 766 1758 V.
779 1727 952 1766 Wyttenb.
964 1728 1003 1758 ad
1014 1727 1103 1758 Plut.
1121 1727 1280 1768 apophth.

266 1781 336 1811 reg.
356 1781 391 1812 p.
406 1769 473 1803 177
483 1771 520 1804 C.
551 1773 603 1805 De
620 1777 760 1806 accentu
779 1775 912 1814 generis
931 1785 961 1805 v.
980 1775 1056 1806 Arc.
1078 1784 1112 1814 p.
1130 1772 1209 1814 183,
1222 1772 1279 1808 28.

269 1819 327 1851 Gr.
348 1819 466 1852 Herm.
487 1819 529 1851 de
545 1821 677 1862 prosod.
699 1832 732 1863 p.
754 1818 834 1853 460.
859 1817 936 1853 176.

335 1873 586 1924 Μετάρσιος
612 1880 770 1912 sublatus.
814 1878 942 1913 ἐσπᾶτο
965 1878 1030 1926 γὰρ
1056 1877 1200 1913 πέδονδε
1225 1879 1283 1914 καὶ
1321 1865 1422 1905 ζῶσιν
1441 1864 1480 1900 Οὐ
1507 1863 1666 1899 θανοῦσιν
1688 1866 1769 1898 Ant·
1793 1863 1920 1898 352m·
1950 1875 2031 1906 4¹⁴<ae
2055 1866 2233 1910 inqual'ms.
2264 1870 2266 1872 ’

266 1923 447 1971 μετάρσιος
473 1926 529 1959 Tr.
552 1923 620 1959 786
645 1927 686 1959 de
713 1928 858 1959 Hercule
883 1937 963 1969 prae
988 1928 1100 1959 dolore
1127 1928 1220 1959 modo
1246 1929 1282 1960 in
1299 1933 1301 1949 ¹
1319 1914 1408 1954 “P'ud
1426 1914 1481 1945 '¹⁰⁸
1497 1923 1556 1945 ΜΟ
1583 1913 1673 1953 “pud
1691 1914 1766 1944 m⁰⁸
1783 1915 1852 1944 ime
1877 1922 2018 1945 cmm*
2059 1912 2122 1945 sed
2141 1913 2218 1944 ⁰¹⁸¹

265 1973 333 2005 solo
350 1982 425 2005 sese
443 1974 614 2006 volutante
633 1975 727 2006 modo
745 1975 939 2007 exsiliente.
979 1973 1154 2020 μετάρσιοι
1177 1973 1282 2021 χολαὶ
1299 1955 1302 2033 y

264 2017 492 2066 διεσπείροντο
510 2021 591 2053 Ant.
615 2019 704 2054 1009
723 2022 923 2063 dissipatum
941 2023 987 2054 fel
1005 2026 1065 2054 est.

335 2074 587 2114 Μετασπάω
613 2081 679 2112 aczo
698 2081 878 2113 traducere.
920 2083 978 2114 νῦν
1003 2077 1032 2113 τ’
1057 2079 1156 2119 αὖθις
1179 2080 1282 2127 πειρᾶ

291 2128 440 2160 ετασπᾶν
467 2124 602 2173 σκληρὰ
628 2125 820 2172 μαλθακῶς
845 2127 955 2175 λέγων
982 2127 1037 2161 Oc
1056 2126 1124 2161 774
1141 2129 1182 2161 de
1201 2115 1280 2161 σοιιὲ

265 2174 341 2206 silio
358 2174 501 2206 alieuius
519 2175 690 2208 mutando.

335 2228 617 2272 Μετάστᾶσις
641 2237 794 2267 mutatio.
824 2228 901 2268 ἀλλ’
925 2231 995 2268 εἶκε
1023 2233 1126 2281 θυμῷ
1142 2234 1200 2268 καὶ
1219 2246 1281 2280 με-

263 2277 424 2314 τάστασιν
451 2278 545 2314 δίδου
573 2282 655 2313 Ant.
677 2279 746 2315 718
770 2293 801 2314 V.
823 2279 948 2327 θυμός.
976 2281 1053 2316 καὶ
1078 2280 1280 2327 ὑπερβάτως

264 2328 413 2368 positum
425 2331 465 2360 ut
476 2325 582 2373 θυμῷ
592 2326 686 2362 δίδου
706 2327 908 2374 μετάστασιν
927 2331 1174 2370 coniungantur
1207 2328 1281 2374 [καὶ

264 2371 369 2421 θυμῷ
378 2373 514 2420 Dind.],
537 2374 717 2420 μετάνοιαν
735 2377 837 2409 schol.
855 2378 1015 2418 explicat,
1036 2378 1124 2419 quod
1141 2381 1281 2409 eatenus

265 2425 382 2463 aptum
394 2447 402 2463 ,
433 2422 514 2454 dum
530 2433 669 2456 sensum
686 2433 753 2457 non
781 2426 919 2457 verbum
943 2426 1138 2466 exprimens
1159 2435 1224 2457 una
1241 2425 1281 2456 ad

264 2466 369 2514 θυμῷ
386 2470 562 2503 referatur.

335 2522 564 2562 *⁸‘Metart
577 2527 691 2576 θημι
707 2531 772 2562 alio
789 2533 952 2562 converto.
979 2529 1017 2564 τὸ
1035 2528 1157 2564 κείνων
1174 2529 1280 2564 κακὸν

264 2573 352 2620 τῷδε
385 2574 508 2621 κέρδος
542 2574 806 2622 μετατιθέμενος
839 2578 900 2610 Ph.
921 2574 989 2610 515
1008 2578 1060 2610 ch.
1091 2579 1280 2610 Brunckius

263 2623 424 2654 librorum
439 2624 626 2665 scripturae
638 2626 871 2666 ineptissimae
890 2622 968 2672 μέγ
977 2637 998 2658 α
1010 2622 1189 2670 τιθέμενος
1199 2627 1280 2657 snb-

264 2670 392 2710 rogavit
408 2670 620 2703 scholiastam
638 2676 786 2712 secutus,
807 2673 865 2714 qui
883 2673 949 2704 sic:
977 2670 1015 2705 τὸ
1041 2669 1192 2709 ἐκείνους
1217 2670 1281 2705 λυ-

263 2718 351 2751 ποῦν
363 2714 476 2763 τούτῳ
489 2715 611 2763 κέρδος
624 2717 684 2752 καὶ
696 2717 864 2766 ὠφέλειαν
879 2723 1085 2764 μεταποιῶν.
1107 2721 1150 2752 V.
1163 2721 1276 2752 Herm.

334 2771 584 2823 Μεταφέρω
610 2779 677 2809 alio
694 2778 839 2818 confero.
873 2776 903 2810 εἰ
928 2776 986 2811 καὶ
1012 2775 1112 2811 πάλιν
1139 2778 1279 2824 γνώμην

265 2821 431 2869 μετοίσεις
448 2824 510 2856 Ph.
532 2821 613 2856 962.
647 2826 699 2857 De
718 2826 889 2858 sententia
906 2827 1066 2858 mutanda
1082 2826 1210 2858 dictum
1229 2827 1279 2858 fa-

264 2871 345 2903 ciles
363 2880 406 2903 ex
423 2869 632 2918 ψηφηφορίᾳ
649 2873 839 2914 explicatus
856 2873 967 2906 habet.

335 2925 532 2975 Μέτειμι
549 2934 726 2963 consector.
756 2929 786 2964 εἰ
803 2929 867 2978 γάρ
886 2929 919 2977 μ’
937 2930 1079 2973 ἀπώσει,
1102 2929 1161 2965 σὺν
1178 2930 1278 2977 κακῷ

292 2974 505 3025 έτειψπάλιν
532 2977 587 3010 El.
609 2975 679 3010 430
692 2980 898 3019 poenitentia
924 2980 1142 3019 significatur.
1181 2989 1281 3024 μετε-

263 2989 368 3072 λεύσῃ
395 3035 438 3070 με
462 3022 521 3058 καὶ
545 3022 698 3064 ἀξιώσεις
717 3023 804 3071 μετὰ
831 3027 892 3060 σοῦ
909 3022 1067 3073 γενέσθαι
1084 3026 1200 3067 schol.,
1220 3036 1280 3067 po-

265 3074 390 3103 strema
405 3073 540 3113 inepte:
569 3073 668 3113 paulo
693 3073 815 3105 melius
842 3074 928 3106 alius
946 3075 1188 3114 interpretum:
1218 3084 1281 3106 κο-

263 3115 459 3160 λακεύσεις,
490 3117 649 3165 ζητήσεις
662 3145 670 3160 ,
699 3121 842 3152 alterum
856 3124 957 3153 certe.
1004 3121 1172 3152 Vindictae
1188 3121 1281 3152 inse-

264 3167 387 3197 ctantis
404 3167 604 3199 facinorosos
621 3168 712 3199 inest
729 3168 949 3207 significatio:
979 3163 1068 3213 Δίκη
1134 3166 1280 3212 μέτεισιν

264 3209 470 3292 οὲξξὲακρρὲ
487 3211 615 3294 χρόνου
643 3215 696 3247 El.
718 3211 787 3247 477
804 3215 856 3247 ch.
872 3240 880 3256 ,
909 3215 952 3248 cf.
974 3215 1092 3248 Markl.
1113 3218 1148 3247 et
1173 3215 1276 3247 Seidl.

264 3269 283 3291 a
354 3270 404 3292 ur.
534 3285 541 3293 .

333 3314 526 3364 Μέτειμι
551 3320 685 3361 proprie
709 3329 779 3351 una
796 3329 870 3352 sum
894 3329 961 3352 non
988 3321 1112 3361 legitur
1130 3321 1197 3352 nisi
1213 3321 1279 3351 im-

262 3367 484 3406 personaliter
499 3366 540 3399 de
559 3370 655 3407 parte
671 3368 773 3398 alicui
789 3366 897 3399 debita
914 3368 1053 3400 dictum.
1082 3364 1190 3412 κάμοὶ
1214 3365 1280 3401 πό-

262 3409 350 3450 λεως
369 3411 533 3460 μέτεστιν,
563 3411 642 3463 οὐχὶ
660 3413 712 3452 σοὶ
731 3412 826 3465 μόνῳ
843 3414 902 3450 OR
920 3411 998 3447 630.
1032 3412 1167 3460 μέτεστι
1183 3411 1280 3463 τῆσδ’

1318 155 1379 162 -..
1407 125 1592 193 Μέτρον
2044 134 2091 183 [11
2107 149 2142 182 p.
2161 135 2208 174 89
2224 85 2259 123 δεῖ

1318 284 1405 323 Flo‘r.
1427 287 1453 324 Γ
1476 292 1570 323 aliis:
1599 292 1687 323 Illud
1709 291 1854 323 debetur
1871 292 2087 325 Triclinianis
2105 309 2147 316 —
2163 302 2213 339 χ..
2253 302 2266 335 :5

1317 336 1474 384 ἐσαύριον
1500 336 1599 372 οὐδὲν
1626 336 1731 372 πλέον
1757 349 1815 384 μοι
1841 341 1901 373 σοῦ
1934 337 2086 384 μέτεστιν
2108 337 2243 387 ἡμέρας

1317 382 1398 418 568.
1420 385 1466 419 ὧν
1485 382 1563 419 οὔτε
1580 395 1633 419 σοι
1652 385 1803 431 μέτεστιν
1822 383 1900 420 οὔτε
1915 389 1990 425 τοῖς
2006 384 2080 421 ἄνω
2096 384 2226 422 θεοῖσιν

1319 430 1421 465 1072.
1451 433 1558 466 Schol.
1577 431 1712 472 ἐξουσία
1730 431 1877 474 δέδοται,
1907 443 1974 466 non
1991 435 2199 467 habentius.
2232 439 2253 463 :1

1316 481 1547 560 literfiggctum
1573 478 1612 514 οὐ
1639 483 1746 527 μετῆν
1777 478 1908 515 αὐτοῖσι
1939 479 2003 528 τήν
2027 475 2057 528 γ’
2082 479 2171 528 ἐμὴν

1387 583 1424 620 Μ
1435 598 1477 620 ετ
1486 584 1503 620 έ
1513 598 1530 633 ρ
1540 598 1564 633 χ
1575 598 1592 620 ο
1602 598 1677 632 μαι
1695 589 1885 619 arcessitum
1903 597 1951 621 eo.
1979 585 2091 633 ἦλθόν
2113 599 2156 634 με
2178 586 2237 636 νηὶ

1315 631 1507 680 κιλοστόλῳ
1526 634 1613 680 μέτα
1635 635 1695 666 Ph.
1718 632 1798 667 343.
2240 630 2261 655 ³,-

1387 688 1478 727 Μετ
1489 691 1538 740 έχ
1548 707 1576 726 ω
1590 697 1719 733 partem
1735 695 1830 739 capio
1849 695 1903 725 vel
1920 694 2032 728 habeo.
2061 692 2117 734 ξὺν
2135 691 2189 728 σοὶ

1316 751 1379 787 χον
1396 744 1465 773 τῶν
1481 738 1564 774 ἰ’σων
1583 741 1636 772 El.
1660 738 1759 773 1168.
1789 739 1925 775 πάντων
1942 739 2041 775 τῶνδ’
2060 739 2114 774 ἀεὶ
2131 751 2249 789 μετειχ

1317 789 1374 821 OR
1395 785 1495 819 1465.
1524 787 1582 822 καὶ
1602 787 1640 822 σὺ
1658 786 1757 821 τοῦδε
1780 790 1841 821 τοῦ
1864 786 1975 835 τάφου
2001 787 2123 836 φήσεις
2148 799 2259 834 μετα

1318 836 1399 867 Ant.
1422 832 1503 867 535.
1531 833 1554 879 ἦ
1574 833 1639 882 γὰρ
1659 833 1822 883 μετέσχες
1847 834 1906 869 καὶ
1931 834 1969 869 σὺ
1994 833 2094 870 τοῦδε
2118 837 2179 869 τοῦ
2201 833 2262 874 πό,

1318 884 1378 915 Ph.
1400 879 1480 914 248.
1516 884 1753 915 Accusativurn
1779 884 1883 924 regit,
1909 884 1969 925 qui
1993 885 2030 915 in
2055 883 2221 925 exemplis
2250 883 2256 891 “

1317 931 1507 971 genitivum
1524 930 1764 962 exhibentibus
1782 940 1885 962 sensu
1901 931 2124 964 assumendus
2141 934 2212 963 est:
2253 930 2255 932 ’

1318 975 1448 1023 άκερδῆ
1467 975 1568 1025 χάριν
1585 975 1791 1024 μετάσχοιμί
1808 984 1882 1011 πως
1907 977 1962 1011 OC
1982 975 2072 1011 1484
2089 979 2140 1011 ch.

1388 1033 1615 1072 Μετοικία
1639 1037 1847 1078 cohabitatiO,
1875 1039 2084 1070 consortium.
2113 1047 2254 1082 μετοικ,;

1319 1082 1378 1118 οὖν
1396 1087 1459 1129 τῆς
1477 1082 1549 1118 ἄνω
1569 1083 1768 1130 στερήσεται
1785 1085 1866 1117 Ant.
1887 1082 1956 1118 890
1974 1095 2005 1117 v.
2027 1081 2195 1130 μέτοικος.
2232 1111 2246 1122 ,.

1390 1151 1614 1192 Μέτοικος
1640 1155 1654 1197 ΙΙ
1678 1156 1871 1196 inquilinus.
1913 1152 1943 1188 εἰ
1969 1154 2019 1200 μὴ
2046 1153 2204 1199 μέτοικος

1317 1205 1381 1248 τῆς
1406 1203 1525 1249 χώρας
1549 1199 1662 1239 θέλεις
1687 1200 1774 1235 εἶναι
1800 1200 1858 1246 βία
1879 1213 1916 1236 τε
1936 1200 2028 1249 κούχ
2052 1199 2141 1236 ἑκών
2175 1202 2246 1236 OG

1319 1248 1413 1289 ξένος
1436 1248 1529 1296 λόγῳ
1557 1249 1715 1294 μέτοικος
1741 1250 1798 1281 OR
1815 1235 1883 1282 452
1908 1251 2082 1292 oppositus
2107 1248 2258 1297 ἐγγενεῗ

1320 1296 1419 1344 βαίῳ.
1450 1299 1521 1330 Νοιι
1540 1298 1606 1329 dici
1625 1295 1783 1341 μέτοικον
1802 1307 1841 1330 eo
1858 1307 1961 1329 sensu
1977 1298 2124 1338 tragicis,
2146 1307 2210 1339 quo
2236 1307 2250 1337 ..j

1320 1347 1497 1377 niensibus
1515 1346 1644 1384 tritum,
1678 1345 1718 1376 de
1743 1354 1808 1385 quo
1827 1346 1945 1377 Valck.
1973 1345 2039 1376 An.
2061 1345 2102 1376 ad
2119 1345 2250 1377 Amm

1322 1390 1389 1425 110
1416 1394 1514 1425 Wolf.
1543 1393 1584 1424 ad
1609 1393 1708 1423 Dem.
1739 1393 1836 1433 Lept.
1863 1403 1898 1434 p.
1927 1389 1972 1424 67
1989 1402 2076 1434 sqq.,
2107 1392 2166 1424 sed
2195 1406 2201 1419 ι
2230 1386 2253 1415 ῑ·”

1319 1440 1391 1471 sede
1407 1443 1538 1472 mutata
1555 1441 1619 1472 alio
1638 1439 1819 1471 habitatum
1833 1441 2035 1480 concesserit,
2055 1442 2240 1472 exsecutus

1322 1489 1427 1527 sigius
1446 1492 1497 1519 est
1514 1497 1622 1519 enarr.
1645 1486 1699 1518 OC
1718 1497 1752 1528 p.
1776 1483 1853 1520 125.
1882 1488 1933 1519 Ita
1946 1487 2014 1518 illis
2031 1487 2111 1518 loeis
2130 1487 2231 1518 etiam
2243 1484 2249 1495 ⁵

1320 1541 1382 1568 κος
1407 1536 1472 1567 dici
1496 1538 1626 1576 potest,
1655 1534 1742 1575 quod
1767 1535 1988 1567 observarunt
2012 1534 2113 1566 schol.
2135 1533 2191 1567 OG
2214 1533 2221 1547 ”

1323 1583 1416 1615 Suid.
1440 1594 1470 1614 V.
1490 1580 1643 1626 μέτοικοι
1661 1586 1699 1613 nt
1717 1582 1900 1622 cogitetur,
1931 1583 1991 1623 qui
2008 1583 2118 1613 alieno
2135 1582 2171 1613 in
2187 1579 2249 1620 lo¹

1321 1631 1408 1661 bitet
1426 1631 1569 1671 pristino
1594 1630 1751 1661 exclusus
1770 1629 1947 1662 domicilio.
1978 1629 2043 1662 Sed
2060 1629 2159 1670 paulo
2177 1637 2241 1661 aun·

1323 1675 1498 1721 μετοικίαν
1515 1679 1579 1722 τῆς
1596 1674 1668 1710 ἄνω
1685 1675 1768 1708 Ant.
1783 1673 1851 1708 890
1864 1677 2002 1708 dicendo
2017 1676 2117 1717 Soph.
2135 1675 2211 1708 scho
2234 1672 2243 1700 f

1321 1726 1357 1756 in
1376 1734 1520 1756 errorem
1538 1725 1686 1764 induxit,
1715 1727 1755 1756 ut
1775 1725 1938 1756 scriberet
1954 1721 2029 1757 ἀντὶ
2043 1725 2104 1757 τοῦ
2132 1715 2208 1768 μεθ’
2242 1763 2244 1765 ‚

1321 1769 1393 1805 ἄνω
1412 1771 1531 1805 οἰκεῖν.
1562 1772 1651 1803 Huic
1668 1772 1840 1811 persimile
1854 1774 1906 1803 est
1922 1772 2007 1803 illud
2023 1771 2078 1803 OG
2088 1767 2170 1811 934,
2190 1771 2216 1803 s‘
2232 1770 2235 1772 ’

1321 1820 1425 1851 etiam
1447 1815 1533 1862 (οὔτ’
1559 1817 1594 1852 ἐν
1621 1816 1758 1864 βροτοῖς
1784 1815 1862 1851 οὔτε
1886 1816 2055 1864 νεκροῖσι)
2086 1815 2182 1862 μέτοι
2213 1823 2241 1846 1²

1320 1962 1565 1999 vera‚vocab=1li
1581 1961 1780 2000 significatio
1798 1961 1833 1992 in
1851 1961 1927 1992 hoc:
1957 1959 2041 2006 πρὸς
2067 1957 2126 1997 οὓς
2145 1957 2204 2003 (pa
2217 1958 2237 2003 f]

1317 2002 1366 2041 ἅδ’
1388 2007 1454 2054 ἐγὼ
1473 2006 1631 2053 μέτοικος
1650 2006 1798 2055 ἔρχομαι
1814 2005 1884 2040 868
1901 2018 1945 2041 m.
1966 2007 2074 2039 sedem
2088 2009 2196 2039 mutat
2218 2004 2221 2008 ’
2239 2014 2241 2017 ’

1388 2074 1582 2113 Μετόπιν
1598 2082 1723 2119 postea.
1752 2076 1784 2111 τί
1802 2072 1830 2111 σ’
1848 2072 1889 2111 ἔτ’
1909 2076 1945 2112 ἐν
1964 2075 2027 2123 βίῳ
2044 2075 2151 2116 τεύξω
2167 2075 2234 2124 τῷ

1317 2136 1372 2158 πιν
1406 2124 1532 2167 τάλας,
1570 2126 1630 2157 Ph.
1655 2122 1743 2157 1189
1758 2136 1802 2157 ιιι.
1847 2126 1940 2157 Libri
1958 2126 2058 2157 multi
2076 2129 2179 2158 metro
2194 2125 2226 2157 l'

1316 2172 1355 2206 τὸ
1375 2172 1527 2218 μετόπιν.
1542 2191 1582 2196 -
1603 2174 1773 2205 Accentus
1787 2177 1850 2214 est,
1868 2173 2000 2214 qualem
2014 2173 2164 2204 adverbii
2175 2181 2195 2204 e
2223 2174 2226 2179 '

1317 2222 1484 2262 positione
1514 2231 1591 2252 cum
1616 2231 1694 2252 casu
1721 2223 1949 2260 coagmentata
1973 2230 2047 2252 esse
2072 2219 2246 2261 oportuit

1317 2270 1452 2308 notarit,
1478 2269 1602 2307 ignoro.
2214 2276 2216 2279 ’

1389 2323 1571 2373 Μετρέω
1598 2329 1741 2358 emetior.
1771 2327 1908 2368 Proprie
1925 2326 2014 2358 dicta
2030 2327 2135 2358 forma
2159 2339 2176 2354 ιι

1318 2375 1425 2414 gitur:
1449 2372 1679 2419 μετρούμενον
1698 2371 1780 2420 ἰ’χνη
1798 2371 1840 2406 τὰ
1857 2373 1971 2407 κείνου
1989 2371 2225 2419 νεοχάρακτώ

1318 2422 1406 2462 quod
1433 2423 1498 2453 etsi
1522 2422 1563 2453 de
1586 2431 1741 2453 mensura
1765 2423 1975 2460 vestiyiorum
2000 2422 2074 2462 ipsa
2101 2429 2167 2452 non
2186 2433 2227 2454 υ,

1318 2473 1430 2500 tamen
1461 2469 1502 2500 ad
1532 2470 1703 2500 oculorum
1734 2469 1879 2500 refertur
1902 2468 2078 2500 iudicium.
2120 2463 2226 2506 Solu

1318 2514 1580 2562 στοχαζόμενον.
1598 2517 1699 2547 Paulo
1710 2517 1814 2555 magis
1825 2516 1965 2555 figurate
1975 2515 2102 2547 dictum
2111 2511 2184 2548 ἴσον

1317 2561 1500 2609 ὀφθαλμόν
1518 2563 1656 2595 Oenom.
1679 2564 1718 2595 fr.
1739 2560 1820 2603 421,
1841 2560 1881 2604 4,
1903 2563 1992 2604 quod
2009 2563 2038 2594 si
2054 2564 2208 2604 corruptu

1317 2616 1380 2652 cst,
1400 2611 1441 2643 de
1460 2612 1557 2642 vultu
1575 2610 1815 2642 considerando
1841 2611 1969 2642 dictum
1986 2610 2130 2642 videtur.
2197 2627 2199 2631 ν

1317 2660 1358 2691 ad
1375 2660 1527 2698 temporis
1553 2659 1827 2698 computationem
1845 2661 1914 2689 est.
1945 2655 2072 2702 μακροὶ
2088 2653 2182 2690 παλα
2258 2685 2261 2691 .

1319 2703 1523 2751 μετρηθεῖεν
1539 2703 1659 2751 χρόνοι
1684 2705 1742 2736 0Ιί
1760 2701 1840 2736 561.
2131 2701 2182 2747 (ΙΙ
2196 2739 2199 2743 ¹
2225 2735 2229 2739 ,

1386 2772 1620 2821 Μετριάζω
1637 2775 1774 2807 modum
1791 2778 1893 2807 teneo.
1916 2772 2074 2821 μετρίαζε
2089 2773 2151 2807 Ph.
2173 2769 2217 2819 1³¹

1317 2825 1358 2856 de
1376 2824 1479 2855 nimio
1496 2832 1642 2855 maerore
1665 2822 1859 2854 minuendo.
2172 2840 2173 2844 =
2195 2838 2214 2862 χ-

1387 2878 1583 2927 Μέτριος
1605 2881 1764 2913 modicus.
1803 2882 1854 2912 De
1880 2880 1973 2912 rebus
1997 2877 2180 2920 expetendis
2205 2878 2220 2917 gf
2287 2883 2288 2886 ’

1316 2931 1376 2963 τοῦ
1395 2927 1540 2966 πλέονος
1570 2926 1695 2973 μέρους
1716 2921 1856 2975 χρῄζει,
1888 2929 1949 2960 τοῦ
1976 2924 2112 2972 μετρίου
2131 2936 2192 2960 πα
2287 2927 2288 2933 ’

1320 2974 1411 3009 1212
1428 2978 1479 3009 ch.
1495 3002 1503 3017 ‚
1535 2977 1708 3008 sententia
1730 2977 1901 3007 veteribus
1926 2974 2166 3015 acceptissima.
2197 2976 2213 3000 J

1317 3024 1420 3057 renda
1437 3023 1643 3064 aeqritudine
1655 3034 1664 3052 .·
1691 3020 1766 3055 ἀλλ’
1784 3021 1851 3056 ἀπὸ
1867 3026 1935 3055 τῶν
1955 3019 2100 3067 μετρίων
2118 3015 2169 3054 ἐπ’
2180 3036 2195 3051 „-
2215 3015 2221 3025 ⁴
2281 3029 2285 3066 ,ἑ

1316 3083 1375 3105 νον
1401 3068 1505 3117 ἄλγος
1530 3068 1583 3103 ἀεὶ
1607 3068 1822 3116 στενάχοιυσα
1846 3067 2020 3102 διόλλυσαι
2045 3069 2096 3099 El.
2120 3063 2226 3103 140,
2282 3069 2285 3090 2'

1319 3123 1411 3151 ctum
1427 3118 1615 3150 seeundum
1633 3127 1781 3149 sensum.
1811 3118 1863 3148 De
1889 3116 2053 3148 Laboribus
2069 3117 2104 3146 et
2143 3128 2151 3143 ι
2176 3133 2181 3141 ι

1318 3166 1346 3200 ὦ
1373 3163 1520 3198 δύστανα
1545 3162 1628 3210 γένη
1655 3163 1802 3210 βροτῶν,
1841 3161 1893 3200 οἷς
1920 3162 1968 3207 μὴ
1996 3160 2131 3208 μέτριος
2160 3177 2166 3189 a
2264 3199 2266 3201 ,

1320 3209 1385 3245 179
1405 3213 1456 3244 ch.
1477 3214 1547 3244 vita
1563 3213 1659 3243 malis
1675 3210 1811 3242 modum
1827 3209 1982 3242 eaecedens
1993 3221 2003 3240 :
2030 3208 2206 3244 usitatim.

1318 3260 1433 3291 nimiis
1461 3260 1561 3291 rebus
1578 3259 1746 3290 secundis.
1777 3258 1828 3289 Cf.
1850 3258 2021 3297 Wyttenb.
2043 3257 2083 3288 ad
2099 3255 2208 3299 Pluta,

1319 3317 1390 3340 san.
1412 3306 1529 3339 tuend.
1551 3315 1584 3347 p.
1609 3302 1674 3337 132
1692 3306 1732 3337 A.
2194 3303 2202 3321 ⁵

1386 3361 1504 3424 Μέτρ
1516 3376 1573 3398 ον.
1602 3365 1739 3405 ProprIe
1756 3373 1930 3395 mensura:
1949 3356 2176 3417 ecprzsspe-dpffl'
2211 3409 2213 3412 ι

1317 3412 1451 3463 μέτρων
1469 3410 1648 3461 ευρήματα
1662 3412 1781 3460 Ναυρί.
1800 3412 1840 3443 fr.
1859 3407 1939 3452 379,
1952 3407 1984 3443 2.
2006 3409 2134 3455 ἐφηυρε
2150 3403 2181 3439 δ
2199 3420 2212 3447 '.'

2204 3328 2213 3339 -.,

2203 3340 2220 3358 ὦ.
