2288 3600
292 143 392 192 574

288 271 322 302 p.
346 256 415 291 342
432 261 464 291 b.
502 258 615 293 οὐκέτι
642 257 795 305 φοβητὸς
819 257 902 304 ὑμῖν
931 257 1021 292 1154
1045 271 1089 292 m.
1149 259 1305 306 ἀγγελῶν

289 306 336 343 ὡς
356 301 474 340 οὐκέτ’
492 304 572 340 ὄντα
590 304 748 352 Πόλυβον
766 308 824 339 OR
841 304 920 339 956.
974 305 1020 340 ὅτ’
1038 305 1149 341 οὐκέτ’
1166 305 1236 352 εἰμί
1249 308 1304 340 OC

290 350 370 386 393.
423 352 563 387 κούκέτ’
583 348 648 386 ἔστ’
674 353 877 412 ἀποστροφή
908 352 1012 387 1473.
1055 353 1166 402 ἴσχειν
1193 349 1220 388 δ’
1246 352 1305 388 ού-

288 399 361 433 κέτι
379 399 491 447 πηγὰς
517 398 664 445 δύναμαι
689 399 847 447 ὃακρυων
872 403 953 434 Ant.
982 399 1052 433 802
1076 412 1129 433 an.
1191 399 1306 435 οὐκέτι

291 459 350 492 μοι
375 447 453 481 τόδε
480 446 660 492 λαμπάδος
688 447 775 494 ἱερὸν
804 446 901 493 ὄμμα
925 446 1025 494 θέμις
1051 447 1134 494 ὁρᾶν
1158 446 1227 481 877
1256 459 1301 480 m.

288 495 372 526 Nam
390 492 490 539 θέμις
507 496 672 536 prohibet,
696 497 876 537 quominus
903 494 1014 536 ἔσται,
1043 506 1110 528 non
1131 493 1200 529 ἐστί
1226 497 1306 527 sub-

287 543 455 574 audiatur.
499 540 639 575 κούκέτι
659 541 776 587 μέλλω
803 540 870 574 939
887 553 941 574 an.
985 542 1093 589 κόρην
1111 542 1186 589 γάρ,
1209 540 1304 587 οἶμαι

288 583 316 621 δ’
343 583 465 630 οὐκέτ’,
494 584 569 622 ἀλλ’
594 588 800 635 ἐζευγμένην
826 588 1112 648 παρεισδέὸεγμαι
1142 591 1196 622 Tr.
1221 587 1300 622 536.

289 631 345 669 ὅτ’
364 630 483 669 οὐκέτ’
501 634 600 683 ἀρκεῖ
617 635 697 668 711.
744 635 868 683 φέγγος
887 631 1006 669 οὐκέτ’
1033 648 1100 670 εστι
1119 648 1178 681 μοι
1198 634 1300 668 1144.

286 682 403 729 πατὴρ
428 681 492 729 γὰρ
519 678 630 717 οὐκέτ’
656 682 725 717 ἔστι
750 694 802 717 σοι
830 681 932 716 1146.
993 683 1072 729 ἐμοὶ
1096 682 1160 730 γὰρ
1187 678 1305 717 οὐκέτ’

288 728 377 763 ἐστὶν
395 729 443 767 εἰς
462 729 512 764 ὅτι
530 729 647 775 βλέπω
666 732 719 762 Ai.
742 728 821 762 514.
874 729 988 763 οὐκέτι
1012 730 1211 777 συντρόφοις
1244 730 1305 776 ὀρ-

288 779 366 822 γαῖς
385 775 555 822 ἔμπεδος,
581 772 656 811 ἀλλ’
682 776 780 815 ἐκτὸς
798 775 914 823 ὁμιλεῖ
939 775 1006 809 639
1032 779 1082 810 ch.
1128 777 1217 815 Αἴας
1241 777 1305 824 γὰρ

287 822 405 862 αὐτοῖς
424 819 534 858 οὐκέτ’
560 823 649 858 ἐστίν
667 821 747 857 972.
800 823 921 870 ἀνδρὸς
940 820 1058 858 οὐκέτ’
1083 823 1180 863 ὄντος
1200 823 1301 858 1257.

287 869 327 904 ού
347 870 574 917 μνημονεύεις
593 867 711 905 ούκέτἸ
730 870 828 905 οὐδέν
850 870 949 904 1273.
995 870 1027 905 ἵν
1054 868 1165 907 οὐκέτ’
1193 872 1305 906 ὀκνεῖν

286 917 406 964 καιρός
431 920 484 950 El.
511 916 568 950 22.
623 916 715 965 ἄγειν
740 917 854 952 οὐκέτι
880 923 983 952 σωκῶ
1013 917 1124 967 ἄχθος
1153 918 1218 952 119
1247 931 1301 951 an.

287 960 443 1011 φροντίδ’
468 959 580 998 οὐκέτ’
598 964 720 1010 εἰσορῶ
738 963 818 998 611.
862 961 954 1010 ἡνίκ’
971 961 1086 1000 οὐκέτΊ
1114 966 1202 1000 ἐστίν
1221 965 1300 998 954.

286 1010 397 1047 οὐκέτ’
416 1011 584 1052 ἐξισοῦται
604 1011 687 1044 1071
703 1014 754 1044 ch.
782 1016 920 1060 κρατεῖν
938 1012 1001 1060 γὰρ
1019 1013 1133 1048 οὐκέτι
1147 1013 1305 1060 γλώσσης

286 1058 397 1094 σθένω
411 1058 510 1092 1175.
539 1054 934 1105 κούκέτ’άμμένει1397
945 1062 996 1092 cli.
1018 1062 1094 1093 Huc
1108 1063 1203 1102 adde,
1217 1063 1304 1103 quod

286 1109 384 1139 choro
401 1108 442 1139 de
452 1109 563 1139 Aiacis
573 1109 705 1138 insania
714 1110 871 1148 querenti
881 1107 938 1141 τὸν
960 1104 1021 1141 αἶσ’
1043 1106 1196 1146 ἄπλατος
1214 1107 1304 1154 ἰ’σχει

285 1155 467 1196 respondet
476 1155 654 1186 Tecmessa
671 1153 847 1187 οὐκέτιΑἰ.
865 1152 935 1187 257
944 1165 997 1189 an.
1026 1154 1131 1200 θυμῷ
1143 1152 1167 1188 δ’
1189 1154 1304 1189 οὐκέτι

284 1201 414 1259 φαιδροὶ
430 1199 566 1248 χορεύει
581 1199 729 1249 τάρβους
744 1200 901 1248 θυγατήρ
911 1205 995 1234 coni.
1010 1204 1157 1234 Brunck.
1174 1205 1214 1235 fr.
1233 1205 1299 1234 inc.

291 1246 366 1290 104,
384 1247 436 1290 1.;
459 1259 512 1289 ap.
534 1249 659 1281 Athen.
684 1247 738 1280 15.
760 1259 793 1290 p.
816 1246 896 1289 688,
918 1261 946 1281 a.
976 1251 1101 1289 legitur
1119 1248 1158 1283 ού
1175 1261 1224 1291 τι,
1247 1247 1302 1294 [οὔ

283 1307 335 1333 τις
352 1296 511 1337 epitome]
534 1306 614 1327 sane
632 1297 752 1327 violato
771 1299 983 1337 anapaestico
1003 1307 1120 1329 versu:
1152 1299 1209 1329 sed
1228 1299 1304 1339 quis

284 1353 423 1386 sponsor
441 1347 553 1375 exstat
567 1369 574 1383 ,
597 1353 662 1374 non
678 1343 847 1375 excidisse
865 1345 1017 1385 aliquid?
1036 1363 1077 1368 —
1098 1345 1147 1375 De
1171 1354 1205 1376 re
1224 1346 1304 1375 olim

281 1392 464 1432 praesenti,
502 1400 578 1421 cum
601 1391 702 1432 fiebat
733 1391 830 1421 aliud
863 1391 961 1432 quid,
990 1393 1043 1422 cui
1062 1394 1139 1423 usui
1159 1393 1304 1423 maxime

284 1439 520 1479 imperfectum
539 1439 761 1469 constitutum
779 1442 849 1479 est,
878 1440 930 1469 vel
957 1440 1134 1479 participio
1159 1442 1305 1470 utuntur

286 1486 484 1526 imperfecto
501 1485 651 1516 adhibito
677 1486 895 1516 resolvendo:
925 1483 1026 1532 ἡνὶγ’
1052 1483 1189 1531 ἕσπεροι
1212 1484 1305 1530 λαμ-

286 1535 355 1577 πτῆ
380 1543 414 1569 ες
432 1526 552 1564 οὐκέτ’
570 1525 658 1578 ᾗθον
678 1533 733 1563 Ai.
754 1529 833 1564 286.
895 1527 1059 1577 ὀμνύντες
1085 1531 1222 1577 βλεπεῖν
1248 1532 1304 1566 τὸν

286 1578 350 1613 οὐκ
371 1577 399 1612 τ’
415 1576 496 1612 ὄντα
514 1573 618 1617 ζῶντ’
636 1573 804 1626 Ἀχιλλέα
829 1577 933 1613 πάλιν
958 1581 1017 1611 Ph.
1039 1578 1117 1611 358.
1172 1580 1218 1617 ὡς
1244 1578 1304 1613 οὐ-

284 1621 358 1660 κέτ’
384 1624 482 1663 ὄντος
505 1623 570 1672 γὰρ
592 1624 635 1658 τὰ
666 1624 863 1671 συμβόλαιά
888 1637 948 1659 σου
975 1625 1132 1672 ἐφαίνετο
1149 1624 1229 1660 884.
1261 1646 1302 1650 -

286 1674 338 1705 De
354 1684 389 1705 ‘re
407 1674 546 1705 iamiam
560 1675 764 1713 praeterita:
797 1671 871 1706 ἐπεὶ
893 1700 899 1705 .
923 1700 929 1707 .
954 1700 960 1705 .
984 1672 1144 1720 ἐξῆλθεν,
1182 1669 1303 1707 οὐκέτ’

284 1718 372 1754 εἶδεν
402 1721 455 1752 El.
481 1718 562 1752 778.
610 1718 713 1753 πάλιν
740 1719 825 1767 πρὸς
852 1719 949 1754 οἶκον
975 1716 1094 1754 οὐκέθ’
1126 1720 1220 1754 ἵκετο
1247 1722 1305 1754 OR

288 1765 366 1800 115.
404 1786 450 1791 -
483 1767 534 1798 De
558 1777 593 1798 re
618 1767 755 1808 futura,
785 1769 839 1799 cni
864 1769 1062 1800 indicandae
1096 1779 1161 1800 non
1198 1770 1304 1800 solum

286 1818 398 1847 tamen
426 1816 580 1846 futurum
615 1819 749 1856 teinpus
776 1817 1022 1847 constitutum:
1054 1814 1117 1861 ὅρα
1149 1814 1207 1856 σύ,
1254 1814 1304 1860 μὴ

288 1888 294 1895 .
319 1887 326 1894 .
352 1888 358 1894 .
377 1856 446 1894 τότ’
465 1855 582 1894 οὐκέθ’
599 1859 700 1898 αὑτὸς
723 1864 796 1899 τοῖς
814 1859 928 1908 λόγοις
944 1861 1077 1900 τούτοις
1103 1862 1213 1910 φανῇς
1239 1863 1300 1894 Ph.

287 1906 367 1941 521.
414 1903 475 1954 ἔμ’
493 1906 562 1942 ὧδέ
580 1918 632 1941 σοι
650 1906 764 1941 οὐκέτι
788 1908 1005 1968 χρησόμενον
1029 1909 1068 1942 τὸ
1096 1908 1303 1955 μεθύστερον

288 1953 380 1988 1133
404 1966 448 1988 m.
495 1954 589 2002 φυγᾷ
611 1956 645 2000 μ’
665 1950 782 1989 οὐκέτ’
806 1951 875 1990 απ’
901 1954 1029 1990 αύλίων
1057 1955 1184 1990 πελᾶτε
1214 1954 1303 1988 1149

287 2013 333 2035 m.
357 2014 387 2034 v.
409 2003 524 2035 Herm.
564 2001 679 2035 ούκέτι
695 2002 753 2036 τὸν
771 2001 914 2038 ἄθικτον
931 2002 1002 2047 εἶμι
1018 2005 1080 2050 γᾶς
1111 2002 1162 2037 ἐπ’
1187 2003 1305 2050 ὀμφα-

286 2047 348 2083 λόν
375 2050 434 2082 ΟΒ
458 2047 526 2081 897
553 2050 604 2082 ch.
659 2048 757 2083 τάνδ’
780 2049 838 2097 ἄρ’
864 2049 979 2084 οὐκέτι
1002 2050 1099 2095 νέμω
1126 2049 1224 2084 πόλιν
1250 2051 1305 2083 OC

291 2093 360 2129 879
386 2097 438 2128 ch.
470 2107 540 2128 non
563 2097 729 2128 videbitur
746 2100 912 2140 amplius3
933 2099 961 2129 si
978 2102 1073 2142 νεμῶ
1090 2100 1301 2139 praetuleris,

288 2145 377 2176 idem
391 2153 511 2176 sensus
529 2145 606 2185 erit,
634 2145 733 2185 paulo
758 2146 900 2178 debilior
925 2147 1107 2178 sententia.
1167 2144 1307 2178 κούκέτι

289 2190 353 2237 τὴν
372 2188 582 2236 δυσπόνητον
601 2188 690 2231 ἕξετ’
706 2189 799 2237 ἀμφ’
816 2190 894 2238 ἐμοὶ
910 2191 1042 2238 τροφήν
1054 2190 1154 2225 1613.
1192 2191 1306 2226 οὐκέτι

289 2238 336 2284 μ’,
357 2237 421 2272 οὐκ
438 2236 491 2271 ἔτ’
508 2236 666 2283 ἀμπνοὰς
685 2236 810 2285 ἔχοντα
828 2241 883 2270 Ai.
904 2237 972 2271 415
989 2250 1034 2271 m.
1071 2250 1116 2271 sc.
1128 2237 1302 2279 καθέξετε.

289 2284 406 2319 οὐκέτ’
437 2283 544 2330 ἄνδρα
579 2283 629 2330 μὴ
653 2284 750 2320 τόνδ’
775 2284 873 2331 ἴδητε
904 2283 972 2318 421
1006 2296 1050 2317 111.
1086 2305 1132 2310 --
1165 2287 1306 2327 Aliquid

290 2333 431 2366 tralatae
449 2334 497 2364 sic
513 2333 603 2365 inest
619 2334 870 2376 siynificatz'onis
881 2360 888 2374 ,
922 2343 997 2365 cum
1025 2343 1090 2365 non
1107 2335 1148 2365 de
1165 2338 1306 2373 tempore

291 2380 504 2420 potissimum
524 2381 664 2412 actionis
682 2382 839 2420 alicuius,
860 2381 918 2412 sed
936 2382 976 2412 de
993 2382 1120 2412 ratione
1146 2385 1176 2413 et
1193 2381 1305 2412 habitu

290 2427 425 2459 dieitur.
471 2428 532 2460 σοῦ
549 2425 614 2472 γὰρ
632 2424 789 2472 λέγοντος
808 2425 918 2461 οὐκέτ’
936 2424 976 2460 ἂν
996 2424 1142 2472 μάθοιμ’
1160 2426 1228 2474 ἐγώ
1246 2429 1300 2459 Ai.

291 2471 392 2506 1262.
444 2474 517 2505 Non
542 2475 635 2506 enim
659 2475 726 2506 iam
744 2475 930 2516 quidquam
955 2475 1135 2516 didicerat,
1165 2484 1304 2516 pergere

287 2524 327 2552 ut
343 2521 391 2552 ita
406 2522 514 2564 possit
531 2522 599 2552 iam
614 2530 684 2553 nom
700 2523 840 2554 audiam
858 2523 1004 2562 amplius
1014 2533 1024 2561 ,·
1059 2523 1119 2554 sed
1144 2523 1199 2553 hic
1224 2531 1302 2554 sen-

289 2577 347 2599 sus
366 2565 436 2599 est:
457 2569 593 2600 minime
610 2569 746 2608 impetro
764 2580 784 2600 a
807 2579 869 2609 me,
901 2573 931 2601 te
947 2573 985 2600 ut
1008 2569 1156 2601 audiam.
1201 2570 1303 2601 Paulo

289 2616 388 2647 aliter
405 2615 531 2647 dictum
547 2614 679 2660 χῶπως
696 2613 759 2660 μὲν
778 2614 817 2648 ἐκ
841 2614 947 2649 τῶνδ’
970 2613 1082 2649 οὐκέτ’
1106 2614 1168 2649 οἷδ’
1194 2614 1302 2649 ἀπόλ-

288 2659 387 2695 λυται
419 2662 477 2694 OR
507 2659 633 2703 1251.,
669 2663 757 2703 quod
782 2664 846 2694 etsi
871 2674 889 2694 a
915 2672 949 2694 re
983 2663 1105 2694 deinde
1139 2667 1304 2703 sequente

290 2709 510 2749 significanda
527 2709 717 2751 deflexum,
745 2719 814 2742 non
842 2711 1003 2751 amplim,
1026 2711 1093 2742 iam
1108 2720 1189 2750 non,
1210 2713 1304 2750 post-

290 2755 349 2788 hac
365 2765 434 2794 mm
450 2757 666 2797 interpretari
683 2765 747 2788 non
766 2757 858 2789 licet.
888 2758 1035 2788 Rursum
1052 2757 1144 2788 aliud
1162 2761 1213 2788 est
1231 2755 1305 2790 ἐπεὶ

289 2800 320 2834 δ’
334 2796 494 2849 ἁμάρτῃ,
535 2805 648 2840 κεῖνος
686 2801 802 2837 οὐκέτ’
819 2801 892 2837 ἔστ’
929 2801 1016 2849 ἀνὴρ
1045 2801 1195 2849 ἄβουλος
1227 2801 1306 2836 οὔτ’

289 2846 457 2894 ἄνολβος,
486 2848 576 2887 ὅστις
605 2847 640 2887 ἐς
663 2848 770 2883 κακὸν
787 2850 900 2884 πεσὼν
917 2849 1052 2884 ἀκεῖται
1084 2851 1167 2883 Ant.
1200 2847 1302 2883 1025.

291 2897 368 2928 Iam
383 2906 453 2928 non
469 2897 559 2929 dicas
577 2897 710 2937 Latine,
730 2907 847 2930 verum
868 2907 936 2929 non
963 2898 1004 2928 de
1021 2900 1171 2938 tempore
1188 2899 1246 2929 sed
1264 2898 1305 2929 de

291 2945 401 2976 animo
418 2947 545 2975 mutato
562 2944 836 2984 intelligendum.
858 2962 899 2968 —
921 2942 1001 2977 οὐκ
1019 2942 1084 2978 ἔτι
1107 2945 1182 2976 aliis
1198 2946 1306 2976 inter-

291 2991 412 3032 positis
430 2991 596 3032 dirempta
612 2991 803 3032 quaerenda
818 2992 855 3023 in
874 2989 934 3025 ἔτι.

1012 3036 1062 3081 (ΙΙ
1079 3048 1113 3079 p.
1129 3035 1210 3079 432,
1233 3035 1309 3082 11.)

362 3080 535 3118 Οὔκουν
548 3087 584 3116 et
600 3081 775 3118 οὐκοῦν.
811 3081 869 3128 [cf.
899 3085 939 3117 L.
967 3085 1209 3125 Breitenbach,
1246 3086 1302 3116 iib.

291 3130 324 3162 d.
347 3131 517 3163 Partikeln
546 3129 670 3164 οὐκοῦν
702 3132 773 3163 und
797 3128 923 3165 οὔκουν
947 3132 982 3162 in
1009 3132 1110 3163 ZAW
1130 3128 1231 3163 1841.
1267 3142 1301 3173 p.

292 3174 508 3222 105—120]
543 3174 678 3212 Οὔκουν
694 3182 748 3210 est
779 3178 794 3220 ΙΙ
809 3179 973 3220 particula
997 3178 1120 3218 fortius
1143 3178 1302 3219 neytmdi,

290 3225 339 3256 ita
361 3225 499 3266 quidem
532 3229 571 3256 ut
595 3234 664 3256 nna
696 3227 894 3258 sententiam
926 3235 1000 3257 cum
1029 3225 1196 3265 prioribus
1228 3235 1306 3256 con-

290 3281 410 3304 neaeam
426 3272 563 3304 indicet.
609 3272 698 3303 Haec
715 3273 892 3312 colligendi
911 3272 1112 3312 significatio
1139 3280 1210 3304 raro
1234 3281 1306 3303 ma-

292 3319 418 3351 nifesta
441 3322 599 3360 apparet,
626 3322 666 3350 ut
691 3319 747 3351 vix
781 3329 930 3361 unquam
962 3319 1196 3359 interpreteris
1228 3328 1304 3358 erqo

291 3374 372 3406 non,
391 3374 462 3397 non
478 3367 593 3406 ἐρίων,
613 3366 670 3397 sed
689 3366 737 3397 sic
753 3367 846 3398 fere:
879 3375 948 3398 non
967 3365 1117 3407 quidem,
1153 3368 1192 3397 ut
1214 3375 1304 3397 nune

291 3415 356 3452 est,
375 3421 444 3444 non
460 3421 548 3453 acme,
578 3415 739 3452 quantum
756 3412 886 3453 quidem
903 3415 1053 3453 expertus
1070 3412 1182 3444 didici.
1219 3409 1304 3445 οῦκ-

1198 140 1373 193 Οὔκουν

2079 6 2081 10 ·
2111 0 2122 3 ”
2174 0 2288 89 jar-³203

2009 155 2056 203 [m
2073 167 2108 200 p.
2128 127 2288 198 431-45

1342 272 1400 294 ουν
1434 258 1603 306 Ἀτρεῖδαι
1627 262 1716 295 τοῦτ’
1741 260 1886 307 ἔτλησαν
1903 260 2058 310 εὐφόρως
2075 261 2184 302 οὕτως
2201 262 2288 311 &ven

1340 308 1401 340 Ph.
1429 305 1510 340 872.
1555 306 1679 342 οὔκουν
1706 307 1741 342 ἐν
1767 307 1820 347 οἷς
1837 321 1875 356 γε
1898 309 1978 355 δρᾶς
1995 309 2057 353 (sc.
2077 308 2217 358 αἰσγρὸς
2234 308 2288 358 φῶ

1340 352 1420 387 907.
1466 352 1590 389 ούκουν
1611 354 1718 402 ἔγωγε
1739 353 1839 389 1389.
1893 355 2019 391 οὔκουν
2042 356 2129 402 ἐμοῦ
2146 350 2181 405 γ’
2204 355 2288 393 ἑστᾶ

1341 400 1495 447 οὐδαμοῦ
1512 400 1621 440 πέλας
1638 401 1849 447 (ἐμνήσατο)
1865 405 1924 436 OR
1939 402 2020 437 565.
2080 402 2205 439 οὔκουν
2222 414 2288 439 πατ

1340 449 1376 494 γ’
1395 446 1435 482 ἂν
1454 448 1576 494 φονεὺς
1594 448 1705 495 ἦλθον
1726 447 1815 482 1357
1834 461 1878 483 m.
1930 449 2056 485 οὔκουν
2072 450 2161 497 πέρα
2177 451 2216 499 γ’
2233 448 2288 497 ἂνξ·

1341 495 1397 528 δὲν
1413 493 1437 540 ἢ
1455 494 1548 542 λόγῳ
1568 495 1685 542 φέροις
1703 498 1758 529 OC
1777 494 1856 529 651.
1916 495 2042 532 οὔκουν
2066 497 2145 532 πότ’
2162 496 2204 532 ἐκ
2219 496 2288 532 ‘tobi

1339 554 1376 589 γε
1396 543 1445 589 μὴ
1465 542 1651 589 σκήπτροιν
1671 543 1719 577 ἔτι
1737 542 1976 590 ὁδοιπορήσεις
2002 543 2081 578 848.
2125 543 2288 579 οὔκουν·.1

1341 587 1421 623 οὔθ’
1439 588 1567 631 εἷλκον,
1590 588 1666 624 οὔτ’
1684 588 1724 624 ἂν
1741 589 1827 636 ἦγον
1845 589 1925 624 924.
1986 590 2111 626 οὔκουν
2128 591 2165 626 τό
2190 592 2226 639 γ’
2252 591 2270 626 ἔ
2286 588 2288 592 ’

1340 639 1440 670 τοῦτο
1467 636 1614 682 ποιήσας
1637 637 1720 671 ποτέ
1737 637 1842 683 (εἰμί)
1861 640 1940 671 Ant.
1959 636 2040 672 321.
2093 637 2218 673 οὔκουν
2242 651 2280 683 π,

1340 695 1377 730 γε
1413 687 1477 730 σῆς
1509 682 1721 718 ἀπεστάτουν
1751 685 1872 731 φρενός
1902 683 1982 719 993.
2034 684 2159 720 οὔκουν
2191 683 2288 732 Ὀρέᾱ

1340 730 1399 764 καὶ
1424 731 1462 764 σὺ
1489 730 1656 766 παύσετον
1682 731 1763 766 τάδε
1788 734 1841 764 El.
1871 730 1951 765 795.
1980 751 2021 757 -
2048 734 2063 776 11
2080 734 2247 766 Particula
2276 741 2288 767 ε

1340 780 1594 811 ratiocinatione
1610 789 1649 810 ex
1661 780 1824 820 prioribus
1848 781 1942 820 facta
1967 781 2210 822 interroyandi,
2237 779 2288 813 ue

1342 827 1478 857 firmans
1496 835 1693 866 responsum
1712 829 1759 858 rei
1778 831 2039 860 consentaneum
2058 829 2122 868 sit,
2151 832 2185 860 et
2202 834 2288 869 spen

1342 883 1404 904 nec
1420 883 1480 914 pro
1494 878 1582 905 certo
1597 879 1706 905 tamen
1722 879 1916 916 exspectare
1925 876 2079 907 videaris.
2110 876 2231 907 Latine
2243 876 2288 909 nd

1343 922 1446 959 iyz'tur
1464 921 1625 961 vertitur,
1659 922 1746 962 quod
1770 926 1903 962 tamen,
1932 932 2007 954 cum
2031 919 2084 968 ἆρ’
2108 919 2148 955 οὔ
2175 924 2288 964 potin

1343 968 1470 1007 reddas,
1493 977 1558 998 non
1577 969 1704 1008 optime
1722 969 1760 1000 ad
1780 979 1917 1001 sensum
1935 971 2104 1001 convenit.
2134 966 2288 1010 οὔκουνῆ

1343 1014 1370 1047 ὦ
1389 1016 1463 1055 παῖ,
1487 1012 1603 1047 δεινά.
1629 1039 1635 1045 .
1660 1026 1688 1055 .;
1731 1016 1790 1047 Ph.
1829 1013 1908 1047 624.
1962 1015 2098 1058 Sperat,
2137 1014 2288 1057 Neoptou

1343 1071 1475 1102 quoque
1491 1063 1568 1092 talia
1587 1063 1695 1093 visum
1716 1064 1766 1093 iri.
1804 1060 1929 1096 οὔκουν
1949 1061 2056 1096 ἔνεστι
2072 1062 2130 1096 καὶ
2141 1059 2288 1109 μεταγνᾶ

1340 1106 1462 1150 πάλ1ν;
1501 1106 1601 1140 1270.
1653 1119 1746 1149 spero
1769 1111 1903 1141 concedi
1922 1112 2168 1151 poenitentiam.
2227 1106 2288 1149 obi

1341 1156 1374 1201 μ’
1388 1154 1509 1195 ἐάσεις,
1531 1153 1658 1193 κάκτὸς
1676 1154 1724 1197 εἷς
1747 1157 1805 1189 OR
1823 1155 1902 1189 676.
1947 1155 2074 1191 οὔκουν
2091 1157 2161 1204 ἐγώ
2178 1167 2232 1190 σοι
2245 1153 2288 1195 τά

1339 1200 1528 1282 προύλεγον
1546 1201 1670 1244 πάλαι,
1692 1197 1772 1236 973.
1817 1202 1942 1238 οὔκουν
1958 1216 2008 1242 τις
2029 1230 2035 1237 .
2060 1231 2066 1236 .
2091 1230 2097 1236 .
2127 1203 2231 1237 πάντ’
2245 1202 2288 1240 ἀί

1339 1248 1438 1282 κάσει
1497 1249 1561 1282 εὼν
1590 1277 1596 1283 .
1621 1276 1627 1282 .
1652 1276 1658 1282 .
1712 1249 1866 1284 σπεύδειν
1892 1252 1948 1284 OG
1973 1249 2052 1284 897.
2106 1249 2231 1285 οὔκουν

1341 1295 1424 1330 ποτέ
1444 1322 1451 1328 .
1477 1323 1483 1329 .
1508 1308 1540 1337 .;
1579 1299 1660 1329 Ant.
1681 1295 1762 1330 244.
1814 1296 1940 1332 οὔκουν
1967 1297 2115 1344 ὅμαιμος
2140 1298 2194 1345 χώ
2226 1310 2249 1332 κ

1339 1343 1410 1377 τίον
1427 1342 1562 1385 θανών;
1585 1342 1663 1377 512.
1718 1343 1842 1379 οὔκουν
1860 1344 1971 1383 ἐάσεις
1987 1343 2091 1380 θῦσαί
2115 1357 2158 1392 με
2187 1347 2257 1380 El..

1341 1388 1465 1424 ούκουν
1485 1417 1492 1423 .
1517 1416 1524 1422 .
1549 1418 1555 1424 .
1585 1390 1733 1438 ἔφασκες
1750 1390 1903 1438 Εὐρύτου
1923 1391 2052 1438 σπορὰν
2069 1391 2178 1439 ἄγειν,
2200 1393 2255 1425 Tr.
2278 1433 2280 1436 ,

1341 1435 1466 1471 οὔκουν
1494 1437 1603 1484 γέλως
1625 1436 1764 1483 ἥδιστος
1789 1439 1837 1477 εἰς
1862 1438 2012 1486 ἐχθροὺς
2034 1438 2158 1486 γελᾶν,
2200 1441 2256 1472 Αἰ.
2278 1431 2288 1475 1

1341 1482 1466 1518 οὔκουν
1483 1483 1523 1518 ἂν
1542 1484 1669 1523 εἴποις.
1695 1512 1700 1517 .
1726 1512 1732 1518 .
1748 1500 1754 1528 ;
1779 1484 1880 1519 1051.
1897 1481 1904 1486 “
1934 1490 1984 1519 De
2002 1489 2168 1529 scriptura
2183 1488 2239 1519 Αἱ.
2262 1479 2288 1529 fl

1344 1534 1399 1564 ubi
1417 1534 1588 1572 legebatur
1605 1538 1640 1564 et
1657 1543 1757 1565 sensu
1777 1537 1890 1566 minus
1907 1540 2024 1576 aptum
2041 1540 2076 1566 et
2091 1538 2230 1576 propter

1342 1581 1375 1611 in
1395 1581 1507 1611 media
1524 1582 1694 1612 sententia
1711 1585 1905 1622 suspectum
1924 1579 2049 1615 ούκουν
2075 1583 2135 1613 LA
2152 1592 2172 1613 a
2195 1591 2240 1613 m.
2277 1617 2279 1620 .

1342 1628 1399 1658 sed
1424 1637 1468 1659 m.
1502 1637 1553 1668 pr.
1581 1626 1644 1660 οὐκ
1667 1625 1707 1660 ἂν
1729 1639 1760 1659 v.
1783 1638 1809 1660 S.
1837 1627 2004 1673 ἀτιμάζω,
2042 1627 2260 1673 ἀντατιμάζω
2278 1643 2280 1646 ’

1344 1676 1435 1706 Libri
1452 1684 1564 1705 vocem
1582 1679 1725 1715 utroque
1745 1677 1935 1715 significatu
1963 1673 2017 1723 ὑφ’
2041 1673 2076 1709 ἕν
2100 1677 2256 1716 scriptam

1340 1725 1503 1762 perpetuo
1521 1722 1696 1762 exhibent,
1730 1727 1872 1754 accentu
1889 1724 2067 1764 aliquoties
2094 1724 2230 1764 vitioso3
2270 1736 2278 1745 >¹

1342 1767 1468 1801 οὐκοῦν
1485 1769 1510 1799 F
1513 1770 1571 1800 lor.
1593 1766 1631 1802 Θ.
1653 1771 1687 1800 in
1706 1771 1761 1801 Ai.
1778 1766 1835 1803 79.
1887 1771 1936 1802 Ea
1957 1772 2027 1802 toni
2046 1770 2226 1802 collocandi
2243 1770 2278 1802 i'

1342 1816 1452 1847 titudo
1468 1826 1528 1856 per
1545 1825 1659 1847 omnes
1677 1818 1827 1848 omnium
1852 1818 2051 1859 scriptorum
2078 1822 2230 1849 veterum
2262 1832 2270 1839 ⁴-

1342 1864 1530 1903 reperitur:
1567 1874 1598 1894 v.
1629 1864 1744 1895 Stallb.
1773 1865 1811 1895 ad
1844 1865 1928 1896 Plat.
1967 1865 2106 1896 Phaedr.
2133 1875 2168 1906 p.
2203 1861 2281 1896 252·

1344 1912 1496 1941 Rornem.
1517 1911 1555 1941 ad
1575 1911 1663 1942 Xen.
1686 1911 1863 1943 Memorab.
1886 1908 1920 1953 2,
1940 1909 1974 1952 2,
1995 1910 2028 1943 3.
2089 1912 2179 1950 Quin
2197 1911 2249 1942 Mo

1342 1959 1469 1998 ubique
1487 1954 1611 1990 οὔκουν
1630 1959 1711 1998 sive,
1734 1959 1820 1999 quod
1840 1959 1982 1990 informe
1999 1963 2186 1990 monstrum
2203 1967 2240 1989 n·
2256 1972 2260 1982 ι

1343 2006 1497 2044 cuiquam
1518 2014 1627 2045 neque
1646 2006 1756 2036 visum
1782 2015 1893 2046 neque
1925 2006 2079 2038 auditum
2102 2002 2276 2044 arbitror,>

1342 2048 1401 2084 οὐν
1419 2052 1632 2083 scribendum
1651 2054 1849 2092 pronuntiat
1872 2053 1912 2084 ad
1936 2054 2018 2085 Eur.
2044 2053 2176 2084 Alcest.
2197 2049 2264 2084 150
2274 2053 2278 2058 ’

1343 2096 1375 2130 3.
1405 2094 1590 2132 θύκοῦν.
1629 2100 1701 2130 Non
1729 2100 1822 2131 video
1839 2110 1971 2131 causam
1989 2099 2199 2131 desciscendi
2221 2110 2242 2131 a

1343 2155 1415 2176 rum
1434 2147 1623 2187 praeceptis
1641 2147 1682 2177 de
1700 2143 1825 2179 οὔκουν
1838 2151 1873 2178 et
1891 2145 2013 2180 οὐκοῦν
2037 2147 2278 2179 discernendis?

1343 2194 1406 2223 tis:
1437 2204 1468 2224 v.
1491 2194 1647 2224 Ammon.
1668 2204 1702 2234 p.
1725 2191 1803 2225 105.
1841 2195 1873 2224 Is
1890 2198 1980 2226 recte
1998 2191 2162 2227 οὔκουν
2179 2191 2269 2227 o’t'ttov

1341 2238 1402 2272 κόν
1420 2240 1557 2283 (vitiose
1576 2242 1673 2280 vulgo
1690 2238 1757 2273 άπο
1787 2239 1921 2274 αντικόν
1945 2242 2074 2281 editur,
2104 2242 2138 2272 id
2164 2240 2258 2282 quod
2275 2245 2277 2247 ’

1342 2288 1458 2318 Valck.
1487 2288 1525 2318 ad
1544 2288 1668 2319 Phoen.
1693 2285 1767 2319 158:
1786 2290 1825 2331 .),
1847 2299 1864 2321 0
1876 2286 2004 2321 ὐκοῦν
2023 2285 2254 2334 συλλογιστικά
2271 2326 2275 2329 ⁵

1342 2338 1411 2374 cat3
1450 2344 1512 2364 nec
1543 2339 1683 2375 pugnat,
1721 2336 1806 2375 quod
1842 2332 1966 2368 οὔκουν
1999 2337 2100 2367 etiam
2125 2337 2273 2371 interro·⁷

1341 2391 1416 2412 cum
1434 2383 1723 2420 argumentatione
1741 2383 1963 2413 constitutum
1977 2386 2040 2422 est,
2052 2384 2176 2424 quippe
2193 2382 2241 2413 sic
2255 2394 2269 2407 ι

1342 2429 1484 2467 negandi
1511 2430 1676 2468 particula
1705 2430 1736 2459 vi
1763 2439 1822 2460 sna
1856 2430 1967 2461 nativa
2000 2430 2150 2470 praedita
2182 2432 2244 2460 est.

1341 2485 1451 2515 nuper
1475 2479 1612 2506 exortus
1630 2477 1747 2507 Elnisl.
1769 2480 1830 2517 est,
1853 2477 1910 2517 qui
1929 2486 2001 2508 eam
2026 2477 2175 2516 regulam
2199 2485 2225 2507 ‹-
2243 2493 2247 2503 =

1341 2522 1539 2553 Graecitatis
1566 2524 1783 2563 scriptoribus
1808 2523 2043 2555 accommodari
2068 2533 2186 2565 posse,
2214 2522 2279 2564 ay?

1341 2570 1422 2600 ticos
1439 2572 1551 2600 autem
1570 2580 1644 2600 cnm
1662 2574 1804 2611 utraque
1821 2571 1984 2610 particula
1997 2580 2090 2602 suam
2104 2571 2173 2601 vim
2190 2579 2218 2601 r·
2256 2568 2258 2573 ’

1341 2626 1474 2656 semper
1490 2614 1555 2648 οὐκ
1573 2614 1633 2649 οὖν
1656 2618 1867 2649 scribendum
1901 2627 1974 2649 esse
2006 2619 2198 2649 affirmaret.
2260 2618 2267 2643 Ξ

1341 2667 1468 2694 temere
1487 2667 1678 2703 sequuntur
1696 2664 1807 2695 Monk.
1837 2665 1859 2696 l.
1881 2675 1909 2697 o.
1930 2668 1964 2696 et
1982 2665 2100 2696 Blomf.
2161 2663 2227 2695 Sed
2256 2687 2275 2706 3

1341 2720 1441 2750 quam
1459 2720 1520 2741 sua
1537 2711 1799 2751 perscripsisse-t,
1820 2713 1950 2751 copiose
1968 2711 2058 2742 hunc
2070 2712 2180 2742 locum
2196 2714 2210 2742 t
2234 2724 2237 2737 ι

1341 2761 1375 2788 et
1393 2758 1550 2788 exhausit
1568 2758 1681 2788 Herm.
1703 2759 1743 2789 ad
1764 2759 1836 2797 Vig.
1859 2768 1892 2788 n.
1914 2755 1993 2789 261.
2014 2768 2047 2798 p.
2068 2755 2137 2789 794
2154 2767 2227 2798 sqq.

1342 2805 1376 2834 in
1403 2805 1568 2844 exemplis
1586 2805 1664 2844 illis,
1687 2815 1772 2845 qnae
1782 2810 1883 2846 recte,
1909 2815 1974 2836 non
1992 2806 2170 2846 depravate
2187 2814 2222 2836 sc
2241 2803 2271 2848 Ὤ,

1342 2849 1466 2883 οὐκοῦν
1483 2855 1682 2890 monstrant,
1703 2853 1890 2890 negationis
1915 2853 1966 2883 vis
1990 2853 2091 2892 plane
2115 2847 2274 2895 quiesi}

1341 2907 1428 2937 eryo,
1458 2899 1559 2937 iyitwr
1575 2902 1657 2929 certe
1675 2899 1862 2937 significare
1880 2899 2051 2938 videatur,
2078 2907 2257 2939 quanqum·
2275 2933 2278 2941 ¹

1342 2945 1473 2984 qnando
1503 2946 1552 2975 vis
1585 2946 1766 2985 particulae
1798 2947 1989 2977 conclusiva
2019 2947 2140 2977 Latine
2179 2944 2248 2981 red
2270 2974 2278 2983 ,,

1341 2995 1451 3031 potest
1468 2992 1614 3032 quidem,
1636 2995 1676 3023 ut
1693 3001 1778 3032 quae
1795 3002 1861 3023 non
1880 2993 1970 3024 aliud
1987 2993 2168 3034 quidquam
2182 3017 2190 3033 ,
2221 2990 2255 3023 ni

1341 3039 1508 3079 prioribus
1532 3047 1654 3069 nexam
1680 3039 1829 3079 pendere
1854 3042 2058 3071 sententiam
2082 3039 2249 3078 indicet‚·

1341 3086 1524 3126 pervelim,
1552 3086 1714 3125 quomodo
1739 3095 1777 3116 ea
1802 3087 1957 3126 exempla
1973 3086 2126 3117 Elmsleii
2146 3094 2204 3117 sen
2229 3096 2265 3112 -ι

1342 3135 1536 3172 sequentes,
1558 3133 1624 3163 nisi
1640 3133 1679 3163 ad
1699 3133 1983 3172 interrrogativam
2002 3133 2191 3164 sententiae
2207 3133 2232 3164 f.
2269 3131 2273 3138 ”

1342 3180 1548 3218 confugiant,
1570 3179 1768 3219 explicaturi
1787 3180 1869 3211 sint.
1922 3181 1966 3210 Et
1993 3189 2035 3210 ne
2059 3189 2098 3211 ea
2115 3179 2267 3219 quidem,

1342 3226 1499 3256 convenit
1516 3227 1680 3257 omnibus.
1734 3226 1869 3258 Scilicet
1895 3227 2046 3258 fraudem
2074 3226 2244 3267 Elmsleio:

1342 3273 1429 3313 quod
1446 3273 1594 3312 regulam
1609 3282 1701 3303 snam
1719 3282 1761 3303 ex
1779 3274 1932 3313 pauculis
1950 3274 2017 3304 illis
2043 3273 2209 3314 exemplis
2237 3284 2242 3298 ·
2275 3306 2278 3308 ,

1341 3320 1376 3350 in
1410 3320 1532 3360 quibus
1557 3316 1620 3351 ούκ
1645 3317 1705 3351 οὖν
1734 3320 1971 3359 interrogative
2003 3320 2130 3351 dictum

1341 3366 1565 3397 dirimendum
1592 3367 1676 3406 suit,
1714 3376 1788 3397 cum
1818 3368 2033 3406 asmmptioni
2059 3364 2263 3410 inferendo&

1340 3413 1457 3453 quoin
1483 3422 1604 3451 genere
1628 3422 1669 3443 ne
1687 3409 1811 3445 οὔκουν
1837 3414 1971 3453 quidem
1998 3413 2098 3453 plane
2123 3413 2239 3445 abiit-,io
2260 3430 2270 3453 ’.-
