2288 3600
247 154 345 202 454
1038 146 1196 213 Μήτις
1223 175 1285 183 -
1313 139 1514 209 Μίασμα
1983 153 2080 200 [up.
2103 147 2214 188 125-

244 264 366 310 Oedipi
383 278 436 300 res
454 267 630 309 splendide
655 268 814 298 auxerat:
841 267 905 311 τῆς
930 261 1085 312 (Τύχης)
1130 262 1173 309 ἀρ
1198 262 1263 298 πέ-

249 328 342 362 φυκα
357 313 486 361 μητρός
503 314 562 347 ΟΒ
582 311 683 346 1082.
721 313 773 346 De
791 314 919 353 oriyine
935 316 967 344 et
982 314 1073 356 fonte
1117 315 1263 343 actorum

247 364 299 396 vel
318 363 552 410 consistorum:
579 359 632 399 οἷς
658 359 722 418 γὰρ
745 358 770 405 ἡ
787 359 910 418 γνιώμη
930 363 1048 393 κακῶν
1067 355 1264 416 μήτηρΙγέ-

245 406 565 504 ἔέἑῖῑὲῗΐτῖὃέι..
586 406 769 497 ὦοὲξῖζέἔ
783 418 904 487 ἷῐῖἒὲέ
917 403 1267 494 ΞῼΞῗῖξεὶῗὲἐυῗὲ

248 516 284 539 σε
302 503 415 545 κάκεῖ,
466 505 545 550 ἄτερ
563 497 681 544 πότνι’,
703 500 915 548 έπηυδώμαν
933 501 995 533 Ph.
1016 497 1095 533 394.
1132 498 1179 547 γᾷ
1197 511 1266 545 μα-

246 551 319 599 τέρι
336 552 391 584 OG
411 549 426 583 1
455 549 499 584 81
527 551 602 583 ch.:
639 560 783 592 quorum
811 549 1044 590 exemplorum
1068 547 1153 580 illud
1171 548 1267 579 deam

249 601 420 633 Tellurem
439 602 590 640 spectat,
611 598 673 630 hoc
689 601 812 629 terram
838 597 1007 636 Atticam,
1044 596 1187 637 patriam
1213 605 1267 627 ca-

247 648 416 680 nentium.
461 645 514 678 Cf.
542 646 667 685 Reisig.
689 654 796 676 enarr.
818 654 851 685 p.
876 640 953 676 180.
978 661 1018 667 —
1038 643 1052 685 ΙΙ
1071 643 1210 674 Formae
1235 644 1268 674 et

248 696 422 735 scriptura.
467 693 605 725 Formae
628 692 797 734 pleniores
817 689 1013 737 μητέρος
1029 717 1036 731 ,
1067 687 1226 736 μητέρι
1251 700 1270 721 a

249 741 409 774 diverbiis
426 741 557 772 alienae
575 743 666 780 sunt,
688 740 725 771 in
744 739 882 771 canticis
900 747 1003 770 rarae.
1049 738 1161 770 Semel
1178 737 1269 768 enim

249 788 292 836 γᾷ
318 785 439 834 ματέρι
463 788 588 828 legitur
604 786 659 819 OC
680 783 767 819 1481
796 786 847 818 ch.
885 789 919 817 et
944 788 1050 817 metro
1079 785 1270 816 dochmiaco

251 837 478 869 necessarium
497 840 532 867 et
548 845 566 866 a
582 833 678 866 libris
697 833 853 866 omnibus
872 832 1062 864 defensum.
1093 833 1182 864 Dein
1201 832 1271 863 Do-

251 884 375 916 rismus
394 881 509 928 μάτη
522 893 558 928 ρ,
582 879 768 927 ματρός,
790 890 874 925 ματ
887 877 925 925 pi
943 890 961 911 a
978 880 1137 911 diverbiis
1154 880 1271 910 abesse

250 933 370 971 debet,
400 934 439 962 ut
455 929 580 961 iniuria
597 929 706 960 Aldus
723 928 869 960 ediderit
896 924 1022 972 ματρός
1047 927 1166 966 Antig.
1187 923 1269 966 467,

251 989 326 1012 cum
360 979 398 1010 in
429 978 525 1009 libris
557 986 619 1018 per
651 975 887 1017 compendium
916 975 1080 1016 scriptum
1107 975 1273 1014 reperiret

252 1037 339 1106 {522⁴
349 1022 998 1114 3..⁶¹5„.‘5¹13'.2.¹3.‘'giiiffffiu‘giffiiaessff.
1009 1021 1205 1109 ῗῗὲξξὶὶ..ῗ’“
1233 1017 1272 1099 {⁵1}

252 1121 391 1178 canticis
408 1122 522 1176 autern
539 1127 707 1159 nusquam
724 1119 795 1149 fere
815 1115 943 1162 μήτερ,
963 1114 1121 1175 μητρός,1
1154 1112 1258 1195 μηξρί

253 1165 906 1259 idgfisssserssffigmissffipffl‘?”6‘2'55331.
916 1174 1000 1242 *331
1006 1174 1030 1251 ,⁷²
1043 1162 1117 1251 2Πῖ
1126 1159 1274 1251 {maffia

252 1263 427 1304 anapaesti
440 1260 611 1303 spondiaci
627 1269 702 1292 esse
720 1260 897 1298 videntur,
927 1258 986 1290 sed
1004 1258 1148 1298 epodum
1166 1256 1275 1289 chori-

253 1320 330 1343 cum
363 1309 531 1342 efficiunt.
583 1305 710 1353 ματρός
742 1307 798 1340 OG
833 1303 912 1338 533.
951 1306 1032 1337 Ant.
1064 1301 1144 1337 865.
1190 1301 1270 1336 980.

253 1356 270 1402 (
273 1357 330 1389 LA
348 1367 417 1390 πατ
439 1353 497 1397 ός,
534 1356 621 1397 quod
639 1355 751 1396 ipsum
777 1363 910 1395 quoque
939 1352 1086 1384 Dorismi
1108 1352 1274 1384 indicium

256 1403 312 1450 [ut
329 1415 361 1437 v.
382 1364 452 1437 86⁹2
477 1399 680 1447 narpffitazD
706 1401 761 1433 Tr.
785 1397 864 1433 529.
895 1401 948 1432 El.
979 1397 1062 1440 122,
1095 1399 1154 1431 ubi
1187 1399 1274 1441 quod

255 1452 348 1486 Suid.
377 1462 410 1483 v.
424 1448 711 1495 ὃύστηνοςΙιαὺθῐ,
732 1446 750 1481 ὃ
764 1445 1064 1493 υστηνοτάτης
1085 1445 1252 1492 μητρός
1264 1471 1272 1486 ,

254 1501 289 1532 in
307 1498 498 1531 innumeris
516 1496 584 1529 illis
602 1497 770 1538 exemplis
788 1499 852 1535 est,
866 1494 1185 1536 quibuslexicorum
1196 1503 1273 1526 con—

254 1548 378 1579 ditores
403 1546 458 1578 vel
482 1545 609 1577 librarii
627 1545 799 1584 vulgarem
824 1544 973 1584 poeticae
1007 1542 1131 1573 formae
1158 1542 1275 1573 subro-

255 1595 439 1636 gaverunt,
464 1589 543 1624 125.
573 1592 648 1624 Ter.
671 1592 711 1623 fr.
733 1588 813 1631 518,
835 1587 864 1622 1.
888 1607 929 1613 -
960 1588 1081 1635 ματέρι
1094 1589 1150 1621 OC
1171 1585 1272 1620 1481.

257 1639 361 1687 ματρί
377 1640 494 1680 Antig.
517 1636 619 1672 1139.
658 1640 765 1684 μᾶτερ
789 1638 844 1669 Ai.
876 1634 954 1669 174.
991 1636 1053 1668 Ph.
1080 1632 1160 1668 392.
1192 1632 1272 1668 394.

256 1690 338 1722 Ant.
369 1684 472 1721 1300.
513 1683 658 1732 ματέρες
682 1686 741 1718 OR
768 1682 852 1725 183,
886 1693 929 1716 ne
956 1694 1024 1716 uno
1049 1683 1186 1724 quidem
1215 1680 1297 1717 us-{
1454 1705 1462 1716 ,
1737 1702 1745 1714 .
1953 1700 1974 1712 ff

256 1743 358 1778 quam
391 1735 475 1767 libro
508 1734 731 1775 discrepante.
781 1731 853 1771 Qua
887 1732 929 1763 de
970 1740 1071 1763 causa
1105 1727 1278 1776 ματέρα
1296 1718 1374 1759 17⁰⁸*
1390 1704 1523 1740 τοιονδε
1542 1714 1813 1752 μηχανορραφθν
1831 1703 1889 1736 OR
1906 1700 1986 1735 38‘·

256 1782 493 1823 scribendum,
526 1781 681 1823 quamvis
705 1783 819 1812 contra
842 1778 1003 1811 librorum
1030 1778 1131 1809 fidem
1158 1787 1278 1810 censeo

256 1831 313 1864 ΟΒ
334 1827 435 1862 1092.
465 1827 615 1873 [scripsit
630 1824 755 1871 Dind.]

330 1892 477 1945 Μήτις
495 1903 530 1932 et
548 1897 598 1944 μή
615 1909 664 1936 τις
683 1909 714 1930 ν.
735 1907 796 1935 τις.

331 1966 478 2016 Μῆτις
496 1970 682 2001 consilium.
711 1966 787 2002 τίνα
813 1965 856 2012 δὴ
886 1969 986 2012 μῆτιν
1017 1964 1164 2012 ἐρέσσων
1195 1966 1277 1998 Ant.

262 2015 327 2050 159
352 2027 408 2050 an.
452 2017 625 2049 Accentus
654 2016 811 2048 flectendi
829 2015 951 2047 rationi
971 2012 1095 2059 μήτιος
1113 2014 1277 2054 congruit.

328 2083 568 2133 Μητρόθεν
593 2097 615 2118 a
639 2090 744 2119 matre
761 2086 856 2126 inde,
892 2095 913 2117 a
937 2086 1055 2118 matris
1078 2088 1185 2125 parte.
1218 2082 1277 2128 [cf.

259 2137 341 2169 Lob.
361 2135 458 2167 Path.
479 2131 521 2176 2,
553 2131 649 2178 246].
698 2132 721 2179 ἦ
750 2129 923 2179 μητρόθεν
951 2129 1136 2177 δυσώνυμοι
1168 2128 1281 2177 λέκτρ’

259 2181 422 2228 ἐπλήσω;
452 2181 508 2215 OC
526 2178 594 2214 527
611 2182 663 2214 ch.
715 2182 893 2213 Dorismus
918 2180 1032 2211 minus
1059 2180 1217 2212 convenit
1240 2179 1280 2210 ad

259 2231 412 2263 sedatum
437 2229 568 2262 curiose
594 2229 831 2270 quaerentium
861 2235 1061 2260 sermonem.
1106 2224 1280 2270 [Genetivi

284 2275 391 2335 ητρὸς
400 2277 492 2309 vices
505 2280 623 2308 tenere
634 2277 708 2307 vult
718 2276 781 2307 Th.
795 2276 916 2315 Bergk.
930 2275 966 2306 in
984 2275 1096 2307 annal.
1109 2274 1276 2306 Fleckeis.

259 2291 318 2367 ξι,
338 2335 372 2367 p.
393 2320 494 2369 369.]
530 2323 582 2356 De
599 2327 677 2355 tono
695 2334 726 2355 v.
748 2323 859 2364 Apoll.
881 2322 921 2354 de
939 2322 1014 2354 adV.
1036 2332 1069 2363 p.
1089 2318 1168 2353 573.

330 2403 578 2453 Μητρόπολ
593 2415 642 2443 ις.
695 2405 802 2445 Magis
836 2404 969 2446 proprie
1014 2404 1139 2435 dicitur
1186 2399 1279 2435 αἶνον

261 2453 336 2503 ἔχω
354 2450 567 2500 ματροπόλει
582 2450 663 2498 τᾷδε
679 2450 861 2497 κράτιστον
885 2451 942 2484 OC
959 2448 1028 2483 707
1042 2451 1094 2483 ch.
1123 2450 1165 2481 de
1195 2454 1282 2481 terra

262 2502 387 2543 Attica,
406 2503 544 2543 propter
558 2499 774 2541 antiquitatis
792 2503 827 2531 et
850 2499 1039 2531 incolentes
1066 2494 1281 2543 αὐτόχθονας

261 2551 406 2582 dictum.
444 2548 511 2581 Sed
527 2543 673 2594 Βακχᾶν
693 2543 908 2592 μητρόπολιν
926 2542 1043 2590 Θήβαν
1077 2545 1159 2577 Ant.
1191 2540 1282 2575 1122

261 2597 312 2629 ch.
333 2598 432 2638 poeta
448 2596 566 2627 urbem
583 2595 685 2634 dixit,
714 2594 751 2625 in
768 2603 836 2636 qua
855 2593 939 2625 deus
966 2592 1170 2624 Baccharum
1187 2601 1283 2632 prae-

262 2644 315 2676 sul
331 2647 431 2676 natus
448 2645 511 2674 est.
545 2642 762 2674 Hermannus
776 2665 784 2681 ,
803 2641 840 2672 in
868 2639 1077 2682 repudianda
1093 2638 1283 2671 adsciscen-

265 2692 349 2724 dave
363 2690 467 2723 etiam
484 2693 598 2722 contra
615 2689 777 2721 librorum
794 2688 895 2720 fidem
912 2697 972 2728 pro
989 2687 1118 2718 ratione
1137 2686 1283 2718 maxime

262 2747 482 2771 numerorum
513 2735 634 2769 Dorica
674 2737 779 2767 forma
813 2735 953 2766 minime
994 2736 1151 2766 constans
1163 2757 1171 2773 ,
1215 2742 1282 2764 non

261 2785 364 2818 audet
380 2785 508 2816 inferre
527 2779 755 2830 ματρόπολιν,
785 2782 872 2823 quod
898 2781 981 2813 mihi
999 2789 1114 2813 omnes
1132 2780 1284 2812 veritatis

263 2841 423 2865 numeros
448 2831 571 2863 habere
595 2830 747 2870 videtur,
778 2829 1013 2871 reperiturque
1034 2826 1156 2859 Aesch.
1186 2827 1279 2858 Pers.

262 2876 332 2912 897
350 2890 381 2911 v.
404 2876 533 2924 μήτηρ,
555 2874 743 2923 μητρόθεν,
765 2875 935 2922 μητρῷος.
986 2873 1036 2919 (ΙΙ
1053 2885 1086 2916 p.
1110 2871 1190 2915 126,
1210 2870 1284 2916 12.)

334 2957 529 3007 Μητρῷο
541 2962 558 2992 ς
573 2962 754 2991 maternus.
778 2950 938 3004 μητρῴαν
957 2954 1105 3003 ἄρουραν
1123 2953 1162 2989 οὗ
1171 2966 1208 2988 τε
1226 2953 1285 2988 καὶ

262 3007 392 3043 τέκνων
417 3008 476 3040 OR
495 3003 598 3039 1256.
642 3004 780 3052 πατρῷα
802 3004 863 3038 καὶ
889 3003 1033 3051 μητρῷα
1057 3001 1204 3049 πήματα
1228 3001 1283 3034 Oc

267 3053 357 3088 1196
390 3055 598 3088 calamitates
632 3057 731 3094 sunt,
768 3053 952 3085 sceleribus
993 3052 1029 3083 in
1069 3055 1164 3092 patre
1197 3050 1285 3082 occi-

265 3103 384 3144 dendo,
422 3105 527 3135 matre
559 3102 596 3133 in
633 3100 884 3133 matrimonium
916 3099 1068 3130 ducenda
1100 3097 1286 3129 commissis

266 3153 464 3183 contractae.
497 3145 601 3194 ὄγκον
640 3146 683 3193 ἀρ
702 3144 819 3184 ἄλλως
836 3143 1006 3191 ὀνόματος
1022 3143 1054 3178 τί
1079 3144 1134 3178 δεῖ
1148 3142 1284 3189 τρέφειν

267 3195 446 3242 μητρῷον,
483 3196 538 3228 Tr.
575 3192 619 3227 81
650 3220 656 3227 .
693 3195 818 3227 schoL:
844 3191 876 3227 τί
907 3190 971 3239 γὰρ
999 3190 1112 3245 ματην
1143 3189 1285 3236 ἐπαιρό-

269 3242 362 3288 μεθα
384 3242 433 3289 τῷ
445 3245 509 3288 τῆς
527 3241 656 3288 μητρὸς
675 3240 838 3285 ὀνόματι;
861 3259 907 3264 --
925 3249 1082 3285 μητρῳον
1106 3236 1206 3283 λῆμα
1227 3238 1280 3270 ΕΙ.
1319 3235 1511 3271 τευσάντων
1528 3235 1659 3293 λάβης,
1684 3233 1784 3268 1012.
1837 3233 2015 3270 παίσαντες
2040 3243 2075 3265 τε
2099 3226 2192 3274 καὶ..Ὶ

271 3288 373 3323 1427.
422 3289 462 3324 ἰὼ
487 3289 640 3337 ματρῷιιι
665 3286 820 3333 λέκτρων
844 3285 922 3321 ἆται
939 3288 1020 3318 Ant.
1042 3282 1112 3318 862
1130 3295 1191 3325 m.,
1226 3285 1285 3317 ubi
1319 3291 1375 3317 τες
1399 3282 1571 3331 αὐτόχειρι
1590 3293 1647 3316 συν
1668 3281 1833 3327 μιάσματι
1859 3283 1939 3313 Ant.
1964 3278 2030 3312 172
2055 3279 2185 3311 nefanv.

270 3338 323 3370 vel
349 3338 469 3370 vitiosa
501 3338 562 3368 LA
602 3337 768 3378 scriptura
800 3337 970 3380 πατρῶιαι
1006 3333 1200 3366 Dorismum
1225 3333 1284 3365 de-

270 3388 435 3416 monstrat
453 3381 507 3428 [ut
524 3384 607 3416 Ant.
628 3380 698 3416 980
720 3380 848 3428 πατρός
870 3390 928 3423 pro
954 3378 1110 3426 ματρός]
1143 3397 1187 3412 -,
1218 3379 1285 3412 Ac-

271 3435 400 3471 centus,
422 3431 529 3473 qualis
546 3431 753 3473 appingitur,
771 3429 979 3461 necessarius
996 3431 1061 3468 est,
1074 3431 1109 3459 et
1125 3427 1287 3459 rationem
1326 3422 1427 3458 1042.
1445 3443 1485 3449 -
1536 3434 1608 3456 omo
1624 3424 1806 3465 piacularis
1824 3422 1965 3454 dicitur:
1989 3418 2119 3466 μίασμα
2133 3424 2187 3469 χο»

1249 1142 1271 1170 .’
1311 1137 1478 1179 θανόντα,
1497 1139 1557 1171 νῦν
1575 1135 1613 1171 δὲ
1632 1138 1809 1184 μηχαναῖς
1834 1133 2048 1180 σεσωσμένον
2076 1136 2130 1167 ΕΙ.
2161 1132 2176 1167 1
2215 1138 2246 1181 *¹1

1299 263 1463 342 {iglffigm
1488 263 1637 304 explicat
1654 262 1722 294 EM
1734 269 1775 304 lp.
1797 258 1878 303 665,
1901 258 1916 294 1
1937 263 1980 294 οἰ.
2003 261 2080 294 Arc.
2100 268 2135 303 p.
2167 257 2234 293 122

1327 331 1358 351 &⁷
1378 308 1401 342 2
1429 336 1435 342 ι

1374 365 1444 414 Μη
1455 379 1480 416 χ
1490 363 1514 403 δι’
1521 380 1539 402 ν
1550 367 1572 402 ά
1582 381 1611 402 ω
1628 369 1808 400 machinor.
1846 367 1967 400 Activa
1983 368 2089 400 forma
2101 370 2236 410 praeter

1304 413 1367 457 18,
1392 414 1459 450 143
1484 426 1551 448 uno
1575 415 1734 448 bonorum
1771 416 1970 456 scriptorum
2003 415 2074 447 loco
2104 416 2238 457 reperta

1303 463 1403 505 Soph.
1433 464 1488 496 Ai.
1517 460 1626 495 1037:
1662 461 1705 496 τά
1733 456 1826 496 πάντ’
1855 459 1907 495 ἀεὶ
1924 458 2136 507 ἀνθρώποισι
2161 472 2211 507 μη
2231 459 2257 492 ff

1304 508 1419 549 θεούς.
1457 512 1546 543 Hinc
1573 511 1707 551 passive
1725 510 1850 542 dicitur
1872 507 2150 556 *μεμηχάνηται
2176 519 2216 542 το

1305 559 1360 590 Tr.
1390 555 1459 591 586
1484 555 1580 602 [secl.
1609 554 1748 601 Dind.].
1797 557 1843 589 At
1870 557 2043 598 deponens
2068 556 2218 589 medium

1303 599 1398 639 ταῦτ’
1414 603 1454 639 ἂν
1474 603 1623 650 ἐξέρπων
1640 601 1748 641 τάλας
1766 602 2006 651 ἐμηχανώμην
2024 603 2086 636 Ph.
2107 599 2187 635 295.
2249 641 2251 645 ,

1305 647 1398 687 ταῦτ’
1418 651 1589 699 ἐμηχανῶ
1607 652 1662 684 OC
1684 649 1784 684 1035.
1822 652 1884 683 Rei
1906 651 2135 683 clandestinae
2149 675 2156 689 ,
2183 652 2252 685 ius

1306 711 1361 733 sae
1379 701 1432 732 vel
1451 700 1561 740 gravis
1579 700 1615 731 in
1632 699 1687 731 his
1704 699 1986 739 significationem
2002 698 2133 730 videbis
2150 695 2226 733 *Th
2244 712 2250 726 ε

1308 748 1363 780 Ai.
1386 744 1488 779 1037.
1518 746 1573 778 OC
1594 743 1704 787 1035,
1722 747 1758 777 in
1776 746 1837 779 Ph.
1851 742 1921 778 295
1935 755 2002 777 non
2019 747 2110 781 inest
2127 746 2194 778 nisi
2212 749 2253 780 τε]

1307 795 1348 827 ad
1364 795 1491 826 victum
1510 794 1774 826 necessariarum
1792 793 2036 825 moliendarum
2054 793 2157 825 notio.
2246 795 2251 814 ἴ

1378 851 1450 899 Μη
1493 850 1575 899 ἄνή
1593 853 1793 894 ανιὶᾓοίανης
1822 861 1886 884 vox
1904 852 2025 884 media.
2061 853 2181 896 κρατεῖ
2198 849 2235 886 δὲ

1307 904 1433 949 χαναῖς
1451 898 1625 948 αγραὺλου
1651 897 1759 945 θηρός
1784 899 1866 931 Ant.
1895 895 1962 931 349
1981 899 2056 940 ch.,
2093 899 2181 940 quod
2201 910 2232 932 a·

1309 950 1447 982 mandas
1481 951 1580 988 feras,
1618 957 1686 980 non
1719 946 1900 989 capiendas
1930 949 2021 978 recte
2053 946 2155 978 schol.
2195 956 2243 979 r·.1·

1310 995 1423 1034 ποίαις
1450 994 1583 1042 ἐνέγκοι
1611 992 1710 1028 τόνδε
1737 995 1915 1041 μηχαναῖς
1932 991 2084 1034 πέπλον;
2113 993 2169 1026 Tr.
2192 991 2237 1026 77
2270 996 2274 998 “

1310 1046 1422 1077 dolose
1439 1045 1579 1076 inuncto
1589 1042 1702 1085 pallio.
1739 1039 1908 1087 ἐννυχίοις
1921 1043 2096 1088 μαχαναῖς
2114 1039 2242 1073 Ai.1;÷

1311 1093 1384 1124 dolo
1403 1095 1578 1124 nocturno.
1614 1089 1848 1121 Adverbiascit
1864 1082 2027 1134 Ὀρέστην
2046 1089 2245 1134 μηχαναῖιι7

1311 1187 1352 1219 (18
1378 1187 1535 1218 simulata
1562 1188 1668 1216 morte
1692 1185 1845 1216 dictum:
1877 1200 1917 1206 —
1949 1183 2003 1214 De
2027 1186 2166 1215 accentu
2199 1192 2231 1225 Ρ,

1311 1235 1414 1275 piunt
1430 1233 1554 1266 Herod.
1576 1241 1612 1264 π.
1635 1244 1671 1276 μ.
1693 1229 1726 1264 λ.
1747 1241 1782 1272 p.
1806 1228 1860 1271 18,
1885 1227 1939 1262 18.
1970 1230 2046 1262 Arc.
2068 1240 2102 1271 p.
2125 1227 2212 1271 111,
2232 1232 2238 1253 ›'

1314 1282 1431 1313 vitiose
1451 1277 1606 1327 μηχειλή
1626 1280 1810 1321 scriptum,
1844 1287 2037 1319 quanquam
2065 1278 2192 1310 diserte
2216 1292 2221 1306 ·

1316 1330 1443 1361 cabulis
1460 1330 1496 1360 in
1514 1338 1580 1372 ανη
1606 1327 1716 1358 finitis
1733 1326 1851 1357 docere
1869 1334 1942 1357 sese
1959 1325 2053 1356 dicit.

1382 1383 1419 1421 M
1429 1398 1452 1433 η
1463 1398 1487 1434 χ
1497 1379 1518 1420 ἃ
1527 1397 1577 1431 νη
1590 1397 1614 1430 μ
1624 1397 1646 1418 α
1663 1385 1852 1427 artificium.
1895 1381 1987 1417 κάπὸ
2004 1382 2131 1421 παντὸς
2149 1379 2189 1417 ἂν

1311 1433 1417 1482 λόγου
1436 1431 1571 1467 δικαίου
1591 1431 1788 1479 μηχάνημα
1805 1428 1959 1465 ποικίλον
1977 1431 2032 1464 OG
2051 1427 2120 1463 762
2135 1442 2167 1463 v.
2188 1421 2237 1465 M'

1384 1490 1421 1528 Μ
1433 1505 1455 1539 η
1465 1505 1490 1540 χ
1499 1504 1546 1526 αν
1558 1490 1575 1524 ό
1587 1503 1602 1525 ε
1614 1503 1624 1525 ι
1638 1503 1654 1529 ς
1671 1491 1805 1533 artificii
1820 1491 1954 1530 plenus.
1991 1488 2097 1539 σοφόν
2110 1500 2142 1523 τι
2156 1488 2195 1524 τὸ
2226 1491 2235 1507 *¹

1312 1540 1389 1575 νόεν
1407 1540 1533 1588 τέχνας
1551 1537 1642 1585 ἔχων
1664 1541 1746 1570 Ant.
1769 1534 1836 1570 365
1855 1537 1907 1570 ch.
1951 1537 2146 1570 Dorismum
2169 1547 2205 1569 n
2223 1561 2235 1571 ,-
2284 1553 2287 1570 r

1314 1590 1364 1629 gis
1378 1598 1479 1630 quam
1497 1598 1529 1619 V.
1546 1584 1615 1619 349
1634 1587 1816 1618 restituere
1834 1585 1954 1617 ausim.
2054 1583 2104 1628 (11
2121 1594 2155 1627 Ρ.
2179 1581 2195 1617 1

1385 1650 1755 1705 Μηχανορρᾶφος
1785 1655 1938 1688 dolorum
1962 1656 2096 1696 artifex.
2141 1652 2231 1702 ὺφε
2285 1644 2288 1662 ³

1388 1773 1567 1811 Μῖαίνω
1593 1776 1803 1814 contamino,
1830 1773 1974 1805 maculo.
2017 1772 2154 1814 Proprie
2184 1785 2213 1800 l·
2280 1792 2286 1814 4

1317 1821 1466 1871 πρόσθεν
1499 1821 1621 1868 αἵματι
1654 1823 1751 1855 πεσεῖ
1776 1817 1931 1866 μιανθείς
1964 1819 2020 1852 OG
2049 1816 2152 1852 1374.
2280 1812 2284 1862 ζ

1316 1869 1490 1910 νεσθαι,
1519 1869 1577 1904 καὶ
1603 1865 1925 1914 ἐκμιαίνεσθαι
1951 1865 1991 1901 τὸ
2009 1865 2218 1913 ὀνειρώττειν
2279 1862 2282 1915 ,⁵

1316 1918 1401 1963 (inc.
1422 1915 1508 1962 913]
1525 1927 1577 1958 ap.
1600 1918 1695 1949 Phot.
1718 1927 1751 1958 p.
1772 1912 1854 1956 269,
1875 1912 1907 1947 9.
1952 1914 2048 1954 Quod
2072 1924 2131 1947 cur
2155 1913 2221 1946 lm·
2280 1919 2282 1941 Ι

1317 1977 1408 2006 ram,
1436 1966 1558 1998 docent
1580 1966 1694 2006 Intpp.
1724 1964 1783 1995 Ar.
1810 1963 1894 1994 Ran.
1922 1957 2009 2001 761,
2038 1964 2073 1994 et
2103 1970 2174 1993 rem
2207 1976 2211 1980 ·
2280 1969 2282 1971 ’

1317 2018 1376 2046 aut
1393 2014 1434 2045 de
1452 2013 1620 2044 industria
1636 2014 1758 2043 tectam
1769 2013 1854 2042 anta
1871 2009 2134 2050 descriptoribus
2149 2008 2196 2040 lib
2204 2008 2206 2010 ’
2279 2007 2282 2037 Ι

1317 2061 1440 2103 pendio
1473 2059 1763 2100 interpretationis
1804 2057 2014 2089 obscuratam
2048 2065 2142 2088 esse:
2207 2046 2221 2098 '3

1317 2106 1420 2142 θεοὺς
1454 2105 1597 2152 μιαίνειν
1624 2103 1663 2139 οὔ
1689 2115 1740 2142 τις
1765 2101 1958 2150 ἀνθρώπων
1985 2092 2092 2156 σῇνει
2116 2103 2197 2136 Ant.
2212 2111 2219 2116 ··
2276 2125 2280 2151 ἦ

1317 2165 1382 2197 quo
1401 2165 1503 2187 sensu
1531 2152 1664 2199 μίασμα
1689 2153 1730 2184 de
1756 2153 1856 2183 rebus
1880 2151 2039 2183 humanis
2064 2151 2214 2192 dicitur,

1316 2203 1464 2243 facinore
1481 2202 1660 2233 maculare.
1697 2200 1786 2231 Hinc
1804 2208 1937 2230 rursum
1953 2198 2108 2230 liberiore
2125 2205 2209 2238 geu¹
2276 2199 2280 2212 ⁵

1317 2251 1451 2282 lationis
1468 2249 1593 2280 dictum
1611 2247 1650 2281 τὸ
1667 2244 1783 2280 καλῶς
1799 2244 1953 2293 πεφυκὸς
1979 2242 2092 2278 οὐδεὶς
2115 2241 2156 2278 ἂν
2202 2242 2209 2285 ’;
2228 2276 2231 2279 .
2276 2257 2279 2268 ¹

1316 2295 1420 2343 λόγος
1436 2294 1596 2328 Alet.‘fr.
1618 2292 1682 2333 91,
1706 2291 1738 2326 3.
1790 2293 1842 2325 cf.
1864 2293 1954 2325 Pors.
1976 2293 2017 2324 ad
2035 2292 2090 2325 Or.
2111 2288 2190 2324 909.

1317 2345 1357 2376 ad
1376 2345 1479 2386 Hipp.
1512 2340 1613 2375 1437.
1634 2360 1675 2366 —-
1693 2342 1850 2373 Aoristns
1867 2340 1989 2373 Atticis
2006 2340 2115 2381 poetis
2132 2348 2203 2372 seen

1319 2389 1498 2437 ἐμίανα,
1521 2401 1552 2421 ν.
1575 2390 1657 2421 Eur.
1679 2389 1756 2420 Hel.
1781 2385 1882 2420 1000.
1904 2388 1950 2419 ΙΑ
1971 2384 2073 2420 1571.
2206 2386 2213 2390 ’”

1389 2458 1424 2496 Μ
1437 2460 1451 2494 ἵ
1462 2473 1483 2494 α
1495 2471 1504 2493 ι
1515 2458 1592 2504 φόν
1604 2471 1621 2492 ο
1633 2470 1648 2496 ς
1665 2460 1826 2499 sanquine
1842 2459 2041 2490 maculatus.
2064 2466 2175 2502 μιαιφ
2198 2458 2212 2500 ᾖ

1319 2505 1649 2589 ξρινὸάμιλλήματα
1689 2506 1743 2537 ΕΙ.
1765 2502 1834 2538 492
1851 2505 1902 2538 ch.
1948 2506 2001 2538 De
2027 2508 2104 2537 tono
2129 2514 2160 2535 v.
2182 2502 2204 2527 >’

1369 2583 1376 2597 7
1424 2581 1430 2587 '
2196 2584 2201 2588 »

1389 2606 1481 2648 Μῖἆ
1495 2611 1540 2659 ρό
1552 2625 1567 2651 ς
1584 2614 1747 2644 scetestus.
1784 2610 1812 2644 ὦ
1832 2610 1952 2655 μιαρὸν
1970 2607 2058 2656 ἦθος
2081 2610 2162 2642 Ant.
2205 2624 2207 2629 ν

1319 2659 1346 2694 δ’
1365 2659 1406 2695 αὖ
1425 2659 1532 2705 μιαρὰ
1550 2657 1667 2706 βρύκει
1692 2659 1747 2690 Tr.
1769 2656 1837 2691 987
1862 2668 1906 2689 m.
1931 2659 1972 2690 de
1997 2658 2109 2690 morbo
2129 2664 2172 2688 ex

1319 2710 1359 2741 ab
1377 2709 1524 2740 Hercule
1541 2709 1679 2740 dictum.
1727 2707 1942 2746 Passovium,
1971 2706 2031 2746 qui
2057 2704 2163 2736 Deian
2183 2701 2202 2706 '
2243 2705 2245 2710 '

1320 2757 1555 2795 arbitrabatur,
1576 2756 1662 2786 bene
1681 2755 1808 2785 refutat
1825 2753 1939 2784 Herm.
1962 2749 2030 2796 [ed.
2050 2749 2097 2796 1],
2125 2759 2173 2795 μι
2188 2751 2191 2755 ”

1320 2804 1396 2835 ticis
1413 2804 1449 2834 in
1467 2803 1655 2834 convicium
1683 2802 1823 2832 cessisse
1848 2799 2099 2839 demonstrans,
2126 2799 2204 2837 ιιζ4

1320 2851 1404 2882 sario
1422 2850 1464 2881 de
1482 2851 1582 2881 rebus
1602 2852 1721 2880 natura
1739 2848 1852 2889 puris,
1874 2847 1933 2878 sed
1958 2847 2026 2878 labi
2044 2849 2079 2877 et
2103 2845 2162 2886 inq
2189 2843 2205 2888 ξ’

1320 2898 1474 2930 obnoxiis
1492 2897 1578 2937 dici,
1612 2896 1700 2937 quod
1716 2896 1766 2926 illi
1786 2894 1974 2933 videbatur,
2001 2897 2040 2925 ut
2056 2893 2097 2924 de
2113 2899 2159 2923 m·
2193 2890 2199 2896 ’

1321 2946 1393 2986 ipse
1420 2941 1552 2988 μίασμα
1578 2947 1686 2983 esset,
1716 2942 1780 2974 dici
1805 2951 1871 2973 non
1894 2950 1992 2981 posse
2018 2940 2162 2981 putaret.

1321 2996 1360 3023 ut
1392 2991 1525 3022 verbale
1560 2991 1642 3022 ratio
1659 2991 1771 3021 iubet:
1809 2990 1850 3020 cf.
1881 2988 1946 3019 ΕΜ
1978 2998 2012 3029 Ρ.
2041 2981 2201 3027 587,1=‘.

1392 3089 1581 3140 Μῗασμα
1606 3096 1787 3136 piacidum.
1830 3092 1927 3139 ῥῦσαι
1961 3090 1998 3126 δὲ
2029 3093 2100 3126 πᾶν,

1319 3140 1528 3189 τεθνηκότος
1546 3143 1604 3175 OR
1622 3140 1701 3175 313.
1748 3141 1869 3173 Omnia
1886 3141 1986 3180 dicit,
2007 3138 2096 3181 quae
2109 3147 2130 3180 p
2164 3167 2166 3171 ,
2265 3165 2267 3169 .

1321 3192 1456 3224 caedem
1473 3191 1666 3231 expiatione
1684 3189 1847 3228 indigent.
1892 3186 1914 3232 ἦ
1941 3185 1990 3231 μὴ
2016 3183 2147 3230 μίασμα
2178 3200 2189 3230 3
2247 3219 2250 3222 ,

1321 3334 1461 3365 fratrum
1488 3336 1604 3363 mutua
1630 3331 1702 3362 iure
1728 3328 1862 3374 μίασμα
1880 3331 2025 3359 vocatur.
2079 3322 2191 3362 ὅπως]

1321 3373 1501 3413 πᾰσ’ὒπεκ
1529 3375 1593 3423 ύγῃ
1613 3375 1709 3414 πόλις
1734 3373 1813 3408 776.
1860 3372 1992 3419 μίασμα
2017 3375 2115 3407 τοῦτο
2136 3381 2160 3415 μ
2179 3371 2200 3424 Ξῖ
2253 3409 2258 3415 ,
