2288 3600
0 136 263 193 §.bos-601]

0 252 134 290 tinxere
150 253 241 286 inter
258 253 339 286 haee
365 256 400 285 et
417 253 474 285 illa
492 253 656 285 absimilia
674 253 821 286 Brunok.
845 248 887 285 ad
904 252 962 285 ΟΒ

0 291 50 332 12.
78 300 196 333 Elmsl.
225 301 263 333 ad
291 301 346 332 oc
365 297 444 332 620.
484 301 604 332 mouns.
633 301 674 332 ad
698 301 820 332 Aeson.
849 301 957 332 Prom.

0 342 24 379 ζ.
47 364 152 379 -.-
178 347 193 390 ΙΙ
216 349 261 380 At
292 349 516 380 omittitur
541 349 576 378 in
603 348 683 379 locis
717 348 959 388 significandis,

0 393 2 424 ἱ
26 394 141 426 adesse
163 403 224 435 par
246 398 328 426 erat.
358 389 500 428 Δωδῶνι
525 394 580 426 Tr.
607 391 682 426 172.
710 392 828 428 ταῖσδε
845 392 962 432 κτίσας

0 442 79 478 ιιαῖς
110 440 165 474 Oc
183 439 251 473 715
277 442 327 473 oh.
357 439 491 487 ἀγροῖσι
515 439 677 487 τυγχάνει
716 442 767 473 ΕΙ.
790 438 870 474 313.
897 439 961 474 κά-

0 485 157 521 Ι»εικνύναι
181 486 304 526 πύλαις
327 499 386 530 pro
409 486 519 525 πύλας
549 490 739 520 coniectura
768 489 963 520 Doederlini

0 537 21 566 it
38 535 167 568 firmata
192 540 245 567 est
261 536 331 567 cod.
355 536 443 567 Mon.
465 537 664 567 auctoritate
687 535 739 567 El.
766 533 866 567 1458.
896 536 960 568 Sed

0 585 78 622 :gata
103 591 139 614 se
163 584 250 614 bene
278 583 366 614 tueri
393 584 533 624 poterit3
573 594 601 614 v.
623 581 856 628 άναῧείκνυμι.
886 584 963 614 Alia

0 630 101 669 impla
115 630 208 661 illius
225 631 354 671 ellipsis
374 641 403 661 v.
417 641 469 671 ap.
490 630 680 661 Hemsterh.
702 631 741 661 ad
759 630 848 661 Xen.
874 630 958 671 Eph.

9 673 87 708 171.
126 677 248 709 Looell.
279 678 419 709 Wessel.
449 677 489 708 ad
517 677 637 709 Herod.
666 674 700 716 2,
730 674 785 708 54.
829 677 958 709 Schaef.

10 723 50 755 L.
74 724 148 756 Bos.
180 734 213 765 p.
235 720 315 756 697.
345 725 469 756 lanobs.
491 725 530 756 ad
549 725 654 756 Auth.
678 724 746 755 Pal.
770 721 801 756 3.
825 734 857 765 p.
884 721 959 755 168.

0 778 61 801 rm.
87 771 128 802 de
160 772 215 803 ell.
253 776 286 803 et
320 772 432 812 pleon.
464 781 497 812 p.
526 767 589 802 192
613 781 727 812 opusc.
758 772 783 802 1.
822 771 856 803 Si
883 774 963 802 sunt

0 825 75 849 eres
100 819 157 849 isti
175 819 307 850 locativi
326 828 432 858 casus,
455 816 743 859 ellipsis'tollitur.
770 836 871 849 —.-—
892 818 906 860 ΙΙ
924 819 961 849 Iu

0 873 12 896 e
37 874 153 897 versus
178 866 326 897 solitario
351 867 506 905 exemplo
530 866 725 897 collocatum
754 864 788 898 ἐν
806 865 860 897 OC
878 862 957 903 495,

0 939 1 942 ,
29 912 122 943 locus
146 917 258 944 tamen
293 914 567 954 interpunctione
601 914 633 943 iu
670 913 963 954 hephtheuiimere

0 958 82 990 rbica
106 961 214 1000 posita
238 960 319 991 satis
344 960 556 998 defenditur,
586 964 622 991 ut
641 969 702 991 neo
730 957 788 993 οὖν
807 970 880 991 oum
902 960 964 991 Bo-

0 1013 14 1037 o
30 1010 65 1037 et
83 1006 244 1039 Elmsleio
261 1008 475 1039 scribendum
493 1008 557 1046 sit,
580 1017 641 1038 nec
659 1008 803 1038 mirabili
824 1008 963 1047 Reisigii

0 1061 28 1084 re
45 1053 287 1094 distinguentis
313 1055 439 1086 ratione
465 1054 640 1085 utendum.
666 1072 768 1085 -—.—
795 1058 811 1093 u
838 1052 878 1086 ἐν
905 1064 964 1095 pro

0 1097 44 1132 τί
68 1100 195 1132 dictum
214 1112 244 1133 v.
266 1102 303 1132 in
322 1100 498 1146 ἐνστάτης.
522 1119 623 1132 -.-
651 1104 667 1139 ΙΙ
692 1102 800 1133 Pam-a
825 1106 905 1132 sunt
922 1102 963 1132 de

0 1148 130 1178 wione
162 1153 318 1190 suspecta
349 1150 514 1189 exempla.
562 1146 621 1181 δύο
655 1147 749 1194 φέρει
785 1142 812 1180 δ’
844 1146 879 1180 ἐν
914 1146 963 1181 ἑνὶ

0 1204 35 1239 ’ῳ
62 1194 115 1226 ΕΙ.
136 1192 225 1227 1088
251 1199 363 1227 contra
380 1196 480 1227 libros
499 1200 573 1236 post
594 1197 737 1226 Brunck.
770 1194 803 1228 ἐν
830 1196 964 1227 additur

2 1264 10 1272 .
31 1241 132 1273 schol.
172 1242 322 1274 Praestat
338 1246 406 1276 τῶν
433 1243 468 1273 in
486 1243 727 1283 antistrophico
745 1252 844 1274 versu
862 1244 964 1274 corri-

0 1294 125 1320 ecum
152 1289 222 1321 Erf.
262 1291 299 1321 ln
329 1289 382 1322 OC
410 1285 490 1321 336.
513 1287 605 1322 δεινὰ
622 1283 650 1321 δ’
677 1287 822 1322 ἐκείνοισ
849 1290 917 1330 LA,
945 1301 962 1321 ν

0 1341 47 1367 »θι-
61 1346 84 1368 κ
101 1336 175 1368 abS
191 1337 329 1377 inserto,
346 1338 483 1368 membr.
505 1337 664 1368 Brunckii
683 1334 775 1369 δεινὰ
793 1335 811 1368 ὃ
838 1334 963 1373 κείνοις

4 1382 63 1415 νῦν
89 1381 234 1426 (τανῦν).
262 1384 350 1415 Ricc.
372 1395 402 1423 a,
437 1384 490 1414 1.ss
521 1377 549 1415 δ’
575 1382 609 1416 ἐν
635 1381 771 1424 κείνοις,
800 1384 901 1424 idque
923 1385 963 1415 ab

0 1424 69 1469 big.
88 1433 123 1462 et
140 1430 258 1462 Elmsl.
283 1435 466 1471 receptum.
491 1431 635 1462 Brunek.
655 1428 824 1468 τάκείνοις
843 1440 962 1462 neces-

0 1475 43 1516 io,
72 1477 140 1508 nisi
166 1487 193 1508 o.
216 1477 345 1510 Sohaef.
377 1478 469 1509 malis
496 1479 603 1509 facere
626 1476 686 1510 τάν
712 1475 836 1511 κείνοις
859 1480 964 1509 conii-

0 1516 68 1555 ”te.
97 1525 136 1555 In
155 1525 210 1556 Ai.
231 1522 277 1557 80
294 1525 512 1566 plurimorum
540 1525 597 1556 sed
623 1526 776 1566 peiorum
802 1526 962 1557 librorum

4 1573 109 1602 utura
131 1575 183 1603 est
209 1569 243 1604 ἐν
276 1569 395 1616 δόμοις
421 1570 553 1616 μένειν,
583 1572 641 1603 sed
674 1570 722 1605 εἰς
747 1570 874 1617 δόμους
906 1573 962 1604 LA

10 1630 15 1644 ι
38 1642 46 1649 .
68 1618 161 1650 Rom.
184 1619 241 1650 LA
259 1622 293 1651 et
318 1619 363 1658 Β,
401 1620 458 1650 ille
485 1629 585 1660 supra
610 1620 732 1660 scripto
758 1618 792 1652 ἐν
828 1617 959 1663 δόμοις,

4 1680 31 1696 .
61 1660 98 1698 Γ.
142 1666 312 1697 Postremo
338 1667 373 1697 in
400 1666 483 1697 Ach.
509 1668 584 1697 Am.
613 1667 654 1698 fr.
687 1663 754 1698 168
788 1676 963 1708 perperam

11 1724 15 1738 ι
41 1711 212 1751 legebatur
229 1706 298 1746 ἕνθ’
316 1710 479 1752 ὅπλοισιν,
502 1713 629 1744 dudum
647 1717 831 1745 correctum
855 1711 890 1747 ἐν
908 1711 958 1754 θ’;

11 1767 70 1790 us
83 1759 220 1792 fortasse
235 1757 270 1792 ἔν
284 1754 314 1806 γ’
330 1761 504 1792 scribatur.
525 1758 592 1804 [De
603 1760 663 1791 Ph.
677 1757 745 1792 435
756 1771 786 1792 v.
801 1758 965 1808 βραχύς]

7 1819 207 1874 47Ἔνὸιγής
224 1839 324 1861 sacer.
353 1829 411 1863 τὸν
430 1829 534 1875 ἐναγῆ
554 1827 653 1875 φίλον
671 1830 729 1862 OR
746 1827 814 1862 656
841 1831 891 1863 eh.
915 1831 959 1871 gl.

7 1892 14 1903 r
26 1870 94 1908 ὖθα
115 1875 172 1910 τὸν
198 1874 352 1922 καθαρόν
371 1887 465 1923 φησι.
495 1878 556 1908 Est
574 1878 631 1918 qui
649 1878 865 1909 iureiurando
891 1887 964 1909 sese

21 1923 139 1972 ,⁸¹¹¹it⁷
160 1928 208 1964 ut,
231 1926 260 1955 si
278 1925 448 1963 fefellerit,
470 1925 551 1956 diris
578 1934 613 1955 se
631 1925 768 1956 deorum
786 1926 959 1957 devoveat.

32 1976 357 2028 Ι”“Εναίθρειος
396 1982 565 2015 subdialia.
624 1981 802 2017 δυσαύλων
842 1982 963 2030 πάγων

19 2028 118 2072 ζ’ρεια
142 2027 201 2062 καὶ
227 2027 403 2076 δύσομβρα
451 2028 513 2075 ἐλη
547 2031 629 2062 Aut.
658 2028 727 2063 356
745 2031 796 2062 eh.
826 2032 963 2062 Helmki

10 2075 315 2167 .11⁴*Zc.]Schndw.‚
342 2075 424 2110 ὑπαί
453 2088 525 2123 ρεια
552 2078 654 2109 Dind.
686 2089 713 2110 c.
734 2078 877 2110 Boeckh.
905 2075 964 2111 α’ί-

15 2184 209 2238 Ἐναίρω
234 2194 324 2225 tollo.
369 2191 466 2231 πόλις
492 2191 660 2239 ἐναίρεται
685 2191 796 2228 σθένει
820 2194 875 2226 OC
893 2191 962 2226 843

20 2254 27 2273 2
37 2238 81 2270 Vi
107 2238 261 2271 Creontis
287 2241 424 2280 infringi
455 2243 601 2273 civitatis
633 2244 686 2273 ius
709 2246 743 2274 et
774 2243 963 2274 libertatem

15 2287 87 2326 ngi
111 2287 266 2318 clamant.
296 2288 466 2329 interficio.
495 2285 565 2322 οὐδ’
589 2286 651 2322 οἶδ’
678 2287 750 2322 ἐναί
773 2300 820 2322 ων
845 2286 963 2335 νεκρόν

19 2327 111 2374 f946.
141 2334 234 2366 Suid.
256 2345 287 2366 v,
309 2333 598 2369 κακοπινέστατον
616 2337 716 2368 habet
735 2299 769 2369 οἵ

24 2376 114 2413 idem
132 2378 194 2413 οἷδ’
213 2379 356 2426 ἐναίρων
382 2383 417 2413 in
437 2393 468 2415 v.
488 2385 620 2416 καπνοῦ
639 2382 730 2416 σκιά.
766 2380 836 2428 θῆρ
894 2394 965 2430 ρει-

30 2428 34 2430 ’
85 2425 195 2467 τόξοις
230 2427 373 2474 ἐναίρων
399 2426 479 2461 956.
510 2447 550 2453 -
575 2428 657 2467 τοὺς
689 2427 837 2475 εὐγενεῖς
870 2427 965 2475 φιλεῖ

50 2484 67 2511 ς
92 2472 233 2520 ἐναίρειν
260 2475 381 2515 Phryg.
402 2477 443 2508 fr.
465 2473 532 2508 649
551 2477 636 2508 male
660 2478 760 2517 vulgo
783 2475 961 2523 συναίρειν,

20 2526 33 2545 ’-
63 2520 190 2567 ναιρεῖν
208 2524 327 2563 corrigi
343 2526 466 2563 potest.
680 2523 711 2567 (1
729 2535 762 2566 p.
780 2521 848 2556 600
865 2526 888 2556 l.
910 2521 964 2567 3.)

17 2584 91 2629 ῘΕν
101 2590 142 2624 αί
154 2602 172 2624 σ
183 2601 220 2625 ιο
231 2604 247 2630 ς
260 2595 436 2633 propitius.
459 2591 607 2627 ἐναισίου
622 2592 659 2626 δὲ
674 2592 875 2640 συντύχοιμι
886 2592 964 2638 [σοῦ

48 2648 88 2683 μι
114 2637 249 2684 Cobet]
267 2639 322 2672 OC
343 2637 432 2672 1482
450 2641 501 2672 ch.
532 2641 607 2672 Par.
629 2641 668 2672 T.
690 2641 788 2673 Farn.
812 2640 960 2687 ἐναισίῳ.

20 2680 43 2711 ι’
60 2697 66 2702 “
97 2683 132 2718 ἐν
161 2684 261 2733 αἰσίῳ
282 2698 311 2718 v.
333 2685 518 2732 ἐναίσιμος.
547 2689 584 2719 Id
602 2690 713 2728 ipsum
730 2689 964 2720 emendatione

20 2745 42 2776 ἦ,
65 2741 104 2763 us
131 2738 202 2764 erat
224 2734 265 2765 de
291 2735 401 2766 omine
419 2735 592 2776 explicans
615 2736 731 2767 Valek.
763 2736 803 2767 ad
823 2736 959 2768 Theocr.

20 2777 42 2815 ...²
81 2789 115 2820 p.
138 2777 216 2821 149,
245 2781 285 2813 de
312 2791 377 2822 qua
410 2791 445 2813 re
480 2782 562 2813 adde
589 2782 769 2814 Censorem
800 2783 965 2815 Eumeni-

38 2827 81 2858 ³a
105 2826 264 2859 Muellero
288 2828 454 2860 editarum
483 2838 517 2869 p.
543 2825 620 2860 110.
666 2829 793 2861 Sortem
827 2839 964 2871 aequam

27 2904 33 2912 ,
71 2873 123 2904 De
142 2883 219 2905 casu
238 2876 386 2914 genitivo
404 2886 434 2906 v.
456 2876 601 2907 Brunck.
618 2877 643 2907 l.
661 2886 689 2908 c.
707 2876 822 2908 Herm.
842 2878 883 2908 ad
900 2877 960 2909 Ph.

89 2925 200 2952 nostra
217 2922 251 2952 in
271 2920 504 2968 συντυγχάνω.

24 2976 39 3012 ’ξ
73 2988 182 3012 νακο
195 2977 213 3011 ύ
224 2992 252 3012 ω
269 2982 430 3012 ausculto.
447 2977 559 3014 θέλεις
584 2978 753 3026 μείνωμεν
778 2978 881 3014 αὐτοῦ
898 2980 965 3016 κά-

30 3027 177 3070 Ῐνωμεν-
203 3024 292 3072 γόων
327 3027 380 3058 El.
402 3024 443 3058 81
481 3024 744 3073 [ἐπακούσωμεν
780 3029 839 3059 LA
866 3039 966 3070 supra

45 3068 112 3118 fu].
142 3072 250 3104 Schol.
272 3074 365 3105 Rom.
387 3068 435 3106 ἀν
447 3072 684 3118 ακούομεν,
714 3072 961 3120 ἐπακούσομεν.

54 3132 77 3159 ·.'
88 3118 120 3150 d.
143 3119 252 3160 Lipss.
273 3118 346 3153 ἀντὶ
363 3122 424 3154 τοῦ
442 3119 487 3154 ἀν
499 3132 520 3153 α
531 3119 548 3153 ὃ
562 3117 691 3168 ιὸαχθ
701 3124 730 3153 ὦ
741 3134 766 3166 μ
776 3132 791 3154 ε
801 3133 831 3155 ν.
852 3123 960 3154 schol.

27 3156 84 3200 3'2.
111 3164 171 3198 καὶ
195 3164 246 3204 δὶς
273 3165 478 3204 ἀκούσαντες
504 3165 791 3214 ἀναγνωρίσωμεν
807 3168 871 3214 τὴν
889 3181 965 3215 φω-

68 3229 80 3237 *¹
132 3209 282 3259 θρήνων.
324 3213 459 3246 Frustra
475 3215 677 3255 interpretes
696 3216 730 3246 in
749 3216 847 3246 verbo
865 3217 964 3247 inex-

30 3284 32 3305 γ
61 3259 100 3309 1³¹
116 3259 316 3292 laborarunt.
345 3259 362 3293 ἐ
373 3272 479 3294 νακο
491 3259 509 3293 ύ
520 3274 548 3294 ω
575 3261 690 3302 Soph.‚
720 3271 785 3293 non
803 3259 965 3296 ἀνακούω

30 3319 34 3349 4
74 3310 78 3315 ’
94 3305 289 3348 Hippos-rati
306 3309 459 3348 quamvis
475 3308 540 3339 alia
557 3309 799 3348 significatione
814 3309 960 3349 dictum;

31 3353 34 3385 ζ
70 3384 75 3386 ,
107 3353 197 3384 idum
213 3363 285 3385 esse
300 3355 400 3386 etiam
415 3355 515 3386 schol.
534 3355 718 3387 Romanum
733 3357 965 3396 interpretatio

31 3403 35 3446 ᾗ
59 3392 188 3447 ⁴¹Ji·olata
212 3401 340 3432 suadet.

32 3452 36 3460 ⁵
60 3460 69 3500 J
108 3466 199 3501 soph
211 3466 237 3494 1.

654 118 946 222 Ἐναίῧρειάς
971 164 1032 172 -
1054 129 1287 204 Ἐναρίζω

1875 140 1885 153 ”
1914 136 2010 186 241

1069 246 1275 288 Ἐνὸιλιος
1299 257 1334 285 et
1357 250 1505 286 είνάλιος
1538 252 1553 294 ΙΙ
1584 254 1745 285 nmo-inus.
1787 252 1858 284 Hoc
1875 231 2019 285 extorsit

1000 302 1097 333 metri
1111 302 1167 332 lex
1180 302 1261 332 Aut.
1277 297 1345 332 346
1355 301 1407 332 ch.
1429 298 1555 334 πόντου
1570 293 1598 333 τ’
1610 298 1760 334 εἰναλίαν
1775 298 1887 346 φύσιν.
1912 299 2021 331 Pisces

999 352 1090 380 sunt.
1119 348 1264 380 Brunok.
1287 345 1423 381 ἐναλίαν
1442 351 1554 379 eontra
1570 357 1714 379 versum.
1737 345 1863 392 ἐναλίῳ
1881 345 1953 393 θεῷ
1964 347 2019 379 OC

999 392 1079 428 888.
1102 393 1137 428 ἐν
1155 391 1388 440 Ποσειὸαονίῳ
1406 393 1440 428 θ.
1466 390 1556 426 1492
1570 395 1621 427 ch.
1646 395 1809 435 Neptuno.
1825 412 1865 418 —
1885 394 1900 436 ΙΙ
1916 396 2021 426 πιανέ-

998 444 1110 474 timus.
1141 442 1275 483 Proprie
1293 443 1416 474 dicitur
1442 439 1512 474 ἔστι
1559 440 1602 487 άρ
1627 451 1676 478 τις
1694 439 1812 475 ἐναλία
1833 441 1878 484 [ν.
1899 443 1921 474 i.
1945 439 2021 486 αἶα]

998 491 1063 535 γῆς
1082 485 1247 533 Εὐβοείας
1266 489 1403 528 Thyest.
1427 490 1467 521 fr.
1484 453 1567 530 239,
1592 487 1621 520 1.
1644 489 1777 520 Tralate
1795 490 2020 529 naviyationis

999 538 1131 567 comites
1157 537 1249 567 Aiaci
1276 537 1434 568 dicuntur
1467 533 1587 582 ἄνδρες
1617 535 1843 582 ἀσπιστῆρες,
1886 533 2020 573 ἐνάλιος

999 579 1087 620 λεώς
1107 584 1161 614 Ai.
1183 581 1270 622 565,
1303 585 1367 615 nisi
1387 585 1525 615 fortasse
1543 585 1713 615 insulanos
1732 584 1883 614 homines
1903 584 2019 624 appel·
2040 608 2041 611 ,

999 631 1059 661 lari
1078 635 1188 670 putas.
1211 631 1259 661 Ne
1279 632 1313 662 in
1333 631 1384 662 his
1402 632 1537 672 quidem
1555 631 1686 662 obstare
1704 631 1887 671 quidquam
1902 631 2004 663 Valck

999 678 1038 708 ad
1056 678 1181 708 Phoeu.
1195 674 1216 708 6
1236 679 1420 718 videbatur,
1444 680 1623 719 quominus
1642 675 1790 710 είνάλιος
1803 679 2017 718 scriberetur,

1000 734 1189 766 quanquam
1226 726 1374 756 rectioris
1405 725 1523 756 iudicii
1558 726 1643 757 viam
1676 727 1862 765 praeiverat
1888 726 2017 757 Dawes.

1001 772 1094 802 miso.
1118 782 1162 804 or.
1184 783 1216 813 p.
1235 769 1312 803 191⁷».

1070 839 1359 876 Ἐναλλάσσω
1393 844 1541 874 immuto.
1578 844 1637 875 νῦν
1671 839 1699 874 δ’
1725 840 1908 888 ἐνήλλαξεν
1941 840 2021 879 θεὸς

999 888 1062 922 τὶν
1087 887 1180 923 τοῦδ’
1206 886 1301 935 ὕβριν
1327 889 1411 935 πρὸς
1437 887 1534 936 μῆλα
1558 888 1617 923 καὶ
1643 887 1789 935 ποίμνας
1816 892 1930 922 πεσεῖν
1963 891 2017 921 Ai.

1004 910 1104 969 1060.
1135 937 1242 968 schol.
1273 935 1488 983 ἀντέστρεψε,
1517 947 1584 968 rem
1612 939 1659 968 ila
1676 939 1783 968 vertit.
1811 936 1843 970 τί
1870 930 1898 969 δ’
1916 934 2022 970 ἐψίλ-

1000 981 1122 1017 λακται
1147 986 1211 1030 τῆς
1237 982 1380 1030 ἁμερίας
1403 983 1462 1024 νὺξ
1486 982 1550 1029 ἥδε
1575 983 1679 1030 βάρος
1709 986 1763 1016 Ai.
1785 981 1855 1016 208
1871 994 1925 1016 an.
1981 985 2020 1015 de

1001 1032 1166 1073 scriptura
1185 1043 1214 1062 v.
1237 1029 1411 1076 άμέριος.]
1439 1033 1507 1063 Hoc.
1532 1041 1590 1073 pro
1613 1030 1687 1064 τίνα
1713 1030 1852 1077 βαρεῖαν
1872 1028 2020 1064 ἐναλλα-

999 1077 1063 1123 γὴν
1082 1076 1290 1124 ἐνήλλακται
1308 1080 1435 1111 dir-tum
1465 1089 1540 1110 esse
1559 1079 1660 1110 Tricl.
1678 1080 1876 1110 observavit.

1070 1142 1116 1182 Ἐ
1127 1161 1144 1180 ν
1155 1147 1235 1182 άλλ
1247 1161 1264 1182 ο
1275 1162 1299 1194 μ
1310 1161 1352 1182 αι
1370 1150 1489 1189 insilio,
1505 1151 1605 1180 irruo.
1627 1149 1783 1189 Proprie:
1803 1147 1925 1186 πύλαις
1939 1147 2022 1194 ἐνή-

1000 1193 1083 1228 λατο
1101 1195 1158 1227 0ss
1182 1193 1280 1228 1261.
1312 1197 1459 1228 Tralate:
1490 1198 1548 1229 νῦν
1585 1190 1613 1228 δ’
1647 1194 1682 1233 ἐς
1710 1195 1749 1229 τὸ
1779 1195 1893 1229 κείνου
1923 1193 2023 1229 zui&

1000 1237 1142 1333 {1225
1167 1241 1191 1288 ἡ
1208 1242 1299 1291 τύχη
1318 1244 1376 1275 OR
1389 1240 1469 1275 263.
1494 1241 1634 1288 [ἐνήλου
1656 1241 1742 1275 1311
1764 1254 1807 1276 m.
1832 1255 1862 1274 v.
1880 1245 1901 1275 i.
1924 1207 2023 1283 ἐξάλ-

1067 1339 1261 1381 νΕναντὸί
1286 1359 1406 1381 coram.
1436 1348 1493 1382 τὸν
1525 1343 1553 1381 δ’
1583 1347 1705 1382 ἔναντα
1734 1360 1757 1382 π
1782 1347 1940 1394 οσβλέπω
1965 1359 2022 1381 νε-

999 1393 1081 1440 κρόν
1100 1396 1180 1427 Aut.
1206 1391 1295 1426 1299
1314 1406 1356 1428 m.
1385 1397 1484 1428 Tricl.
1515 1394 1636 1429 ἔναντι.
1670 1395 1724 1438 [τὰ
1742 1395 1759 1429 ὃ
1795 1395 1930 1429 ἐναντία
1947 1396 2018 1435 LA,

1000 1452 1075 1473 eum
1096 1453 1147 1488 γρ.
1168 1437 1257 1475 τόνδ’
1284 1441 1405 1476 ἔναντα
1431 1445 1470 1475 ab
1489 1441 1543 1487 S.]
1571 1445 1620 1476 De
1637 1448 1776 1476 accentu
1795 1455 1826 1475 v.
1849 1444 1958 1484 Apoll.
1980 1444 2021 1474 de

999 1490 1072 1520 adv.
1095 1499 1127 1530 p.
1150 1486 1228 1529 549,
1252 1486 1310 1523 28.
1339 1487 1420 1530 550,
1446 1487 1498 1522 10.

1070 1553 1078 1566 ’
1086 1555 1114 1593 Ε
1122 1571 1139 1592 ν
1149 1571 1170 1593 α
1178 1572 1195 1593 ν
1206 1558 1271 1592 τιό
1282 1571 1299 1592 ο
1309 1572 1334 1605 μ
1344 1571 1387 1593 αι
1411 1561 1575 1593 adversor.
1616 1555 1738 1606 πνεῦμ’
1764 1558 2020 1605 ἐναντιούμενον

1000 1606 1060 1638 Ph.
1083 1603 1162 1638 643.

1069 1663 1077 1675 Ἰ

1087 1661 1141 1698 Εν
1153 1676 1228 1698 αντ
1241 1664 1250 1698 ί
1261 1677 1277 1699 ο
1289 1677 1305 1703 ς
1324 1666 1490 1699 adversus,
1507 1659 1675 1712 ’Έκτορος
1692 1663 1772 1711 ἦλθ’
1790 1665 1942 1704 ἐναντίος
1960 1668 2019 1699 Ai.

980 1680 1104 1754 11284.
1132 1714 1222 1753 Lips.
1252 1724 1269 1744 a
1294 1710 1402 1758 ἦλθεν
1428 1711 1552 1751 ἀντίος.
1591 1715 1722 1746 'ri-alate
1751 1715 1792 1746 (le
1809 1724 1842 1746 re
1861 1714 2019 1746 adversa:

999 1756 1187 1793 κάκείνοισι
1210 1757 1302 1793 ταῦτ’
1324 1759 1460 1794 ἐναντία
1478 1761 1536 1792 Ph.
1560 1758 1639 1793 642.
1684 1762 1735 1793 De
1753 1763 1922 1794 contraria
1940 1763 2015 1792 uni-

1000 1815 1114 1838 verse:
1143 1805 1243 1840 τοῦδε
1273 1806 1356 1887 γὲὶὴῖ
1368 1805 1484 1849 κλύειν
1509 1807 1567 1841 καὶ
1593 1806 1720 1854 σμικρὰ
1744 1806 1804 1841 καὶ
1832 1806 1946 1841 δίκαια
1962 1807 2021 1841 καὶ

999 1851 1160 1887 τάναντία
1178 1856 1260 1886 Ant.
1313 1851 1334 1886 6
1362 1880 1368 1886 .
1400 1856 1501 1887 Recte
1528 1856 1628 1887 schol.
1657 1853 1706 1888 τὰ
1733 1853 1930 1896 ἐναντία,
1968 1854 2017 1902 τῷ

1001 1898 1122 1946 δικαίῳ
1141 1899 1311 1946 δηλονότι.
1340 1900 1420 1939 τοὺς
1440 1900 1477 1935 δὲ
1502 1900 1598 1946 (τοὺς
1623 1901 1816 1948 δυσσεβεῖς)
1839 1902 1902 1947 τὴν
1922 1901 2021 1936 ἐναν-

999 1945 1072 1980 τίαν
1092 1946 1190 1994 δίκην
1206 1947 1307 1982 τίνειν
1324 1950 1414 1981 Alet.
1435 1951 1476 1981 fr.
1499 1946 1555 1990 94,
1570 1948 1603 1982 8.
1621 1968 1661 1973 —
1682 1951 1734 1981 De
1752 1950 1935 1981 hominibus
1957 1950 2020 1982 od-

1000 1997 1151 2027 versariis
1177 1996 1385 2028 hostibusve:
1422 1994 1551 2034 σθένεις
1585 1995 1729 2030 ἔλασσον
1762 2001 1830 2030 τῶν
1858 1995 2020 2030 ἐναντίων

999 2040 1076 2121 ἐερί
1102 2042 1155 2074 El.
1178 2039 1258 2075 998.
1287 2047 1356 2076 τῶν
1382 2041 1543 2077 ἐναντίων
1567 2047 1705 2089 κρατεῖν
1731 2045 1849 2076 Alead.
1871 2046 1912 2076 fr.
1938 2041 2016 2084 106,

1027 2114 1033 2120 .
1058 2106 1099 2113 -·
1119 2089 1229 2122 Semel
1255 2091 1450 2122 adverbium
1468 2095 1521 2122 est
1544 2088 1645 2124 τῶνδ’
1671 2090 1822 2124 ἐναντίον
1839 2091 1895 2123 OC
1916 2088 2016 2123 1002.

1875 2149 1925 2171 ον.
1947 2135 2015 2176 λέξ.

1740 2184 1771 2229 (1
1791 2196 1823 2227 p.
1865 2182 1908 2217 01
1928 2186 1950 2217 l.
1968 2182 2022 2229 6.)

1002 2137 1048 2168 hia
1073 2146 1195 2169 coram.
1233 2138 1284 2169 De
1310 2141 1388 2169 tono
1415 2149 1445 2170 v.
1475 2136 1606 2179 ἀντίος,
1636 2139 1760 2170 Herod.
1790 2149 1825 2171 π.

1001 2194 1034 2224 p.
1059 2180 1113 2224 19,
1138 2181 1193 2216 32.

1070 2251 1276 2288 Ἐνάπτω
1302 2254 1461 2295 infiyendi
1487 2255 1540 2286 vel
1565 2254 1717 2295 fodiendi
1744 2257 1811 2287 vim
1829 2255 1951 2287 habere
1970 2257 2021 2286 vi-

1000 2302 1120 2333 deatur
1144 2303 1179 2333 in
1204 2303 1260 2333 illo
1286 2300 1442 2348 γραφίοις
1469 2300 1674 2347 ἐνημμένοις
1701 2303 1777 2334 Hel.
1811 2304 1850 2333 fr.
1883 2299 1961 2342 187,
1982 2299 2016 2342 2,

770 2334 823 2369 ὃεν
838 2333 960 2416 ,αἷέωνν
986 2356 1194 2390 0quanquam
1220 2350 1260 2380 de
1286 2350 1356 2380 loco
1380 2353 1534 2389 corrupto
1558 2350 1699 2381 iudicari
1721 2351 1803 2381 satis
1823 2359 1888 2381 non
1906 2353 2018 2390 potest

1000 2393 1047 2440 [v.
1071 2397 1235 2428 Weloker.
1258 2397 1354 2436 Trag.
1376 2406 1409 2437 p.
1434 2393 1532 2440 122]

1065 2447 1116 2488 ”E
1154 2447 1175 2488 ἆ
1187 2466 1236 2501 ρα
1253 2456 1368 2495 spolia.
1397 2453 1534 2488 κλυτῶν
1553 2453 1683 2500 ἐνάρων
1701 2456 1755 2487 Ai.
1781 2452 1846 2486 177
1864 2456 1916 2486 ch.

1070 2518 1290 2571 Ἐναργής
1319 2525 1526 2565 manifestus.
1563 2529 1690 2571 φοιτῶν
1720 2524 1866 2571 ἐναργὴς
1894 2527 2019 2570 ταῦρος

1003 2572 1057 2604 Τι’.
1082 2570 1135 2603 11.
1166 2583 1190 2605 π
1213 2572 1243 2606 ὶν
1270 2570 1310 2605 ἂν
1335 2570 1449 2610 κείνας
1479 2570 1632 2618 ἐναργεῖς
1667 2571 1766 2618 δεῦρό
1800 2584 1858 2617 μοι
1892 2571 2020 2617 στήσης

1000 2616 1023 2652 ἄ
1046 2631 1093 2651 ων
1112 2619 1166 2651 Oc
1212 2617 1265 2651 10.
1294 2618 1375 2664 νικᾷ
1396 2617 1423 2651 δ’
1449 2618 1594 2665 ἐναργὴς
1614 2617 1796 2664 βλεφάρων
1822 2617 1941 2664 ἵμερος
1959 2605 2019 2652 εύ-

1002 2664 1022 2698 λ
1042 2676 1145 2711 κτρου
1170 2663 1306 2712 νύμῲας
1340 2668 1421 2698 Ant.
1444 2663 1512 2698 795
1540 2667 1642 2698 schol.
1673 2676 1731 2707 pro
1767 2665 1919 2712 ἐναργῶς
1953 2668 2019 2698 dici

1002 2717 1117 2754 putat3
1148 2715 1272 2745 rectius
1298 2713 1476 2754 manifesto
1503 2714 1713 2755 effulqentem
1732 2723 1769 2744 ea:
1784 2714 1939 2754 pulchrae
1952 2723 2018 2754 pu—

1001 2761 1082 2792 ellae
1107 2761 1212 2792 oculis
1230 2761 1402 2800 intelligis.
1428 2779 1467 2784 -
1494 2761 1633 2802 Aliquid
1661 2762 1772 2792 tralati
1790 2770 1856 2792 non
1878 2761 1918 2792 de
1940 2762 2020 2792 visis

1002 2808 1060 2838 sed
1078 2809 1118 2839 de
1137 2808 1309 2839 intellectis
1326 2809 1426 2839 rebus
1443 2809 1530 2839 dicta
1547 2809 1683 2839 habent.
1712 2805 1846 2844 κούδεὶς
1873 2806 2018 2854 ἐναργής

1002 2855 1083 2886 Ant.
1105 2851 1172 2886 263
1198 2857 1362 2886 neminem
1387 2856 1485 2894 culpa
1513 2854 1674 2894 facinoris
1708 2854 1860 2894 tanyebat
1894 2858 2015 2894 aperte.

1000 2899 1130 2948 λῃστὴς
1148 2899 1294 2947 ἐναργὴς
1314 2899 1510 2946 τυραννίδος
1529 2902 1586 2933 OR
1604 2898 1684 2932 535.
1712 2899 1793 2933 τάδε
1813 2911 1864 2934 σοι
1881 2899 2018 2946 βλέπειν

1001 2941 1141 2993 πάρεστ’
1173 2946 1302 3026 &apg-2
1335 2949 1390 2979 Tr.
1418 2945 1488 2979 224
1506 2949 1557 2979 ch.
1597 2949 1638 2980 of.
1662 2948 1794 2980 Schaef.
1832 2958 1908 2989 app.
1947 2949 2017 2980 De—

1002 2995 1122 3026 mosth.
1148 2992 1176 3027 1.
1202 3005 1235 3035 p.
1303 2992 1335 3026 8.

1071 3047 1303 3098 Ἐναργῶς
1335 3052 1524 3093 manifesta
1570 3051 1705 3097 πάρεστ’
1738 3047 1901 3098 Ὀρέστης
1934 3051 2017 3098 ἧμιν

1003 3098 1164 3145 ἐναργῶς,
1190 3098 1305 3144 ὥσπερ
1331 3099 1471 3144 εἰσορᾷς
1498 3097 1560 3144 ἐμέ
1579 3100 1631 3130 ΕΙ.
1653 3098 1734 3131 878.

1072 3163 1290 3214 Ἐνᾶρίζω
1314 3169 1437 3200 occido.
1465 3166 1536 3214 ἄγε-
1551 3180 1592 3213 με
1618 3168 1675 3201 καὶ
1697 3167 1765 3202 τότ’
1792 3167 1943 3214 ἐνάριξον
1962 3169 2018 3202 OC

1005 3213 1095 3247 1733
1113 3226 1157 3247 m.
1180 3216 1238 3247 sed
1255 3217 1301 3247 ibi
1319 3217 1437 3247 Elmsl.
1462 3217 1576 3247 Herm.
1593 3213 1731 3259 [Dind.]
1750 3214 1960 3260 ἐπενάριξον.
1974 3234 2016 3240 -·

1003 3262 1087 3294 Cum
1107 3263 1212 3302 figura
1238 3261 1274 3295 ὃν
1302 3260 1405 3295 αἰόλα
1430 3258 1501 3300 Νὺξ
1527 3261 1755 3307 ἐναριζομένα
1770 3261 1876 3295 τίκτει
1893 3274 2018 3296 κατευ-

1001 3307 1092 3348 νάζει
1116 3319 1152 3341 τε
1178 3301 1301 3342 σΑλιον
1331 3309 1384 3340 Tr.
1406 3306 1450 3340 94
1468 3310 1519 3340 oh.
1552 3309 1622 3341 Nox
1647 3311 1815 3341 emoriens.
1852 3311 1903 3341 De
1921 3314 2017 3342 nocte

1002 3356 1089 3387 diem
1104 3381 1111 3392 .
1148 3357 1202 3387 die
1236 3360 1369 3387 noctem
1393 3357 1553 3396 gignente
1587 3361 1778 3397 comparant
1811 3357 2018 3388 'rheodeetae

1003 3403 1206 3443 epigramma
1223 3412 1276 3442 ap.
1297 3402 1422 3434 Athen.
1448 3400 1499 3434 10.
1517 3413 1553 3442 p.
1577 3399 1644 3434 451
1666 3403 1701 3434 F.

1696 3458 1738 3493 16
