2288 3600
291 149 391 198 384

289 264 320 298 τί
345 276 403 310 μοι
429 262 519 299 Ζεὺς
541 263 585 310 ἠν
611 263 628 298 ὁ
653 262 805 311 κηρύξας
828 263 910 298 τάδε
944 266 1026 296 Ant.
1047 261 1129 297 450.
1167 263 1309 310 πικροὺς

290 311 426 359 ἔοιγμεν
455 310 590 358 ἀγῶνας
623 308 803 358 Ἀργείοισι
827 309 973 358 κηρῦξαι
1002 313 1058 344 Ai.
1082 308 1190 352 124ος
1222 313 1309 354 quod

291 364 326 392 et
350 361 479 400 primae
513 359 768 399 significationis
794 368 868 391 esse
892 362 1005 400 potest
1037 355 1176 403 [pariter
1207 362 1308 400 atque

288 403 396 440 πολὺν
415 400 443 439 δ’
461 403 579 452 ἀγῶνα
595 403 757 452 πάγξενον
774 403 982 452 κηρύσσεται
994 406 1035 438 fr.
1054 406 1162 438 Acris,
1180 402 1237 446 68,
1257 403 1306 451 1].

290 453 409 486 Simile
427 458 478 486 est
495 450 648 499 κήρυσσέ
665 446 698 497 μ’
716 451 764 490 εἰς
783 450 934 490 ἅπαντας
952 452 1007 484 El.
1029 449 1097 485 606
1111 452 1241 493 publice
1258 462 1309 484 me

288 501 422 541 appella
446 500 537 541 apud
553 509 666 532 omnes
690 501 818 541 qualem
835 501 938 540 cupis.
956 517 998 523 -—
1014 499 1028 542 ΙΙ
1053 499 1174 532 indico.
1204 498 1235 533 εἰ
1249 499 1307 533 τὸν

288 546 450 594 ἄγχιστόν
476 557 515 593 γε
538 545 722 593 κηρύσσειν
749 546 862 593 χρεών
880 547 935 578 El.
959 544 1049 579 1105
1068 549 1096 578 ει·
1111 549 1162 578 vis
1179 546 1237 579 tibi
1253 556 1309 587 ye—

287 604 363 626 nere
382 596 571 635 proximam
596 593 751 626 indicari.
787 591 846 627 ἐὰν
869 592 918 638 μὴ
945 595 1028 627 πᾶσι
1051 591 1204 642 κηρύξῃς
1228 592 1309 628 τάδε

288 643 370 674 Ant.
391 638 448 674 87.
468 639 559 675 τοῦτ’
577 637 760 698 ἐκηρύχθη
778 638 876 674 πόλει
893 640 952 672 OR
963 638 1031 673 737
1048 642 1186 673 nuntius
1203 643 1304 673 venit.

287 687 430 734 καρῦξαι
445 687 503 722 τὸν
520 684 722 733 Ἀλκμηνας
739 685 822 721 πόθι
841 698 899 732 μοι
916 685 1000 722 πόθι
1023 690 1104 725 παῖς
1122 685 1208 721 ναίει
1224 686 1308 722 ποτέ

289 736 343 767 Tr.
358 732 403 768 97
417 735 468 767 ch.
489 732 542 779 [in
554 735 616 767 LA
632 739 684 767 est
701 732 844 780 καρύξαι
856 732 883 779 :]
897 740 998 776 atque
1013 744 1051 767 eo
1065 739 1206 767 accentu
1219 735 1310 767 haud

286 792 359 815 raro
376 791 451 815 esse
475 783 639 824 scriptum
655 784 788 814 monuit
805 782 936 815 Schaef.
961 783 1003 814 ad
1019 783 1149 815 Hecub.
1170 783 1308 815 Porsoni

287 826 374 871 5283
404 830 471 861 imo
488 829 642 862 defendit
660 828 844 869 Goettling.
865 829 906 861 ad
923 829 1087 862 Theodos.
1109 839 1142 870 p.
1164 825 1245 862 238.
1258 848 1305 853 —

288 874 343 920 [In
367 877 409 909 fr.
435 877 545 908 Acris.
567 873 624 917 68,
653 874 670 908 1
707 877 786 908 olim
813 886 855 909 ex
881 876 985 908 Dind.
1016 877 1101 909 coni.
1129 877 1306 917 legebatur

286 921 556 970 άγκηρύσσεται,
585 933 661 956 cum
683 923 720 955 in
747 924 817 956 cod.
838 923 964 956 Athen.
988 920 1042 956 10.
1071 933 1106 964 p.
1126 920 1195 956 466
1212 924 1234 956 b
1260 924 1305 956 sit

288 968 436 1016 πάγξενα
453 968 671 1016 κηρύσσεται.
701 970 905 1003 Emendavit
922 967 1069 1015 Nauck]

357 1036 559 1086 Κηφισός
591 1041 730 1072 fluvius.
774 1036 936 1087 Κηφισοῦ
969 1038 1118 1085 νομάδες
1153 1037 1302 1087 ῥεέθρων

284 1086 443 1134 (κρῆναι)
468 1087 522 1120 OC
541 1084 610 1120 687
627 1088 680 1119 ch.
709 1088 826 1119 Herm.
856 1083 1060 1134 Κηφισσοῦ,
1091 1097 1130 1120 σσ
1147 1097 1191 1120 ex
1206 1088 1304 1120 litera

285 1135 447 1174 gutturali
464 1138 592 1174 ortum,
622 1139 661 1166 ut
684 1136 722 1166 in
739 1133 911 1180 γλαύσσω,
933 1132 1078 1175 λεύσσω,
1099 1134 1299 1174 defendens,

285 1191 352 1214 non
369 1182 595 1214 abiiciendum
619 1182 735 1223 prius,
765 1191 866 1223 quam
890 1183 945 1214 vel
969 1180 1086 1227 γλῶσα
1112 1186 1148 1214 et
1164 1179 1302 1228 γλαύσω

285 1230 362 1270 quis
396 1229 612 1261 scribendum
645 1229 845 1261 ostenderit.
890 1229 1056 1270 Lapidum
1086 1233 1120 1261 et
1153 1230 1303 1261 codicum

284 1276 397 1316 fldem,
426 1285 492 1317 qua
509 1277 608 1308 nisus
625 1280 678 1308 est
693 1276 828 1317 Elmsl.,
858 1285 901 1308 ex
915 1277 1071 1308 omnibns
1094 1277 1189 1308 libris
1206 1285 1304 1317 prae-

285 1328 336 1355 ter
353 1323 408 1355 PB
425 1328 460 1355 et
478 1323 504 1355 Τ
530 1325 608 1355 Vat.
629 1323 730 1355 Farn.
751 1318 915 1368 Κηφισοῦ
940 1324 1101 1365 scribens,
1131 1324 1219 1364 quod
1235 1324 1303 1355 iam

284 1370 476 1412 Stephanus
499 1371 641 1411 fecerat,
670 1371 753 1402 item
778 1370 904 1403 Osann.
926 1371 967 1402 ad
983 1371 1101 1402 Marm.
1123 1371 1237 1410 Elgin.
1264 1381 1299 1412 p.

284 1413 350 1458 66,
388 1426 447 1458 ego
470 1418 507 1448 in
531 1427 571 1449 ea
599 1418 871 1449 testimoniorum
897 1422 1052 1450 veterum
1077 1418 1304 1459 discrepantia

284 1473 350 1496 non
369 1465 566 1506 spreverim.
589 1461 657 1509 [De
670 1469 811 1496 accentu
828 1466 864 1496 in
882 1466 1001 1497 ultima
1014 1465 1123 1506 deque
1138 1466 1303 1506 scriptura

282 1520 343 1552 per
361 1521 380 1544 σ
407 1512 553 1553 simplex
570 1512 747 1543 retinenda
764 1522 796 1543 V.
818 1512 899 1544 Lob.
920 1513 1007 1544 Prol.
1028 1521 1062 1553 p.
1084 1509 1303 1557 413—415.]

286 1575 327 1582 —
346 1559 399 1590 De
415 1564 495 1591 tono
511 1560 588 1590 Arc.
615 1567 649 1600 p.
671 1556 728 1599 77,
752 1555 806 1591 16.

354 1612 569 1664 Κιγχάνω
599 1628 633 1649 v.
661 1615 846 1664 κιχάνω.
1043 1617 1075 1661 (1
1092 1627 1125 1660 p.
1148 1614 1228 1659 958,
1250 1615 1304 1662 3.)

353 1671 493 1710 Kition
532 1675 588 1708 ών
611 1684 718 1707 mons.
758 1673 844 1722 βοῆς
876 1677 978 1710 ποῖος
1009 1671 1189 1722 Κιθαιρὼν
1223 1674 1261 1710 ού
1290 1675 1302 1710 ὶ

282 1720 321 1757 σύ
353 1734 467 1770 φωνος
512 1720 621 1766 ἔσται)
648 1721 706 1754 OR
722 1719 802 1755 421.
830 1720 873 1768 ἦν
901 1721 964 1768 μὲν
990 1719 1169 1770 Κιθαιρών
1196 1720 1262 1756 112
1290 1749 1297 1756 .

279 1767 313 1803 ἔν
342 1763 650 1818 ακλῄζεταιοῦμὸς
661 1764 770 1804 Κιθαι
794 1770 841 1803 ὠν
855 1767 958 1804 1452.
975 1771 1027 1803 De
1041 1774 1211 1803 structura
1224 1781 1301 1803 ver-

282 1819 401 1850 borum
426 1828 457 1849 V.
486 1810 621 1863 κλῄζω.
646 1834 688 1840 -
708 1815 736 1850 ὦ
798 1813 940 1863 ιθαιρών
969 1815 1058 1851 1089
1076 1818 1127 1850 ch.
1158 1818 1185 1853 ὦ
1203 1820 1301 1850 metri

279 1874 379 1932 causa
402 1874 488 1931 cum,
498 1863 599 1933 [ltricl.
629 1863 799 1946 delfg‘ssrat
819 1864 901 1934 JirfL
928 1859 1178 1945 {tir-'Ktitcitpissbv2
1181 1861 1297 1944 61391

279 1908 664 2005 {gffilngzgfftssgzwiq
672 1922 750 1990 134.
756 1922 959 1992 affioe'l'vghust
967 1923 1228 2000 {effecticorum
1245 1924 1301 1992 1·ζῖ

279 2006 407 2038 tionem
426 2006 599 2047 sequitur:
630 2015 662 2036 V.
682 2005 748 2037 EM
764 2016 798 2048 p.
821 2003 901 2048 513,
923 2003 980 2038 29.
1006 2007 1084 2039 Arc.
1105 2016 1138 2048 p.
1162 2004 1218 2048 15,
1239 2003 1272 2039 9.

349 2072 411 2120 [⁸]
429 2070 665 2121 Κῖθᾶρίζω
682 2074 802 2117 fidibus
815 2085 909 2108 cano.
937 2074 977 2109 τί
1002 2086 1070 2110 σοι
1095 2075 1113 2110 ὁ
1140 2071 1299 2111 Ἀπόλ-

276 2121 362 2156 λων
375 2132 423 2155 κε
435 2119 686 2167 κιθάρικεν;
708 2121 746 2156 τὸ
763 2120 1050 2169 κεκιθάρικεν
1070 2121 1144 2157 οἷον
1162 2122 1296 2168 ἐμαν-

276 2167 481 2210 τεύσατο,
504 2168 551 2206 ὥς
570 2179 671 2215 φησιν
690 2166 866 2217 Αἰσχύλος
884 2169 919 2204 ἐν
929 2168 1051 2206 Αἴαντι
1066 2167 1208 2216 Λοκρῷ.
1230 2173 1296 2204 Ze—

275 2217 353 2248 nob.
381 2217 478 2249 Prov.
507 2214 541 2256 6,
571 2214 626 2248 14.
663 2217 768 2249 Recte
794 2218 898 2250 Dind.
930 2219 1119 2259 suspicatur
1142 2219 1297 2260 Sophocli

275 2264 496 2296 tribuendum
522 2273 615 2305 esse,
645 2268 766 2305 estque
789 2274 843 2306 ap.
857 2275 937 2297 eum
961 2266 1017 2297 Ai.
1046 2265 1142 2298 Locr.
1172 2268 1213 2298 fr.
1237 2264 1292 2299 18.

276 2307 512 2357 [κεκιθάρικεν
530 2314 582 2343 est
599 2320 733 2352 quoque
750 2321 804 2352 ap.
825 2312 947 2345 Macar.
967 2313 1063 2344 Prov.
1085 2309 1118 2353 8,
1141 2310 1199 2354 37,
1220 2311 1296 2346 ἐκι-

278 2356 416 2403 θάρισεν
442 2367 495 2399 ap.
516 2358 685 2390 Plutarch.
706 2358 803 2391 Prov.
822 2356 854 2399 1,
875 2358 908 2391 7.
929 2359 1088 2399 Indagato
1105 2360 1187 2392 vitio
1205 2364 1295 2392 recte

275 2402 493 2449 ἐντεθρίακεν
516 2404 643 2437 Nauck.
664 2415 697 2438 v.
719 2402 919 2451 ἐνθριάζω.]

338 2470 428 2510 Κῖκ
437 2473 490 2521 λή
502 2485 588 2510 σκω
602 2477 728 2508 invoco.
745 2474 803 2510 τὸν
815 2474 1050 2523 χρυσομίτραν
1062 2486 1099 2510 τε
1112 2474 1293 2522 κικλήσκω
1313 2473 1314 2483 ’

276 2521 409 2556 οἰνῶπα
426 2518 620 2569 Βάκχον...
635 2520 852 2570 πελασθῆναι
869 2523 929 2556 OR
945 2520 1014 2556 209
1032 2523 1084 2556 ch.
1115 2521 1152 2556 σέ
1168 2534 1220 2557 τοι
1237 2535 1294 2557 κι-

272 2566 420 2616 κλήσκω
444 2567 503 2603 τὸν
526 2567 706 2604 αἰένυπνον
741 2570 796 2603 OC
817 2567 909 2603 1578
926 2571 978 2604 ch.
1007 2567 1082 2615 [ubi
1107 2571 1173 2603 iota
1190 2572 1292 2604 ascri-

272 2621 330 2659 pto
348 2617 453 2649 estin
472 2616 531 2649 LA
555 2614 750 2663 κικλήισκω
772 2620 812 2649 ut
837 2618 874 2650 in
891 2618 1017 2651 Venet.
1038 2618 1078 2651 11.
1099 2628 1121 2650 κ
1145 2614 1213 2650 300
1236 2629 1292 2651 κι-

273 2660 487 2709 κλήισκετο].

273 2782 289 2813 f
336 2729 458 2814 3Ιὲίλλ
467 2745 490 2767 α
501 2742 624 2766 nomen
638 2735 741 2766 urbis.
763 2729 899 2768 Κίλλαν
915 2743 953 2767 τε
965 2733 1025 2768 καὶ
1034 2731 1175 2781 Χρύσην
1191 2735 1285 2776 Capt.

288 2791 315 2813 r.
387 2806 393 2813 .

343 2845 548 2889 Κΐνᾶδος
572 2850 691 2883 bellua.
720 2862 753 2884 κ.
773 2862 780 2881 :
809 2848 942 2910 θηρίον.
977 2848 1056 2897 ὄφις
1087 2851 1234 2892 Hesych.
1264 2849 1287 2896 ἦ

271 2896 509 2944 τούπίτριπτον
533 2895 673 2935 κίναδος
691 2895 813 2979 &Elpco
836 2910 862 2943 μ
896 2894 1003 2939 ὅπως
1033 2899 1088 2931 Ai.
1113 2896 1288 2944 103[vu1-

271 2954 351 2986 pes:
373 2946 414 2978 de
432 2949 567 2978 versuto
584 2942 716 2990 Ulixe}

272 2993 360 3025 dixit
383 2993 424 3024 de
450 2992 550 3033 Myst.
577 2989 611 3024 4.
647 3001 681 3033 p.
701 2988 747 3025 49
771 2992 886 3024 Reisk.
931 2992 998 3026 Sed
1021 2997 1111 3025 recte
1130 2994 1290 3026 'observat

271 3039 354 3071 Lob.
390 3039 472 3071 falso
497 3049 515 3071 a
531 3039 700 3072 Brunckio
723 3038 791 3071 huc
808 3039 927 3072 referri
941 3039 1027 3072 illud
1043 3038 1233 3081 Etymologi
1250 3050 1284 3082 p.

272 3083 352 3126 514,
376 3083 408 3125 9,
437 3086 496 3118 ubi
513 3087 694 3127 scriptum:
723 3084 780 3132 τῷ
796 3083 969 3119 κινάδει
993 3082 1200 3133 Σοφοκλῆς·
1229 3086 1288 3120 καὶ

271 3130 506 3179 ὑπεστρέψατο
523 3130 696 3179 πανδημεὶ
711 3132 771 3166 καὶ
789 3130 944 3178 συνέμιξε
959 3132 1011 3178 τῷ
1027 3131 1169 3175 κινάὸει,
1199 3134 1288 3176 quod

271 3179 372 3219 vulgo
395 3180 487 3212 inter
502 3180 631 3212 incerta
648 3182 701 3212 est
718 3179 788 3213 CV.
808 3177 886 3221 110,
905 3177 928 3212 2
944 3181 1042 3212 Brck.
1095 3181 1160 3214 Sed
1176 3186 1215 3213 ut
1231 3181 1289 3212 illa

273 3223 506 3272 ὑπεστρέψατο
531 3224 704 3272 πανδημεί
718 3237 751 3259 κ.
771 3237 803 3259 τ.
822 3224 855 3260 λ.
885 3231 1015 3260 certum
1039 3231 1092 3259 est
1117 3227 1288 3269 Sophoclis

755 2943 931 2991 πίτριπτον
947 2942 1087 2983 κίναδος
1100 2946 1289 2979 Andocides

1047 146 1271 214 Κηφισός
1298 176 1360 185 --
1388 148 1591 216 Κιχάνω

1313 2405 1364 2459 ΙΙΡ.
1386 2392 1443 2435 767
1463 2392 1497 2427 4.
1527 2395 1636 2428 Schol.
1657 2397 1746 2427 Ven.
1767 2399 1802 2427 et
1818 2395 1919 2427 Eust.
1940 2395 1980 2426 ad
1996 2396 2037 2427 Il.
2059 2407 2087 2427 ω
2104 2391 2162 2428 86.
2215 2403 2236 2433 χ
2274 2406 2282 2410 ⁴·

2258 70 2288 107 ,ὲ

2044 162 2078 211 [1
2093 173 2130 208 p.
2146 162 2288 203 957—8

1418 260 1631 312 Κινᾶκης.
1660 266 1748 300 κινά·
1800 279 1807 299 :
1837 266 1854 302 ὁ
1881 265 2068 315 ἀκινάκης,
2100 269 2248 318 κινάκηζ
2273 276 2288 306 1

1348 309 1526 359 Σοφοκλεῖ
1539 312 1598 357 (fr.
1619 315 1687 347 inc.
1708 277 1794 359 895ss
1818 315 1883 348 EM
1900 325 1934 357 p.
1956 313 2036 356 514,
2056 313 2116 350 27.
2283 333 2288 344 ι

1417 377 1451 417 K
1463 379 1523 416 ινδ
1533 375 1552 416 ύ
1562 395 1579 416 ν
1589 394 1606 416 ε
1615 395 1633 417 υ
1644 396 1670 428 μ
1679 396 1701 418 α
1720 384 1918 424 periculum.
1954 382 2027 430 ἦθλ
2055 397 2097 420 σα
2129 360 2288 435 mamad

1344 427 1382 463 ἐν
1398 428 1508 476 τώμῷ
1522 428 1614 476 κάρᾳ
1631 430 1686 464 OO
1700 427 1782 476 564.
1802 430 1904 466 ποῖόν
1916 443 1948 466 τι
1960 431 2184 479 κινδυνευμα;
2206 435 2288 470 Ant.

1417 495 1575 534 Κῖνέω.
1603 500 1617 543 l}
1641 501 1778 542 Proprie
1801 501 1843 534 de
1865 502 1935 535 loco
1959 512 2157 536 commovw.
2184 503 2288 541 κινεῖῗ

1345 544 1432 592 ἁνὴρ
1451 544 1549 592 ὄμμα
1564 548 1625 580 Ph.
1647 544 1728 581 866.
1759 559 1784 593 μ
1812 545 1849 582 δέ
1867 559 1903 582 σε
1920 548 2095 595 κινησάτω
2112 562 2164 589 τις
2177 553 2234 584 Ai.
2255 549 2272 590 1

1342 593 1400 628 τὸν
1425 591 1613 628 λεύκασπιν
1638 592 1746 641 ἄνδρα
1770 559 1918 643 ὀρυτέρῳ
1943 595 2113 642 κινήσασα
2128 596 2262 645 χαλινῷ

1346 637 1412 673 109
1429 642 1480 673 ch.
1510 643 1546 673 in
1570 642 1704 674 celerem
1727 641 1849 683 fayam
1879 644 2019 677 vertens.
2055 641 2128 690 [00
2156 640 2222 679 193
2239 645 2288 688 oh}

1342 685 1433 722 πόδα
1449 685 1568 737 κλίνης
1587 692 1640 721 est
1663 691 1700 721 in
1718 689 1779 721 LA
1795 691 1836 721 ab
1854 689 1876 723 S
1893 700 1944 736 γρ.
1965 689 2129 738 κινήσηισ
2145 693 2271 736 ascrip

1341 736 1429 767 Item
1454 736 1495 768 de
1520 737 1622 768 armis
1647 734 1861 768 admovendis
1883 738 2016 779 passive
2038 738 2163 771 dicitur
2186 750 2278 774 κινοῐ

1340 779 1381 816 λό
1411 793 1442 816 οι
1466 780 1552 828 πρὸς
1577 780 1660 817 ἄστυ
1678 779 1798 863 Θήβης
1823 782 1878 816 OC
1899 780 1999 818 1371.
2032 786 2084 818 De
2100 785 2263 828 procella:

1343 827 1381 862 ελ
1406 842 1428 863 α
1451 827 1634 874 κινηθεῖσα
1661 829 1716 863 OG
1736 828 1751 862 1
1781 827 1838 863 60.
1859 848 1901 855 —
1920 830 1935 873 11
1952 831 2069 865 tralate
2086 834 2201 874 excito,
2239 849 2245 861 ι
2265 830 2271 839 “

1342 877 1384 909 de
1402 886 1435 909 re
1452 877 1602 909 occulta:
1628 875 1715 911 κίνει
1738 874 1852 920 (τάκίν
1879 889 1942 919 τα,
1971 877 2104 924 arcana)
2131 878 2236 924 μόνον
2259 878 2272 908 ι’

1342 917 1390 957 ’πὶ
1414 921 1568 970 κέρδεσιν
1591 921 1702 970 λέγων
1738 926 1821 956 Ant.
1844 922 1860 956 1
1889 923 1946 958 61.
1984 923 2006 959 ὁὶ
2032 923 2060 959 δ’
2087 923 2244 974 ἐξάγιστα

1342 973 1487 1004 κινεῖται
1518 968 1611 1017 λόγῳ
1646 970 1701 1004 OC
1722 968 1812 1004 1526
1837 973 1860 1004 i.
1882 982 1914 1014 q.
1942 970 1986 1006 τὸ.
2010 970 2154 1020 ἄρρητα.
2191 974 2243 1007 De
2268 992 2273 1001 ν

1341 1021 1479 1064 κινῆσαι
1496 1017 1624 1063 πατρὸς
1639 1017 1678 1052 τὸ
1693 1016 1956 1063 δυσπρόσοιστον
1973 1018 2238 1067 κάπροσήγορον
2256 1026 2279 1047 -’

1342 1065 1397 1098 OC
1419 1062 1519 1097 1276.
1548 1063 1708 1111 λαμπρὸν
1731 1062 1834 1110 ἡλίου
1861 1063 1963 1105 σέλας
1988 1064 2060 1113 ἑῷα
2085 1070 2175 1102 κινεῖ
2191 1066 2239 1114 φθ
2254 1087 2258 1094 ·
2274 1063 2279 1102 s

1341 1109 1486 1158 ὀρνίθων
1505 1112 1558 1144 El.
1583 1110 1636 1145 18.
1665 1114 1717 1145 De
1734 1113 1845 1145 dolore
1861 1117 1896 1146 et
1912 1115 2010 1146 malie
2026 1115 2205 1148 universe:

1339 1157 1448 1207 νήσης
1466 1157 1583 1206 ἀγρίαν
1602 1157 1726 1206 ὀδύνην
1744 1158 1872 1205 πατρός
1888 1161 1944 1193 Tr.
1966 1158 2038 1194 974
2055 1172 2099 1194 m.
2129 1159 2201 1196 ἴδια
2217 1174 2253 1196 κ
2268 1168 2273 1190 7

1339 1217 1393 1243 τες
1410 1206 1503 1240 κακοί
1521 1207 1579 1239 OR
1596 1203 1677 1239 636.
1714 1208 1871 1249 Denique
1896 1208 1938 1240 de
1963 1210 2122 1241 conviciis
2147 1211 2184 1242 in

1338 1253 1502 1286 iactandis
1519 1257 1572 1286 est
1605 1251 1716 1300 ἐγερτὶ
1743 1258 1848 1288 κινῶν
1881 1252 2011 1299 [κεῖνον
2037 1253 2112 1300 LA]
2145 1253 2239 1302 ἄνδρ’
2253 1258 2270 1294 ,ζ

1340 1297 1535 1347 ἐπιρρόθοις
1551 1303 1692 1335 κακοῖσι
1707 1302 1790 1334 Ant.
1811 1299 1892 1343 413,
1922 1302 2117 1336 Schneider.
2137 1304 2218 1337 olim
2255 1318 2259 1332 ι

1340 1345 1558 1394 ἐγερσικινῶν
1575 1349 1775 1381 coniecerat.
1796 1349 1992 1381 Illustratur
2010 1350 2070 1382 illa
2085 1351 2138 1382 vis
2155 1350 2257 1388 verbi·

1341 1396 1519 1427 tenbachio
1541 1395 1582 1427 ad
1598 1395 1678 1431 Plut
1703 1396 1744 1428 de
1761 1405 1826 1428 ser.
1847 1405 1930 1428 num
1947 1397 2041 1432 vind.
2061 1406 2096 1439 p.
2120 1394 2161 1430 11
2187 1395 2229 1442 (t.
2257 1413 2262 1440 j

1341 1439 1408 1475 481
1424 1440 1550 1486 Lips.].
1563 1459 1605 1466 -
1626 1443 1677 1475 De
1696 1444 1785 1476 foliis
1800 1444 1919 1485 populi
1934 1444 2069 1484 agitatis
2084 1445 2238 1486 quamvis

1341 1490 1426 1521 sima
1442 1500 1522 1522 aura
1535 1491 1619 1530 Aeg.
1642 1491 1683 1522 fr.
1702 1486 1749 1522 24
1774 1491 1821 1522 sic
1842 1491 1943 1531 vulgo
1967 1492 2086 1523 vitiose
2110 1488 2267 1532 legitur}

1340 1533 1427 1570 ἄλλο
1447 1535 1575 1582 μηδὲν,
1604 1534 1695 1570 ἀλλὰ
1709 1534 1890 1583 τούκείνης
1910 1535 2002 1583 κάρα
2025 1536 2214 1586 κινήσῃς
2242 1557 2267 1583 ῃ

1341 1581 1562 1630 ἀνακουφίζει
1586 1583 1708 1629 πτερόν
1734 1584 1880 1617 Brunck.
1908 1578 2023 1618 κινεῖτ’
2053 1583 2088 1618 ἐν
2114 1582 2233 1631 αὔραις

1340 1629 1508 1676 κουφίζει.
1537 1631 1733 1663 Schneider.
1762 1629 1894 1678 κίνησις
1920 1628 2083 1677 αὔραισιν.
2120 1630 2194 1665 Νοῐι
2218 1629 2253 1666 d

1340 1674 1445 1722 [κινεῖ
1467 1688 1518 1715 τις
1543 1675 1630 1724 αὔρα
1653 1675 1777 1712 κάνακ.
1799 1688 1855 1712 πτ.
1885 1680 2076 1720 suspicatur
2091 1678 2195 1712 Dind.
2239 1687 2257 1716 ι’,

1339 1725 1447 1756 tiente
1464 1725 1510 1757 M.
1535 1723 1716 1771 Schmidt]
2236 1724 2238 1731 ⁴
2255 1745 2261 1762 ¹.

1408 1778 1628 1830 *Κίνησις
1654 1795 1686 1816 v,
1715 1781 1833 1818 κινέω.
2074 1783 2106 1828 (Ι
2122 1794 2156 1827 p.
2178 1779 2199 1817 9

1319 1862 1322 1881 ,
1408 1837 1601 1888 [Κίρκος
1619 1843 1643 1874 i.
1664 1853 1697 1884 q.
1718 1841 1838 1888 κρίκος
1856 1844 1971 1884 circus,
1991 1844 2195 1885 accipitrum<
2210 1858 2237 1871 ⁴

1338 1883 1470 1934 Κρίκος
1552 1887 1623 1923 ἔστι
1648 1886 1675 1922 δ’
1701 1887 1757 1923 ὅτε
1782 1888 1841 1924 καὶ
1865 1887 1901 1924 ἐν
1917 1887 2103 1935 ὑπερθέσει
2118 1887 2259 1936 ximo-⁴·

1337 1933 1422 1974 ξασα
1446 1934 1588 1981 κίρκους
1622 1935 1715 1983 παρὰ
1741 1934 1830 1983 Σοφ.
1850 1935 1909 1981 (fr.
1929 1938 1997 1970 inc.
2018 1933 2104 1981 786)
2135 1937 2231 1970 Grae-1
2266 1942 2268 1944 ’

1339 1981 1369 2014 1.
1391 1993 1425 2025 p.
1445 1980 1527 2023 223,
1550 1981 1623 2028 11.]

1406 2037 1633 2088 Κισσήρης
1649 2041 1766 2074 hedera
1782 2043 1937 2074 conanus.
1966 2038 2129 2076 Νυσαίων
2147 2040 2186 2088 ὀρ
2248 2029 2254 2036 ’

1336 2087 1449 2134 σήρεις
1466 2086 1572 2136 ὄχθαι
1588 2091 1670 2122 Ant.
1694 2086 1785 2122 1132
1798 2089 1849 2122 ch.
1878 2090 2049 2122 Accentus
2067 2093 2207 2122 constat.
2240 2088 2253 2126 ξ

1404 2155 1571 2197 Κισσός
1596 2159 1724 2192 hedera.
1752 2158 1867 2197 κισσὸς
1892 2159 1939 2197 ὡς
1964 2156 2086 2204 ἀτενής
2113 2161 2196 2192 Ant.
2220 2160 2240 2192 :J
2283 2174 2286 2179 ·

1332 2207 1443 2239 Aliter
1459 2208 1674 2248 interpungit
1686 2207 1912 2247 Musgravius‚
1941 2203 2066 2250 ἀτενής
2088 2211 2127 2238 ut
2145 2206 2186 2239 ad
2201 2214 2241 2240 ι,

1333 2251 1476 2299 πετραία
1501 2251 1631 2298 βλάστα
1648 2254 1824 2286 referatur.
1854 2250 2079 2299 ἀναταράσσει
2095 2251 2170 2287 εὐοῖ
2210 2249 2222 2269 ¹
2282 2288 2284 2292 ,

1334 2299 1390 2338 σός
1410 2302 1463 2333 Tr.
1485 2298 1553 2333 219
1571 2302 1623 2334 ch.
1643 2312 1676 2332 v.
1698 2298 1933 2346 ἀναταράσσω.
1961 2299 2019 2334 τὸν
2037 2294 2156 2334 οἰνῶπ’
2208 2342 2211 2346 7
2232 2299 2243 2332 ¹.

1331 2346 1446 2381 κισσόν
1472 2347 1526 2381 OC
1545 2344 1614 2380 674
1638 2349 1679 2380 de
1697 2348 1860 2388 luscinia,
1889 2357 1922 2380 V.
1943 2344 2071 2394 ἀνέχω.
2101 2348 2154 2380 De
2169 2349 2237 2387 to,

1402 2460 1435 2499 K
1450 2463 1546 2511 ίστη
1571 2467 1664 2497 cista.
1694 2462 1866 2498 καλυπταὶ
1896 2462 2008 2498 κίσται
2034 2462 2135 2510 ῥιζῶν
2160 2473 2210 2512 κρ,
2234 2502 2245 2517 r

1330 2511 1602 2597 ᾔρὲάςςὶέἶὴίῑοῐ.
1632 2513 1673 2543 fr.
1702 2509 1789 2552 479,
1818 2510 1851 2544 5.
1898 2511 2030 2544 Tonum
2053 2510 2181 2544 notavit

1402 2612 1484 2663 Κιχ
1497 2610 1545 2651 ἅν
1557 2630 1585 2651 ω
1602 2626 1779 2658 consequor
1795 2617 1997 2649 necessitate
2014 2617 2067 2648 vel
2086 2615 2188 2648 consil
2287 2649 2288 2654 ,

1329 2666 1432 2696 ciscor
1456 2658 1552 2697 forte.
1594 2665 1654 2696 Illa
1680 2668 1846 2706 potestate
1871 2664 2062 2705 praeditum
2087 2666 2174 2695 estz-
2190 2660 2231 2706 ’ng'
2286 2675 2288 2704 l

1330 2722 1388 2755 pax
1404 2709 1463 2748 οὺς
1479 2709 1605 2757 κίχωσι
1620 2713 1681 2744 τοῦ
1700 2709 1796 2744 κάτω
1814 2708 1897 2744 θεοῦ
1920 2711 1976 2742 Ai.
1997 2707 2063 2743 571
2084 2706 2187 2754 [secl.
2204 2715 2222 2754 J
2270 2738 2277 2755 7

1329 2722 1446 2802 μοέὼν
1469 2763 1585 2804 χῶρον
1610 2753 1681 2792 ἔνθ’
1707 2755 1746 2791 ἂν
1774 2756 1895 2803 ἀστιβῆ
1921 2755 2012 2803 κίχω
2030 2754 2109 2789 657.
2138 2753 2171 2789 d

1330 2804 1379 2850 μὴ
1397 2805 1533 2852 κιχάνει
1549 2806 1604 2838 OC
1624 2802 1715 2838 1450
1733 2815 1777 2837 m.
1806 2806 1871 2836 nisi
1888 2803 2015 2847 aliquid
2032 2803 2136 2844 fatale
2158 2819 2165 2830 ι
2230 2838 2231 2843 ,

1329 2852 1513 2884 Hermann.
1550 2853 1703 2884 Aliorum
1726 2852 2025 2894 interpretationes
2050 2851 2195 2890 omitto-’r

1328 2901 1398 2932 veri
1414 2900 1589 2932 scholiasta
1605 2900 1701 2931 vidit.
1723 2899 1794 2931 Hac
1810 2908 1907 2930 vero:
1929 2891 1982 2943 ἄρ’
1999 2891 2045 2930 ἔτ’
2063 2894 2153 2943 ἐμψύ
2268 2938 2275 2945 ⁴

1329 2945 1420 2980 σεταί
1439 2957 1504 2991 μου
1521 2944 1580 2980 καὶ
1595 2943 1848 2992 κατορθοῦντος
1873 2943 1998 2990 φρένας
2028 2944 2084 2977 OC
2105 2942 2120 2976 1
2208 2988 2211 2989 ⁷

1327 2995 1418 3025 tivus
1437 2994 1609 3026 absolutus
1627 2997 1689 3034 est,
1711 2992 2051 3032 subaudiendumque
2068 2991 2109 3023 ad
2126 2990 2215 3026 verb·
2266 2995 2269 3031 g

1327 3034 1490 3086 μητρῴαν
1525 3038 1553 3072 δ’
1588 3038 1673 3074 ὅπου
1706 3037 1801 3085 κίχοι
1834 3036 1958 3083 διπλῆν
1984 3036 2132 3084 ἄρουραν
2157 3033 2230 3078 οὗ.

1325 3086 1454 3121 τέκνων
1471 3087 1530 3120 OR
1549 3084 1649 3120 1257.
1672 3104 1713 3110 —-
1741 3088 1827 3120 Cum
1847 3087 1955 3128 prima
1978 3086 2104 3125 syllaba
2125 3084 2238 3136 ham-4
2260 3115 2271 3127 .-

1326 3135 1540 3176 corripiatur,
1570 3134 1708 3175 produci
1733 3138 1848 3166 autem
1872 3136 2008 3174 propter
2024 3135 2217 3177 metrumgys

1325 3182 1512 3213 necessario
1529 3181 1585 3214 OC
1605 3178 1706 3221 1450,
1735 3181 1863 3212 dudum
1880 3180 1994 3211 Herm.
2015 3179 2057 3211 de
2073 3187 2139 3210 em.
2157 3186 2196 3214 tq·

1325 3238 1359 3269 p.
1381 3225 1426 3260 60
1449 3229 1591 3260 coniecit
1622 3226 1778 3274 κιγχάνει
1809 3225 1890 3271 [rec.
1911 3222 2047 3270 Dind.].
2082 3225 2180 3256 Libro
2202 3222 2209 3267 J
2258 3256 2273 3273 μ

271 3282 338 3305 non
355 3282 450 3312 esse,
479 3275 525 3305 ita
549 3274 591 3306 de
615 3273 727 3306 dativo
750 3277 842 3306 certe
866 3283 933 3306 non
957 3278 1048 3306 recte
1070 3275 1218 3306 dubitari
1234 3275 1286 3306 vi·
1324 3274 1383 3307 PA
1408 3273 1563 3321 κιχάνει,
1592 3275 1789 3307 correctioni
1813 3274 1939 3315 aliquid
1965 3275 2174 3320 momentum⁴
2203 3284 2207 3303 τ

271 3319 387 3360 detur,
420 3324 460 3352 ut
492 3320 558 3352 duo
591 3320 744 3352 eiusdem
777 3321 903 3353 formae
933 3321 1107 3363 exempla,
1144 3322 1287 3354 alterum
1324 3315 1521 3354 accedet‘ex
1539 3322 1611 3362 LA,
1631 3322 1668 3353 in
1685 3331 1751 3362 quo
1768 3330 1820 3362 pr.
1840 3318 2018 3366 τυγχάνηι,
2041 3320 2081 3350 ab
2098 3315 2222 3355 eada-³72·
2251 3357 2254 3360 ⁴

272 3366 502 3407 Sophocleum,
524 3367 694 3409 scriptoris
708 3368 931 3400 nesciocuius
948 3368 1104 3409 alterum,
1124 3369 1160 3400 in
1178 3377 1287 3401 unum
1323 3369 1462 3410 antiqua
1486 3373 1670 3400 correctum
1698 3377 1800 3400 manu
1824 3378 1870 3400 κι·
1888 3367 1978 3412 άνηι.
2022 3365 2147 3398 Eadem
2176 3376 2220 3400 ³²⁴:

271 3413 433 3446 coaluisse
450 3418 580 3454 putem.

1323 3424 1408 3457 opus
1426 3416 1546 3447 Aesch.
1577 3415 1658 3448 Cho.
1678 3411 1757 3447 620.
1787 3404 1886 3446 ΕοτΪ
1901 3415 2005 3455 Hipp.
2029 3408 2129 3444 1444.
2156 3410 2183 3442 A
2201 3403 2267 3459 ζ
