2288 3600
249 134 345 182 150

312 247 480 287 Γνωτός
505 253 615 282 notus.
656 248 748 284 νωτὰ
765 248 854 283 κούκ
871 248 1009 296 ἄγνωτά
1027 261 1086 295 μοι
1103 246 1260 295 προσήλ*

689 298 816 329 dictum
845 299 885 330 ab
911 297 1009 329 Eust.
1040 300 1260 329 memoratum

240 292 314 332 983³
334 296 519 342 ἱμείροντες
542 297 601 329 OR
617 294 637 330 5

239 356 274 386 p.
296 342 375 385 6-15,
400 341 454 377 16.
479 342 580 385 1451,
606 342 636 376 1.
660 341 762 384 1898,
783 341 845 386 57,
876 345 980 378 S¹lida
996 355 1028 376 V.
1050 341 1193 390 γνωτός.
1217 361 1257 367 -

239 391 282 437 ἢν
308 389 503 437 (μαντείαν)
529 388 597 425 οὔτ’
623 389 680 425 ἀπ’
706 390 838 425 οἰωνῶν
872 390 911 425 σὺ
937 389 1140 438 προύφάνης
1167 388 1259 437 ἔχων

241 437 309 473 οὔτ’
328 438 368 473 ἐκ
385 435 474 473 θεῶν
492 450 552 473 του
571 438 699 485 γνωτόν
713 438 770 471 OR
783 436 851 471 396
868 441 892 471 i.
910 449 942 480 q.
965 438 1118 484 ἔγνωκας
1137 435 1205 471 οὔτ’
1224 436 1260 477 ἐξ

240 486 371 520 οἰωνῶν
398 484 474 520 οὔτε
500 483 589 520 θεῶν
611 485 713 523 τινός.
737 504 778 510 —-
799 485 839 520 ἐκ
861 485 972 532 κάρτα
998 484 1104 531 βαιῶν
1132 484 1261 532 γνωτὸς

240 531 280 568 ἂν
297 531 418 580 γένοιτ’
435 532 523 579 ἀνήρ
541 534 654 566 Inach.
677 535 718 565 fr.
731 531 811 573 225,
825 531 857 566 2.
888 535 984 566 Hanc
1002 535 1140 566 formam
1158 543 1257 575 quam

239 582 339 614 solam
358 582 483 614 Atticis
500 582 657 613 usitatam
677 581 758 613 dicit
775 581 911 622 Elmsl.,
933 582 1106 621 antiquam
1123 582 1258 613 atticam

239 633 333 660 vocat
350 629 479 660 Buttm.
501 638 548 669 gr.
578 627 600 672 5¹
621 625 703 669 102,
733 632 802 660 not.
825 626 858 668 7,
890 630 929 660 ab
954 630 1092 669 antiquo
1115 628 1258 660 Atthide

239 677 338 718 plane
356 676 523 708 abiudicat
533 676 653 708 Bloms.
668 677 707 708 ad
725 676 817 708 Pers.
829 673 917 708 403:
940 677 999 717 qui
1018 686 1117 716 quem
1135 680 1258 707 testem

237 724 392 765 producit
408 724 549 755 Dorvill.
572 724 613 755 ad
631 723 729 756 Char.
748 733 782 764 p.
804 720 890 764 403,
921 733 965 756 ex
990 733 1027 754 eo
1055 724 1141 754 nihil
1159 723 1258 755 disci-

237 774 306 803 tur.
335 770 493 803 Ceterum
511 771 697 803 secundum
721 772 921 811 tragicorum
938 780 1038 803 usum
1056 771 1139 802 haec
1156 780 1256 802 sensu

239 819 419 858 differunt,
450 822 488 849 ut
514 827 579 849 non
609 819 739 859 possint
765 828 841 850 cum
866 815 1033 855 κλαυστός
1058 822 1092 849 et
1109 816 1257 855 κλαυτός

238 865 408 898 contendi.
438 865 503 906 Ap.
519 865 668 905 Thucyd.
687 866 866 906 utriusque
880 866 1004 897 formae
1023 866 1178 906 exempla
1196 875 1257 896 ex-

239 916 348 945 stant:
371 923 402 943 v.
424 913 536 953 Poppo
554 916 622 944 not.
637 914 710 944 crit.
729 913 767 943 ad
783 909 814 951 3,
833 909 889 944 94.
913 913 958 944 Et
974 914 1164 944 tenuiorem
1183 923 1258 944 cum

238 960 342 992 altera
367 956 623 1005 άναλογώτερον
642 960 729 991 dicat
748 960 847 991 Eust.
869 970 903 1001 p.
925 957 1004 1000 400,
1027 957 1085 999 25,
1108 960 1167 991 hoc
1185 961 1258 1001 ipso

237 1011 414 1049 utramque
439 1008 474 1038 in
493 1017 558 1039 usu
575 1009 683 1039 fuisse
701 1008 878 1048 significat.

308 1063 509 1109 Γοάομαι
535 1065 648 1106 defleo.
685 1064 774 1111 ἀμφί
808 1076 857 1098 νιν
883 1066 1060 1110 γοώμενος
1095 1066 1149 1097 Tr.
1173 1062 1254 1098 937.

237 1115 342 1158 γοᾶτο
361 1110 386 1146 δ’
408 1112 508 1147 εὐνάς
525 1113 583 1146 OR
603 1110 703 1145 1249.
728 1132 769 1137 —
789 1111 902 1147 πολλοὶ
919 1113 983 1157 μέν
1002 1107 1035 1145 σ’
1054 1112 1122 1170 εγὼ
1139 1115 1259 1146 κατεῖ-

237 1161 295 1195 δον
313 1155 527 1206 πανδάκρυτ’
552 1158 728 1206 ὀδύρματα
744 1159 808 1205 τὴν
830 1155 1039 1207 “Ηράκλειον
1059 1159 1175 1202 ε’ξοδον
1194 1172 1256 1207 γο-

239 1207 377 1254 ωμένην
398 1209 452 1240 Tr.
475 1206 531 1240 51.
569 1208 621 1239 De
648 1218 713 1249 qua
731 1209 864 1240 dicendi
887 1210 1016 1240 ratione
1035 1219 1109 1240 cum
1128 1218 1189 1250 per
1207 1218 1258 1240 sa-

236 1261 347 1289 turam
373 1256 536 1297 quaedam
555 1257 802 1296 congessissent
820 1256 909 1287 Pors.
932 1256 973 1287 ad
992 1255 1115 1288 Phoen.
1139 1252 1207 1287 300
1225 1260 1259 1287 et

238 1304 340 1337 Seidl.
369 1303 409 1335 ad
427 1303 472 1335 ΙΤ
493 1299 602 1343 1061,
633 1304 882 1335 absolutissime
906 1305 1066 1344 exposuit
1084 1304 1164 1336 Lob.
1186 1313 1257 1335 mo-

239 1360 332 1391 nogr.
353 1352 408 1390 fig.
431 1359 566 1390 gramm.
588 1359 621 1391 p.
646 1347 707 1382 16:
742 1359 842 1391 quam
859 1351 1124 1391 disputationem
1141 1351 1176 1382 in
1196 1360 1258 1382 no-

237 1409 312 1430 vam
344 1399 459 1429 Aiacis
492 1397 675 1429 editionem
707 1402 881 1438 receptum
914 1399 957 1442 iri
990 1407 1175 1438 speramus.
1216 1415 1256 1420 -

237 1447 395 1478 Activum
413 1446 496 1488 γοᾶν
515 1454 694 1476 senescens
709 1445 879 1476 Graecitas
898 1446 1007 1485 habet,
1031 1447 1126 1477 velut
1140 1446 1259 1478 Orina-

156 1503 159 1506 ⁴
236 1503 329 1534 goras
346 1493 450 1525 Auth.
471 1492 541 1524 Pal.
567 1489 596 1523 1.
617 1502 651 1533 p.
674 1489 753 1524 500.
783 1493 975 1524 Eutolmius
992 1502 1025 1533 p.
1049 1490 1128 1525 401.

47 1507 72 1676 l
93 1462 258 1651 *JK-o
308 1559 533 1609 Γογγύλος
558 1562 731 1594 rotundus.
752 1561 919 1608 γογγύλον
940 1562 1044 1608 μόρον
1063 1565 1191 1602 Polyid.
1213 1565 1254 1596 fr.

260 1607 305 1643 62
316 1612 350 1651 b,
371 1607 393 1642 2
411 1620 463 1652 ap.
486 1610 612 1642 Athen.
633 1620 666 1651 p.
690 1607 730 1642 51
752 1611 783 1643 d.
806 1608 1138 1654 Eusnssb‘ssffssfihffl,
1168 1612 1256 1652 apud

12 1822 196 1991 sss.

0 2783 73 2924 &L

235 1668 336 1699 quem
362 1654 571 1703 στρογγύλος
594 1658 736 1698 legitur,
765 1662 798 1689 et
824 1658 882 1690 Gr.
903 1659 1008 1691 Bekk.
1036 1669 1070 1700 p.
1092 1656 1179 1699 361,
1211 1656 1256 1691 20

238 1703 369 1750 [11111γο
415 1701 535 1748 ύλων].
559 1722 600 1727 -
628 1705 816 1737 Accentum
849 1707 983 1746 generis
1020 1707 1147 1737 notavit
1174 1706 1251 1737 Arc.

237 1764 270 1795 p.
293 1750 349 1793 56,
372 1716 429 1785 14.
451 1752 516 1784 ΕΜ
532 1762 566 1793 p.
589 1748 643 1792 11,
664 1749 698 1783 4.
719 1749 775 1793 40,
798 1750 831 1785 8.
930 1750 961 1796 (Ι
979 1764 1011 1794 p.
1035 1750 1103 1785 374
1120 1754 1180 1785 lin.
1203 1751 1256 1796 7.)

307 1808 470 1848 Γονεύς
499 1820 631 1851 parens.
670 1811 812 1843 Pluralis
844 1813 934 1843 solus
964 1813 1142 1853 reperitur.
1186 1816 1255 1844 τῶν

236 1858 382 1905 οἰκτρῶς
408 1855 602 1905 οἰχομένων
628 1856 758 1902 γονέων
777 1859 830 1890 El.
856 1856 922 1891 146
940 1869 984 1891 m.
1014 1857 1142 1904 γονέων
1162 1857 1255 1892 ἐκτί-

236 1917 322 1951 μους
347 1903 495 1953 ἴσχουσα
519 1891 686 1984 πτζρὲγας
712 1904 801 1950 γόων
828 1903 893 1938 241
914 1917 958 1938 m.
991 1918 1022 1938 V.
1053 1904 1193 1950 ἕκτιμος
1222 1910 1256 1938 et

237 1953 340 1986 Seidl.
364 1955 404 1986 ad
421 1953 504 1985 Eur.
527 1953 580 1984 El.
626 1949 682 1985 42.
705 1953 804 1985 Eust.
829 1964 862 1994 p.
887 1950 987 1994 1514,
1010 1951 1073 1992 22,
1104 1954 1198 1986 Suid.
1220 1965 1251 1984 v.

236 1999 389 2046 ἔκτιμος,
410 2001 531 2032 Zonar.
551 2009 584 2040 p.
607 1996 687 2032 653.
716 2002 850 2045 γονεῦσι
868 1997 910 2040 δ’,
939 1998 973 2034 οἵ
990 1998 1022 2033 σ’
1050 1999 1178 2046 ἔφυσαν
1198 2001 1255 2033 OR

235 2045 316 2081 436.
335 2050 410 2085 τοῖς
429 2046 528 2092 ἐμοῖς
546 2044 669 2091 [πάλαι
685 2049 771 2079 coni.
787 2046 910 2092 Dind.]
929 2051 1081 2094 γονεῦσιν
1103 2045 1204 2080 1495.

308 2115 435 2163 Γονή.
455 2117 469 2160 ΙΙ
486 2120 576 2149 ortus
594 2121 623 2149 et
641 2127 753 2158 yenus.
776 2118 804 2150 ὦ
821 2117 906 2165 γονῇ
927 2120 1061 2165 γενναῖε
1080 2115 1250 2150 OR1469.

238 2166 311 2198 Erf.
333 2170 367 2198 et
383 2166 499 2197 Herm.
522 2165 731 2206 explicantes
750 2167 804 2206 qui
821 2175 891 2197 non
908 2175 941 2197 es
959 2167 1088 2197 incestis
1103 2167 1254 2205 parenti-

238 2213 295 2245 bus
311 2216 410 2244 natus
428 2221 495 2244 non
512 2213 627 2254 probo,
649 2212 737 2253 quod
753 2213 788 2244 id
806 2214 1021 2254 opprobrium
1040 2222 1082 2244 ne
1100 2215 1135 2244 in
1154 2212 1255 2244 Oedi-

236 2270 317 2302 pum
337 2259 485 2302 quidem,
506 2260 565 2301 qui
581 2260 743 2300 loquitur,
766 2260 863 2291 cadit.
900 2260 970 2291 Nec
988 2261 1147 2302 Apitzius
1164 2263 1255 2291 recte

237 2305 471 2354 γενναιότατον
490 2307 637 2349 explicat
657 2307 696 2338 ad
716 2307 771 2338 Tr.
795 2303 873 2346 166,
897 2308 956 2339 sed
972 2308 1176 2348 interpretor
1201 2308 1254 2338 in-

236 2355 350 2395 qenita
377 2353 548 2386 nobilitate
571 2356 804 2394 conspicuum,
833 2355 1112 2394 quemadmodum
1143 2358 1255 2386 contra

236 2402 337 2443 plane
355 2402 478 2433 dicitur
495 2399 512 2435 ὁ
540 2398 648 2446 μηδὲν
667 2399 714 2433 ὢν
732 2402 882 2447 γοναῖσιν
907 2402 963 2434 Ai.
988 2398 1089 2433 1094.
1113 2419 1153 2425 —
1174 2400 1258 2447 γονῇ

238 2449 401 2495 πεφυκὼς
416 2445 534 2493 ἠξίουν
552 2446 746 2494 γεραίτερος
764 2447 819 2480 OC
841 2445 929 2480 1294
945 2452 1030 2480 natu
1046 2451 1162 2480 maior.
1186 2460 1255 2493 μα-

235 2494 314 2541 τρὸς
332 2493 470 2541 ἔχοντες
488 2493 704 2540 ἀνύμφευτον
723 2494 825 2541 γονάν
843 2496 925 2527 Ant.
947 2491 1016 2527 980
1035 2495 1086 2526 ch.
1109 2495 1255 2535 infausto

232 2544 396 2583 procreati
422 2542 595 2574 connubio.
625 2539 679 2575 οἷς
704 2538 831 2586 ὁμόθεν
857 2540 887 2575 εἶ
912 2540 971 2576 καὶ
988 2541 1075 2588 γονᾷ
1095 2541 1255 2587 ξύναιμος

236 2591 289 2622 El.
315 2587 381 2622 156
398 2589 450 2621 ch.
481 2588 521 2622 ἰὼ
538 2587 646 2635 γοναί,
674 2588 770 2635 γοναὶ
788 2588 958 2634 σωμάτων
984 2589 1062 2634 ἐμοὶ
1082 2587 1254 2634 φιλτάτων

240 2633 330 2669 1232
347 2647 390 2668 m.
430 2637 516 2668 Male
543 2636 667 2668 schol.:
704 2635 800 2682 γοναὶ
827 2637 986 2681 σώματος
1005 2634 1167 2682 φιλτάτου
1193 2638 1254 2669 τοῦ

236 2680 503 2730 Ἀγαμέμνονος.
534 2683 668 2716 Orestes
686 2684 916 2725 compellatur,
937 2688 976 2717 ut
989 2685 1116 2716 dictum
1134 2685 1177 2715 sit
1195 2693 1254 2725 pro

237 2735 339 2775 σῶμα
371 2728 533 2774 ξυναίμου
567 2728 739 2775 φίλτατον.
773 2749 813 2755 -
839 2731 912 2763 Hoc
939 2732 1133 2772 exemplum
1167 2732 1253 2762 viam

236 2778 459 2810 transferendi
484 2778 594 2809 munit
617 2778 787 2818 vocabuli,
825 2782 864 2810 ut
893 2778 908 2820 ΙΙ
936 2779 1063 2819 prolem
1087 2779 1255 2818 significet

237 2826 356 2866 ipsam.
385 2822 486 2870 γονὰς
503 2822 698 2869 κατηκόους
718 2823 884 2871 φύσαντες
902 2826 984 2859 Ant.
1003 2822 1083 2858 641.
1105 2823 1168 2858 εἰσὶ
1184 2823 1254 2871 χά-

236 2870 345 2917 τέροις
371 2869 468 2917 γοναὶ
493 2871 598 2905 κακαί
615 2871 670 2905 OC
691 2868 780 2905 1192
797 2872 882 2904 male
897 2874 1018 2904 morati
1036 2873 1109 2914 filii.
1139 2869 1254 2918 Ζηνὸς

236 2916 439 2962 ταμιεύεσκε
453 2916 555 2964 γονὰς
563 2910 818 2971 χρυσορῇύτους
826 2920 909 2951 Ant.
921 2915 1000 2952 950.
1018 2920 1122 2952 Recte
1133 2920 1248 2951 schoL:

237 2964 272 2998 ἐν
291 2963 380 3012 αὑτῇ
397 2962 470 3011 εἶχε
486 2963 547 3001 τὰς
565 2963 666 3012 γονὰς
683 2969 743 3000 τοῦ
764 2961 864 3003 Διός·
894 2964 911 2998 ὅ
930 2964 1032 3006 ἐστιν,
1055 2964 1176 3010 ἔγκυος
1193 2963 1250 3009 ἦν.

238 3011 292 3044 Sic
305 3013 346 3043 de
360 3013 559 3044 animalibus
577 3015 697 3045 etiam:
720 3007 1056 3059 ἔνεστι(Ἀφροδίτη)
1074 3012 1109 3047 ἐν
1126 3011 1253 3059 χέρσου

234 3056 454 3103 τετρασκελεῖ
478 3059 589 3139 γονῇ,7
602 3061 694 3100 prole
712 3064 815 3092 terrae
832 3061 855 3093 i.
878 3069 908 3092 e.
929 3061 1130 3093 animalibus
1148 3064 1254 3092 terre-

236 3106 371 3146 stribus,
394 3106 436 3137 fr.
456 3107 523 3139 inc.
591 3104 623 3147 8,
649 3104 701 3139 10.
727 3104 876 3152 Ἰλλυρὶς
893 3106 996 3152 γονήι
1018 3105 1092 3140 ἀντὶ
1109 3109 1168 3140 τοῦ
1186 3101 1253 3140 Ἰλ..

235 3150 331 3198 λυρὶς
355 3150 454 3197 γενεά
471 3161 513 3184 ex
542 3154 681 3196 Triptol.
704 3155 744 3186 fr.
766 3152 834 3186 547
852 3158 1070 3186 memoratum
1096 3155 1252 3186 incertis—

236 3200 320 3231 sima
345 3200 424 3231 fidei
448 3199 646 3232 documenta
662 3201 772 3240 habet,
803 3212 834 3233 ν.
864 3199 904 3246 γύ
934 3207 959 3233 ς.
990 3218 1030 3224 -
1065 3202 1253 3233 Accentum

237 3250 395 3279 notarunt
411 3246 521 3278 Amin.
543 3257 576 3289 p.
593 3244 671 3280 125.
693 3247 843 3280 Philemo
856 3258 890 3289 p.
905 3212 961 3280 773.
983 3249 1059 3280 Arc.
1077 3258 1109 3290 p.
1126 3244 1202 3287 112,
1215 3244 1248 3279 2.

307 3312 440 3353 Γόνος
454 3318 572 3356 proles.
606 3316 623 3351 ὁ
642 3314 788 3363 Πηλέως
801 3317 899 3364 γόνος
916 3319 977 3350 Ph.
999 3315 1079 3350 333.
1101 3317 1119 3351 ὁ
1136 3315 1253 3363 Λαέρ-

235 3374 295 3397 του
320 3361 419 3408 γόνος
444 3360 524 3396 366.
546 3362 636 3407 [sine
660 3363 836 3409 articulo:]
872 3367 937 3398 inc.
960 3362 1040 3397 784.
1071 3364 1088 3398 ὁ
1114 3361 1252 3398 Τυδέως

236 3408 334 3456 γόνος
359 3410 421 3443 Ph·
441 3407 521 3442 416-
551 3407 686 3456 Αἰγέως
709 3411 807 3458 γόνος
833 3412 888 3447 OC
906 3408 986 3445 549.
1008 3411 1123 3446 πιστὸς
1145 3405 1252 3446 Ἀτα-

1087 130 1268 185 Γνωτός
1295 161 1357 167 -
1387 130 1503 180 Γοῢν

2212 0 2288 113 ’πῆ

2005 144 2034 187 [1
2045 154 2080 187 p.
2098 117 2288 182 ava-3⁷13

1295 246 1423 295 λάντης
1441 247 1540 294 γόνος
1560 245 1662 282 1322.
1685 249 1702 284 ὁ
1721 247 1835 294 Ζηνὸς
1853 248 1916 283 αύδ
1945 247 2017 284 θεὶς
2033 248 2132 297 γόνος
2151 250 2205 283 Tr.
2225 247 2288 285 11ss

1296 298 1338 328 cf.
1360 307 1392 329 v,
1407 293 1487 330 956.
1503 292 1716 344 Ἀλκμήνης
1741 297 1840 343 γόνος
1851 299 1905 330 Ai.
1948 294 2014 330 303
2029 309 2061 329 v,
2084 298 2163 331 Lob.
2183 297 2225 330 ad
2243 298 2288 332 h..

1297 362 1338 368 ——
1357 346 1418 378 τοῦ
1437 342 1608 390 δυσμόρου
1627 348 1806 379 πεπτῶτος
1823 340 1967 380 Οἰδίπου
1985 343 2085 391 γόνου
2103 345 2184 377 Ant.
2209 339 2288 378 1018

1294 391 1351 425 τὸν
1370 385 1564 438 Ἀχιλλέως
1580 389 1679 438 γόνον
1694 392 1753 424 Ph.
1772 389 1872 424 1221.
1893 391 1949 426 τὸν
1969 394 2094 426 σαυτοῦ
2113 390 2210 438 γόνον
2229 392 2288 431 Ani

1296 435 1376 471 574.
1399 438 1457 472 τὸν
1476 436 1589 483 Ζηνὸς
1604 436 1667 482 [sic
1682 440 1786 471 Dind.
1800 450 1828 471 c.
1842 440 1941 471 Tricl.
1956 452 1962 471 :
1986 437 2055 477 διὸς
2073 436 2148 485 LA]
2166 436 2288 484 ἄλκιμα

1295 484 1394 532 γόνον
1421 487 1477 519 Tr.
1506 483 1574 518 956
1593 486 1644 518 ch.
1665 505 1706 510 -
1726 487 1942 519 Transfertur
1959 496 2036 518 vero
2062 487 2101 518 ad
2119 487 2288 520 animalim

1296 535 1416 566 fetum.
1438 531 1531 579 αἷγές
1543 529 1575 567 τ’
1597 532 1831 578 ἐπιμαστίδιον
1843 532 1941 579 γόνον
1961 531 2152 580 ὀρταλίχων
2167 531 2288 580 ἀναφα1

1294 591 1384 614 νοιεν
1403 582 1444 612 fr.
1465 583 1531 613 inc.
1554 577 1636 620 962,
1659 578 1679 613 3
1696 593 1728 612 v.
1752 579 1946 627 ὀρτάλιγος.
1976 581 2048 619 Quo
2066 590 2168 612 sensu
2186 581 2288 615 dictu!

1297 629 1341 661 sit
1357 627 1454 671 γόνον
1472 639 1508 662 τε
1527 626 1650 673 μήλων
1667 627 1754 672 (cod.
1773 622 1917 667 Hesych.
1939 627 2070 675 γόνοιον
2090 625 2229 672 μήλων]
2245 626 2288 663 κά

1296 674 1472 721 φροδισίαν
1506 673 1611 721 ἄγραν
1643 676 1731 707 Dan.
1762 678 1802 709 fr.
1834 673 1900 708 178
1924 677 2066 715 ambigo.
2101 673 2230 720 [Priora
2251 676 2288 708 101

1295 725 1395 756 verba
1414 733 1458 755 ne
1484 724 1653 764 Sophoclis
1680 724 1766 764 sint,
1797 724 1855 755 sed
1880 723 2082 762 Diogeniani
2108 726 2244 755 veretur
2265 723 2288 756 M

1297 771 1458 804 Schmidt.
1488 771 1529 802 ad
1545 770 1690 809 Hesych.
1721 781 1751 802 v.
1774 768 1973 818 ἀφροδισίαν
1991 767 2127 816 ἄγραν]
2148 788 2189 793 -
2209 770 2288 804 Suu!

1297 819 1359 850 sibi
1386 819 1494 850 locum
1512 819 1633 850 vitiose
1661 819 1806 858 scriptus
1832 827 1948 850 versus
1972 818 2119 858 postulat
2147 817 2208 849 Ph.
2229 814 2288 860 42ξ

1294 861 1494 912 Ἀντίλοχος
1512 863 1606 910 αύτῷ
1623 863 1770 911 φροῦδος
1785 893 1792 906 ,
1821 863 1924 909 ὅσπερ
1951 863 1993 909 ἦν
2011 862 2122 910 γόνος.
2153 864 2244 896 Nihil
2261 865 2288 902 ita

1296 914 1408 954 eptius
1442 922 1541 953 quam
1575 913 1794 945 Antilochum
1828 913 1976 944 Nestoris
2009 911 2175 953 quondam
2209 913 2288 945 fuist

1296 961 1404 992 filium
1429 960 1495 992 dici
1523 960 1706 992 Scholiasta
1731 961 1769 992 ab
1795 961 1870 992 aliis
1895 963 2008 991 contra
2031 959 2189 990 historiae
2214 959 2288 1003 fidei

1294 1008 1359 1047 legi
1371 1009 1523 1039 observat
1533 1005 1638 1053 ὅσπερ
1647 1005 1690 1052 ἦν
1703 1006 1817 1052 μόνος.
1832 1004 1930 1050 [Inde
1940 1007 2055 1039 Herm.
2070 1004 2175 1050 ὅσπερ
2184 1005 2228 1049 ἦν
2244 1004 2288 1051 μέ

1294 1052 1382 1099 νος]
1421 1054 1516 1093 Quod
1541 1055 1731 1095 Musgravio
1749 1055 1894 1095 placuit,
1926 1051 1962 1090 ὃς
1989 1056 2102 1099 παρῆν
2122 1053 2224 1098 μόνος
2242 1055 2288 1094 Ha

1295 1105 1377 1134 meri
1403 1103 1596 1134 testimonio
1613 1103 1653 1134 Il.
1677 1098 1744 1135 ι81
1772 1102 1904 1141 coargui
1931 1102 2055 1132 clarum
2079 1106 2140 1132 est.
2178 1100 2288 1148 Rectus,

1295 1153 1345 1182 est
1365 1148 1400 1186 ὃς
1428 1152 1552 1195 παρῆν,
1571 1148 1670 1196 γόνος
1689 1146 1750 1192 [sic
1769 1146 1902 1193 Dind.].
1927 1166 1967 1172 ——
1988 1149 2040 1179 De
2059 1153 2198 1180 accentu
2217 1156 2288 1193 voca

1294 1197 1365 1229 buli
1384 1208 1414 1228 v.
1437 1197 1580 1228 Philem.
1600 1207 1633 1238 p.
1656 1193 1712 1229 73.
1742 1197 1854 1228 Amm.
1874 1206 1908 1238 p.
1933 1192 2011 1227 125.
2033 1195 2130 1227 Eust.
2151 1206 2184 1237 p.
2209 1187 2288 1239 141<ss

1297 1241 1351 1276 10.
1384 1241 1486 1285 1412,
1513 1241 1568 1275 24.
1965 1240 2047 1286 (lp.
2069 1239 2216 1275 3751511.
2240 1232 2288 1287 1οι

1367 1310 1473 1348 Γόνυ
1492 1311 1604 1358 [Curt.
1627 1315 1683 1345 Et.
1706 1323 1739 1345 n.
1758 1310 1839 1358 137]
1863 1323 1961 1353 yenu.
1990 1311 2184 1360 προσπίτνω
2202 1324 2238 1346 σε
2254 1310 2288 1360 γά

1295 1372 1370 1394 νασι
1395 1362 1455 1393 Ph.
1478 1359 1545 1394 485
1581 1363 1616 1393 in
1638 1371 1746 1401 yenua
1768 1362 1964 1400 provolutus
1988 1362 2126 1394 obsecro.
2173 1361 2254 1393 Nam
2278 1370 2288 1397 ι

1298 1410 1505 1450 Neoptolemi
1531 1418 1641 1448 genua
1666 1409 1875 1449 dicerentur,
1906 1408 1993 1449 quod
2017 1409 2163 1440 voluisse
2180 1408 2288 1447 videtq·

1295 1457 1411 1488 Herm.
1449 1457 1627 1497 sequentia
1644 1458 1886 1496 interpretatus
1918 1457 1977 1487 etsi
2009 1465 2078 1487 non
2105 1465 2240 1496 possum
2267 1459 2288 1497 q

1294 1514 1401 1544 yenua
1421 1507 1478 1535 tua
1495 1503 1650 1543 accidere,
1674 1513 1710 1536 σε
1728 1505 1787 1534 vix
1803 1507 1917 1544 posset
1935 1504 2028 1536 ferri.
2057 1501 2092 1540 ἐς
2110 1500 2148 1536 δὲ
2165 1500 2288 1550 γούναιςι

1294 1551 1421 1597 πατρὸς
1438 1553 1600 1584 πεσοῦσαι
1621 1542 1745 1583 ”κλαον
1782 1549 1838 1582 OC
1859 1546 1947 1582 1607
1974 1547 2031 1594 [de
2057 1559 2123 1591 qua
2148 1552 2252 1582 forma
2275 1553 2288 1588 i

1295 1599 1413 1631 Gerth.
1435 1599 1513 1631 dial.
1534 1602 1615 1638 trag.
1638 1609 1672 1639 p.
1693 1594 1790 1642 242].
1813 1615 1854 1621 —
1881 1598 2045 1638 Reliquae
2071 1598 2222 1629 vocabuli
2246 1598 2262 1631 f
2280 1588 2288 1603 ’

1294 1655 1377 1686 mae,
1401 1647 1441 1678 de
1459 1647 1582 1687 quibus
1600 1647 1706 1677 multa
1723 1646 1762 1677 ab
1777 1645 1948 1686 Euripidis
1966 1646 2208 1685 interpretibus
2226 1605 2288 1687 dia

1294 1698 1384 1732 sunt,
1413 1704 1464 1734 ap.
1489 1693 1588 1734 Soph.
1619 1702 1685 1724 non
1712 1696 1858 1724 exstant.
1898 1693 2085 1724 Accentum
2103 1703 2135 1723 v.
2157 1702 2210 1733 ap.
2230 1688 2288 1739 Ari

1292 1751 1325 1782 p.
1350 1738 1426 1781 118,
1449 1738 1505 1772 24.
2281 1753 2288 1786 5

1363 1807 1470 1844 Γόος
1487 1812 1597 1853 fletus,
1618 1811 1756 1849 gemitus
1773 1810 1951 1841 luctuosus.
1975 1810 2161 1850 Singularis
2174 1811 2225 1842 bis
2237 1810 2288 1851 tq

1293 1862 1365 1890 tum
1384 1859 1507 1897 legitur
1526 1858 1580 1890 Ai.
1603 1853 1682 1889 628.
1702 1857 1756 1888 Tr.
1781 1853 1882 1888 1199.
1905 1854 1974 1900 [El.
2000 1854 2088 1889 1075
2109 1857 2161 1888 ch.
2187 1866 2206 1888 e
2222 1867 2258 1889 co

1294 1906 1396 1937 Dind.
1419 1915 1476 1946 pro
1495 1898 1648 1949 πατρός]
1663 1901 1725 1947 Udo
1742 1905 1869 1936 homine
1881 1915 1891 1934 .·
1917 1902 1998 1950 γόου
2015 1902 2052 1937 δὲ
2071 1902 2179 1949 μηδὲν
2197 1901 2275 1938 εἰσί

1292 1950 1398 1998 δάκρυ
1418 1954 1473 1984 Tr.
1498 1949 1598 1984 1199.
1628 1950 1710 1998 πρὸς
1728 1949 1826 1988 τέλος
1844 1945 1934 1995 γόων
1951 1949 2116 1996 ἀφίκοντο
2136 1951 2190 1983 OC
2205 1947 2245 1983 16
2265 1946 2270 1993 ’μ

1291 1993 1380 2045 γόων
1395 1998 1459 2033 οὐκ
1473 1997 1646 2044 ἀσήμονες
1660 1992 1804 2044 φθόγγοι
1822 1995 1922 2032 1668.
1939 1995 2208 2043 κάνακούσωμεν
2221 2010 2239 2043 γ
2251 1991 2260 2006 ’
2274 2038 2277 2042 .

1295 2044 1420 2079 1‹:1.81.
1451 2046 1490 2080 ού
1516 2045 1612 2093 λήξω
1637 2043 1775 2091 θρήνων
1805 2049 1975 2092 στυγερῶν
1999 2056 2035 2078 τε
2060 2039 2150 2090 γόων
2170 2043 2236 2080 104

1291 2078 1459 2174 πψρξγας
1479 2088 1645 2132 ὀξυτόνων
1659 2086 1749 2138 γόων
1764 2090 1832 2125 243
1844 2084 1887 2126 fn.
1907 2090 1996 2138 μηδέ
2015 2087 2048 2125 α’
2066 2092 2106 2126 ἐκ
2122 2086 2212 2136 γόων
2262 2131 2264 2134 .

1290 2144 1359 2174 τῶν
1397 2144 1436 2175 ῦν
1454 2139 1685 2180 ἀπαλλάξειαν
1704 2138 1736 2173 οἱ
1752 2138 1848 2174 κάτω
1866 2138 1940 2175 θεοί
1957 2136 2037 2171 291.
2052 2139 2160 2173 τῶνδε
2176 2138 2221 2186 λη

1313 2182 1380 2221 όων
1401 2186 1480 2221 353.
1501 2187 1607 2222 κακὸν
1635 2186 1652 2220 ὃ
1676 2185 1804 2233 ταύτην
1827 2193 1895 2221 τῶν
1914 2191 2055 2231 μακρῶν
2081 2186 2203 2234 σχήσει
2219 2179 2260 2234 γ’

1291 2201 1372 2269 375.
1402 2235 1431 2269 εἰ
1448 2234 1555 2268 τῶνδε
1577 2234 1625 2280 μὴ
1651 2231 1765 2278 λήξεις
1790 2229 1879 2280 γόων
1899 2231 1967 2267 379
1986 2233 2066 2279 [quo
2087 2239 2226 2276 utroque
2239 2235 2263 2266 l=

1291 2294 1342 2329 γρ.
1371 2282 1429 2317 καὶ
1455 2281 1567 2328 λόγων
1586 2284 1625 2314 ab
1644 2282 1743 2314 schol.
1766 2283 1801 2313 in
1822 2284 1879 2314 LA
1903 2308 1909 2314 .
1940 2279 2018 2315 οὔτε
2041 2293 2100 2314 του
2119 2280 2229 2327 τάφου
2251 2279 2275 2312 1·ss

1289 2329 1409 2364 τιάσας
1433 2327 1511 2363 οὔτε
1536 2329 1624 2375 γόων
1649 2322 1726 2371 παρ’
1756 2327 1857 2374 ἡμῶν
1875 2346 1882 2359 ‹
1900 2327 1945 2361 70
1963 2340 2006 2361 m.
2026 2321 2165 2374 .‘'A25⁷1<
2190 2339 2228 2362 στ
2264 2328 2266 2330 “

1291 2380 1394 2423 γμοῖς
1405 2376 1464 2410 καὶ
1482 2376 1574 2421 γόοις
1588 2374 1869 2414 πλουτίζεταιΟΙί
1879 2373 1934 2415 30,
1952 2386 2050 2416 quem
2062 2376 2234 2408 versumE
2278 2406 2281 2415 ,

1291 2436 1325 2466 p.
1342 2421 1444 2462 1194,
1466 2421 1510 2457 32
1527 2425 1673 2464 respicit.
1695 2422 1818 2469 γόοισιν
1838 2418 2015 2469 ἐξῴμωξεν
2034 2423 2115 2454 Ant.
2130 2420 2208 2455 427.
2230 2433 2248 2457 ο

1291 2470 1417 2517 γόοισιν
1433 2470 1495 2515 [sic
1510 2472 1610 2505 Trici.
1626 2484 1632 2502 :
1652 2470 1744 2515 γόοις
1755 2471 1826 2512 LA]
1843 2469 1904 2504 οὔτ
1931 2469 2044 2506 ἅνταις
2066 2467 2221 2511 [λιταῖσιν
2264 2468 2267 2486 ³

1293 2520 1346 2551 El.
1371 2516 1435 2551 139
1454 2521 1506 2551 ch.
1535 2513 1605 2552 οὐδ’
1623 2516 1757 2552 ἀνίεσαν
1783 2516 1982 2562 παμμήκεις
2007 2515 2106 2563 γόους
2129 2517 2184 2550 OC
2205 2513 2261 2549 16¹

1292 2564 1368 2599 ἅλις
1384 2565 1447 2612 γάρ
1474 2577 1532 2610 μοι
1546 2562 1755 2610 τεθρήνηται
1782 2564 1872 2610 γόοις
1893 2563 2018 2610 [λόγοις
2037 2564 2107 2603 LA,
2130 2565 2237 2606 ascrip

1292 2614 1391 2646 schol.
1410 2611 1580 2658 γρ,γόοις]
1599 2613 1658 2645 Ph.
1676 2609 1762 2644 1401
1779 2623 1808 2643 ν.
1827 2609 1976 2657 θρυλέω.
1998 2608 2115 2648 ἀοιδὰς
2132 2610 2191 2644 καὶ
2207 2622 2278 2657 γ

1292 2662 1372 2692 Ant.
1386 2658 1466 2693 883.
1482 2658 1594 2693 ἀοιδαί
1611 2661 1696 2691 istae
1710 2657 1833 2704 θρῆνοι
1851 2663 1940 2691 sunt.
1959 2657 1994 2695 ἐς
2012 2654 2110 2691 πόλιν
2127 2657 2229 2704 γόους

1290 2706 1444 2747 ἀξιώσειν
1463 2706 1587 2740 στένειν
1615 2704 1715 2738 1247.
1745 2705 1845 2750 γόους
1863 2703 2017 2739 τοιούσδε
2039 2703 2130 2751 ἔχειν
2148 2707 2201 2737 Ai.
2224 2702 2244 2737 3
2267 2719 2283 2750 ’.-

1292 2752 1370 2799 μηδ’
1395 2754 1602 2799 ἐπισκήνους
1619 2752 1718 2799 γόους
1746 2751 1869 2799 δάκρυε
1888 2749 1965 2784 579.
1990 2751 2070 2796 ἐμοὶ
2086 2750 2194 2786 λιπὼν
2210 2750 2251 2786 ἀν

1290 2802 1350 2836 καὶ
1361 2802 1461 2848 γόους
1470 2799 1550 2833 973.
1570 2799 1693 2846 λίμνης
1707 2798 1866 2846 ἡχούσης
1880 2799 1980 2846 γόους
1994 2800 2108 2838 Polyx.
2123 2801 2163 2830 fr.
2175 2795 2256 2840 469,
2264 2800 2286 2847 22

1293 2868 1334 2874 --
1353 2850 1367 2892 ΙΙ
1391 2850 1501 2882 Semel
1524 2849 1647 2887 legitur
1664 2850 1705 2880 de
1723 2848 1827 2880 flebili
1852 2848 2013 2878 lusciniae
2032 2850 2143 2879 cantu.
2172 2845 2275 2884 οἰκτ

1290 2896 1369 2942 γόον
1394 2892 1530 2941 ὄρνιθος
1555 2893 1577 2928 ἀ
1605 2893 1684 2928 δοῦς
1707 2897 1760 2928 Ai.
1783 2891 1863 2926 628.
1887 2912 1926 2919 --
1954 2895 2005 2925 De
2028 2899 2103 2925 tono
2128 2904 2158 2924 v.
2180 2894 2231 2925 He
2255 2895 2276 2934 ι’,

1291 2955 1326 2977 π.
1349 2954 1425 2988 μον.
1445 2941 1515 2979 λέξ.
1537 2953 1570 2984 p.
1615 2939 1644 2983 1,
1665 2940 1720 2974 31.
1742 2943 1819 2974 Arc.
1840 2951 1873 2981 p.
1896 2938 1952 2981 38,
1974 2938 2006 2972 3.
2282 2943 2285 2945 “

1362 3010 1541 3058 Γοργάς.
1571 3010 1815 3058 γοργάδωνῑ
1839 3009 2001 3044 ἁλιάδων.
2022 3007 2108 3057 Σοφ.
2128 3005 2222 3044 Δαιδ.

1292 3058 1375 3104 174)
1391 3059 1538 3098 Hesych.
1577 3059 1747 3100 Nymphae
1766 3061 1846 3090 sunt
1863 3058 2058 3097 Oceanffles,
2078 3068 2108 3088 v.
2124 3058 2238 3098 Intpp.
2281 3087 2288 3094 „

1289 3118 1341 3149 ap.
1365 3107 1509 3145 Hesych.
1532 3102 1710 3152 Γοργίδες;
1733 3104 1768 3139 αἱ
1787 3101 1985 3141 Ὠκεανίδες
2003 3109 2036 3136 et
2054 3114 2106 3145 ap.
2129 3104 2246 3135 Zonar.
2284 3140 2288 3142 ‚

1272 3151 1358 3191 ἶ448
1377 3150 1566 3222 ξοργάδεςι
1596 3151 1631 3186 αἱ
1648 3150 1832 3185 δέσποιναι.
1855 3153 1895 3184 cf.
1920 3153 1956 3182 L.
1975 3152 2074 3183 Dind.
2099 3151 2160 3182 Th.
2183 3151 2222 3181 L.
2265 3183 2274 3197 ,-

1272 3202 1321 3233 >II
1355 3198 1433 3232 7157.
2262 3198 2288 3221 ’1

1272 3244 1274 3301 i
1325 3226 1332 3241 '
1361 3199 1589 3305 Γορ]γῶπις
1608 3261 1695 3289 torve
1713 3261 1816 3289 tuem.
1842 3255 1864 3301 ἡ
1883 3252 1961 3293 Διὸς
1979 3259 2149 3306 γοργῶπις
2169 3236 2288 3339 &ciffi

1288 3313 1347 3339 τος
1371 3302 1436 3340 θεά
1460 3306 1515 3337 Ai.
1537 3302 1606 3337 450
1648 3305 1819 3343 Minerva,
1849 3314 1947 3344 quam
1974 3303 2112 3334 eandem
2139 3300 2203 3346 τὴν
2264 3334 2266 3337 ,

1272 3347 1461 3399 ’γοργῶπιν
1485 3347 1652 3397 Ἐργάνην
1672 3351 1772 3392 Soph.
1795 3352 1923 3382 vocavit
1940 3351 1979 3381 sr.
2001 3351 2066 3381 inc.
2090 3346 2169 3380 724.

1359 3407 1466 3445 Γοῦν
1494 3414 1576 3442 certe
1600 3409 1740 3450 quidem.
1780 3408 1864 3439 Cum
1883 3408 2051 3439 contineat
2067 3409 2101 3439 in
2121 3416 2157 3438 se
2173 3417 2222 3452 γε,
2249 3402 2288 3446 n}
