2288 3600
251 72 350 120 672

246 190 356 228 prima
380 188 461 220 vice.
497 185 540 219 τὰ
564 183 666 232 πρῶτ’
695 185 831 235 ἔχουσιν
855 185 984 232 ἡδονάς
1010 188 1094 219 Ach.
1124 190 1200 220 Am.
1229 189 1269 220 fr.

252 232 318 266 162
331 261 339 275 ‚
360 232 393 266 5.
1000 232 1049 278 (11
1067 245 1100 276 p.
1121 232 1202 275 678,
1219 232 1274 279 6.)

247 290 467 372 215[ὲὲιταίω
494 293 626 334 offendo
642 290 775 337 (pede).
797 291 820 338 ἦ
839 304 904 327 που
919 291 1048 327 πταίων
1131 292 1195 339 βοᾷ
1209 294 1270 325 Ρ1ι.

320 396 526 444 Πτερόεις
565 400 739 439 pinnatus.
792 397 981 444 πτερόεσσα
1016 411 1059 433 κο
1083 398 1104 433 ά
1139 400 1272 441 Sphinx

249 446 306 478 ΟΒ,
323 443 392 478 508
410 447 462 478 ch.
485 458 516 478 v.
538 446 656 479 Valck.
678 446 720 478 ad
738 446 820 478 Eur.
842 447 967 479 Phoen.
991 444 1057 479 102
1085 472 1092 478 .

320 502 499 551 Πτερόν.
530 506 666 546 Proprie
680 507 810 546 pinna,
846 506 925 537 inde
951 507 1019 537 alu.
1056 510 1190 551 πτερῶν
1208 503 1272 552 γὰρ

251 551 390 599 ῥοῖβδος
408 550 471 585 οὐκ
489 550 626 598 ἄσημος
649 550 692 597 ἦν
718 554 800 584 Ant.
832 549 933 584 1004.
971 553 1185 585 Transfertur
1203 554 1273 593 pri-

250 610 342 631 mum
371 601 411 632 ad
430 599 565 640 frondes
594 600 759 632 arborum.
799 598 889 646 κάρα
915 597 1103 645 (αἰγείρου)
1127 599 1272 645 κινήσῃς

250 645 369 692 αὔραις
385 644 633 693 κάνακουφίζει
649 645 772 692 πτερόν
789 648 874 687 Aeg.
897 648 939 679 fr.
951 644 1009 688 24,
1023 645 1056 680 3.
1079 648 1213 679 Deinde
1231 648 1269 678 ad

250 697 429 734 auyurium
447 698 482 726 et
499 703 594 726 omen
618 704 657 726 eo
677 696 967 735 praenuntiatum.
997 693 1062 728 οὐκ
1087 690 1155 728 ἔσθ’
1177 693 1272 732 ὅπως

250 740 289 775 οὐ
307 741 423 775 πιστὸν
449 739 486 780 ἐξ
510 739 609 786 ὑμῶν
634 752 697 774 πτε
722 740 759 775 ὸν
785 737 922 788 &inas
939 740 988 779 εἰς
1005 737 1071 775 τόδ’
1094 739 1199 779 ἄλσος
1216 742 1271 774 OC

250 786 308 821 97.
338 788 502 820 Similiter
529 790 597 820 inc.
625 790 667 820 fr.
713 786 776 827 78,
802 787 857 820 11.
892 789 995 835 νωμᾷ
1014 785 1039 822 δ’
1067 787 1102 821 ἐν
1120 787 1273 822 οἰωνοῖσι

249 834 427 880 τούκείνης
444 831 656 880 (Κύπριδος)
672 835 796 883 πτερόν
808 863 815 877 ,
847 834 882 869 ἐν
899 834 1021 882 θηρσίν
1102 836 1221 868 ductus
1239 839 1273 867 et

251 885 424 923 imperium
452 884 584 914 videtur
610 884 804 923 significari.
832 902 878 906 —
916 885 1086 916 Accentus
1111 881 1209 926 (Arc.
1236 894 1269 924 p.

253 927 331 971 123,
363 927 418 973 2.)
448 940 492 962 ex
520 931 648 969 origine
678 931 901 972 intelligitur,
952 933 1105 963 serebant
1133 931 1225 962 enim
1256 941 1274 962 a

250 975 397 1022 πέτομαι
428 979 527 1009 verbo
550 977 629 1009 duci
654 982 886 1019 comparantes
911 977 1072 1025 τακερός,
1102 975 1270 1025 θαλερόςε

251 1036 283 1056 ν.
304 1025 370 1056 EM
387 1035 421 1066 p.
443 1021 522 1065 694,
546 1022 600 1056 12.

321 1080 527 1128 *Πτερόω
555 1093 585 1115 V.
613 1082 743 1130 περοίω.

322 1139 403 1175 Πτε
416 1139 488 1187 ρύξ
512 1138 588 1187 (ὔγ)
605 1143 672 1173 ala.
701 1143 838 1184 Proprie
857 1144 982 1175 dicitur
1010 1140 1139 1189 λευκῆς
1156 1140 1272 1189 γιόνος

252 1187 390 1235 πτερύγι
416 1187 574 1235 στεγανός
600 1190 682 1221 Ant.
706 1187 773 1222 114
790 1201 845 1222 an.
887 1192 971 1222 Nam
1001 1192 1065 1222 etsi
1100 1182 1272 1230 Polynices

254 1240 424 1278 spectatur
449 1237 650 1276 Argivorum
675 1237 783 1270 instar
806 1239 958 1270 albatum
984 1239 1129 1278 clipeum
1155 1247 1274 1277 gerens

252 1283 367 1327 (Eust.
386 1293 420 1324 p.
444 1281 546 1325 1055,
566 1281 623 1316 28.
650 1284 818 1325 Hesych.:
855 1282 1090 1331 πτερύγες,
1120 1283 1270 1327 σκέπαι),

250 1335 364 1363 tamen
395 1333 424 1363 is
458 1341 534 1363 cum
551 1332 663 1372 aquila
709 1337 920 1373 comparatur
944 1334 1061 1373 pinnis
1089 1333 1273 1372 involante,

249 1382 288 1410 ut
313 1379 437 1418 figurae
461 1379 497 1410 in
523 1380 712 1420 sententia,
741 1389 808 1411 non
833 1381 869 1411 in
905 1380 1016 1412 verbis
1042 1380 1126 1411 insit
1144 1380 1275 1419 signifi-

249 1427 345 1458 catio.
375 1426 507 1458 Deinde
532 1423 771 1473 πτὲρύγας;
799 1424 842 1459 τὰ
871 1425 1036 1472 πηδάλια.
1075 1423 1273 1472 Σοφοκλῆς.

249 1475 316 1506 inc.
337 1474 379 1504 fr.
401 1469 482 1506 929.
511 1474 606 1505 Phot.
626 1483 661 1515 p.
682 1471 771 1515 470,
791 1471 825 1506 2.
854 1475 981 1506 Eodem
995 1475 1157 1515 Hesychii
1175 1475 1277 1506 verba

250 1524 424 1562 spectant,
452 1517 688 1567 πτερύγεςε
718 1518 944 1567 εὐθυντῆρες,
972 1520 1016 1555 τὰ
1032 1519 1199 1567 πηδάλια.
1221 1521 1273 1553 Of.

250 1568 389 1607 Pflugk:
402 1569 442 1600 ad
459 1569 540 1599 Eur.
569 1568 691 1600 Helen.
716 1565 793 1601 147.
823 1587 858 1592 -
903 1568 969 1600 Sed
987 1571 1132 1608 figurate
1148 1569 1278 1600 dictum

251 1620 304 1647 est
320 1613 449 1660 γονέων
473 1612 633 1660 ἐκτίμους
648 1613 796 1662 ἴσχουσα
812 1614 981 1662 πτερύγας
998 1613 1169 1654 ὀξυτόνων
1186 1614 1277 1662 γόων

252 1663 303 1694 El.
324 1659 394 1695 242
411 1672 456 1695 m.
485 1665 528 1694 cf.
557 1660 709 1708 ἔκτιμος.
748 1664 823 1695 alae
851 1665 1073 1695 lamentorum
1096 1673 1156 1705 pro
1180 1673 1277 1694 cursu

253 1710 430 1742 dicuutur:
459 1720 490 1742 v.
512 1711 628 1742 Herm.
657 1728 704 1733 —
732 1711 884 1742 Acuebat
910 1712 1106 1742 vocabulum
1124 1711 1275 1742 Aristar-

252 1757 335 1789 chus
353 1760 489 1799 propter
503 1755 597 1791 τάσιν
609 1756 829 1803 περιεκτικήν
843 1785 850 1798 ,
879 1758 1135 1790 adversantibus
1154 1759 1275 1789 ceteris

252 1808 384 1845 praeter
412 1805 641 1836 Herodianum
671 1815 802 1837 summo
831 1806 990 1845 magistro
1019 1806 1153 1847 obloqui
1185 1806 1275 1836 veri-

253 1855 344 1883 tum:
381 1852 482 1883 schol.
510 1852 549 1883 Il.
580 1850 611 1897 β.
633 1849 713 1884 316.
742 1850 779 1897 ψ.
800 1850 882 1884 875.
922 1853 1018 1885 Eust.
1047 1863 1081 1893 p.
1109 1849 1192 1893 230,
1213 1849 1270 1884 40.

256 1895 358 1940 1334,
377 1896 434 1931 20.
473 1899 539 1931 Sed
565 1900 739 1931 Eustathii
767 1901 868 1931 verba
893 1900 950 1931 illo
975 1901 1086 1941 priore
1105 1901 1175 1932 loco
1193 1900 1274 1931 talia

254 1950 355 1987 sunt,
388 1950 428 1977 ut
457 1955 522 1977 non
551 1948 687 1987 regulae
717 1957 817 1979 causa
845 1951 1004 1979 accentus
1034 1949 1273 1979 necessitatem

254 1994 320 2025 sibi
346 1994 484 2025 finxerit
507 1994 583 2035 ille,
615 1994 695 2035 sed,
728 1998 766 2026 ut
783 1995 927 2036 solebat,
962 2004 1093 2026 summa
1109 1995 1272 2034 religione

255 2044 403 2071 veterem
411 2050 512 2072 usum
528 2042 715 2073 sciscitatus
725 2043 786 2083 sit;
809 2050 912 2083 quare
928 2042 1160 2074 Herodianum
1177 2043 1218 2073 ab
1234 2051 1273 2073 eo

255 2096 322 2118 non
338 2087 535 2120 discessisse
553 2098 620 2120 non
637 2090 742 2129 magis
759 2090 882 2120 mirum
900 2093 954 2121 est
965 2114 973 2130 ,
1001 2099 1102 2130 quam
1121 2089 1274 2120 homines

256 2135 369 2166 minus
394 2135 595 2177 diligentes,
623 2145 765 2176 quorum
794 2140 904 2168 aetate
929 2140 1019 2168 recta
1042 2136 1274 2178 pronuntiatio

256 2182 292 2213 in
316 2182 518 2214 oblivionem
543 2183 735 2224 cecidisset,
769 2184 963 2215 Aristarcho
987 2185 1082 2224 quasi
1100 2193 1160 2225 pro
1184 2184 1275 2215 lubi-

256 2229 337 2261 dine
364 2230 515 2269 regulam
539 2234 687 2271 ponente
716 2239 784 2262 non
809 2231 1003 2263 credidisse.
1044 2232 1153 2263 Nimis
1182 2231 1274 2262 acuti

256 2277 308 2307 illi
326 2280 441 2318 erant,
461 2277 520 2318 qui
537 2274 661 2323 πτέρυξ
678 2281 712 2310 et
728 2275 851 2324 πτερύξ
874 2279 1121 2317 significatione
1139 2278 1273 2310 differre

256 2324 432 2356 dicebant:
472 2324 536 2355 ΕΜ
560 2334 593 2365 p.
622 2321 709 2366 694,
730 2322 786 2357 20.
821 2325 908 2358 Gud.
935 2335 969 2367 p.
996 2323 1078 2366 485,
1105 2322 1164 2358 28.
1197 2326 1271 2356 coll.

258 2371 376 2403 Lehrs.
397 2371 501 2404 Arist.
526 2381 561 2413 p.
582 2368 661 2404 312.
1050 2371 1101 2416 (11
1119 2383 1152 2414 p.
1175 2369 1277 2415 679.)

328 2425 560 2475 Πτερωτός
591 2431 712 2463 alatus.
749 2431 920 2463 Tralatum
941 2432 981 2463 ad
1006 2433 1206 2463 celeritatem
1230 2432 1276 2463 si—

257 2477 481 2516 gnificandam
507 2481 559 2509 est
583 2474 663 2515 Διὸς
688 2489 748 2511 πτε
773 2477 859 2516 ωτὸς
882 2475 946 2524 ἥδε
972 2473 1003 2523 μ’
1030 2472 1135 2511 αὐτίκ’
1162 2476 1276 2518 ἅΕεται

258 2519 383 2570 βροντὴ
402 2522 487 2570 πρὸς
502 2517 628 2570 (Ἀιῧην
647 2524 703 2557 OC
723 2523 739 2557 1
768 2521 823 2558 60.

329 2579 420 2627 Πτη
435 2580 508 2619 νός
532 2584 674 2615 volucer.
712 2586 844 2629 πτηνῆς
869 2583 917 2621 ὡς
934 2581 1032 2630 ὄμμα
1054 2581 1192 2621 πελείας
1219 2585 1273 2616 Αἱ.

261 2625 328 2661 140
344 2639 398 2661 an.
427 2629 530 2662 Piers.
565 2632 665 2663 veris.
686 2640 719 2672 p.
742 2629 775 2663 7.
811 2629 924 2678 φήνης
949 2632 1170 2672 coniiciebat,
1198 2640 1278 2663 con-

258 2680 311 2709 tra
327 2686 426 2718 quem
445 2687 476 2709 v.
498 2678 580 2710 Lob.
601 2677 728 2723 πτηνὸν
745 2675 834 2724 ὄρνιν
853 2678 914 2710 Ph.
935 2675 1016 2712 955.
1052 2675 1103 2723 *ἥ
1121 2689 1171 2716 τις
1187 2689 1278 2724 πτη-

258 2722 316 2761 νὸς
333 2721 455 2761 οίωνός
473 2725 555 2756 Ant.
578 2722 678 2757 1082.
700 2722 794 2769 [secl.
814 2723 957 2770 Wund.]
982 2725 1067 2758 Cum
1083 2726 1199 2766 synesi
1216 2723 1277 2771 ὄρ-

258 2781 309 2808 νις
327 2771 454 2802 dictum
472 2775 609 2816 πτηνῶν
628 2769 745 2817 ἀγέλαι
762 2773 816 2804 Ai.
841 2770 907 2804 168
923 2783 977 2805 an.
998 2791 1045 2796 —-
1075 2773 1126 2804 De
1144 2773 1276 2812 sagittis

259 2828 368 2903 τόέίέε
373 2815 559 2902 ιὶτξτῗνςοῖξὴ
566 2815 1277 2913 ὶο1ῖῗ6Ξῶισείὲλῂγέξξρῗὶῖρυοίῗίίᾞνῆᾒπὲὶῗ

261 2912 316 2946 Sic
333 2913 406 2944 Erf.
432 2916 619 2952 praeeunte
639 2913 827 2946 Brunckio:
857 2923 969 2954 apogr.
988 2915 1151 2954 pleraque
1168 2911 1274 2952 τόξων

260 2962 396 2993 πτανῶν
426 2961 567 2996 πτανοῖς
595 2957 749 3001 ἀνύσειε,
787 2961 873 2993 Flor.
907 2956 945 2994 Γ.
986 2970 1062 2992 cum
1096 2961 1156 2992 LA
1185 2971 1275 2993 πτα-

260 3009 328 3039 νῶν
355 3003 485 3039 ἀνύσειε
514 3009 675 3049 πτανοῖς,
704 3009 740 3039 in
765 3017 831 3049 qua
855 3008 1022 3049 scriptura
1045 3011 1182 3041 πτανῶν
1208 3008 1274 3039 mi-

262 3062 335 3085 sere
360 3053 509 3085 hiulcum
542 3057 603 3096 est,
641 3056 782 3092 πτανοῖς
812 3064 891 3087 vero
920 3064 1023 3087 sensu
1049 3058 1159 3095 caret,
1195 3055 1275 3096 quia

262 3109 360 3132 nemo
400 3109 466 3132 non
507 3110 584 3132 aves
622 3102 688 3134 dici
720 3104 866 3143 putaret.
916 3105 1052 3135 πτανῶν
1087 3095 1145 3135 ἀπ’
1179 3098 1274 3147 ἐμῶν

261 3143 379 3180 ὅπλων
398 3143 486 3179 1109
503 3157 547 3179 m.
570 3166 612 3172 —-
638 3148 796 3189 Eleganti
813 3149 1006 3190 metaphora
1021 3147 1051 3182 ὦ
1067 3146 1190 3182 πταναὶ
1205 3144 1276 3195 θῆ-

262 3204 319 3241 ραι
335 3195 492 3226 dicuntur
509 3194 568 3227 Ph.
592 3192 681 3228 1146
697 3206 742 3228 m.
757 3221 765 3236 ‚
794 3205 879 3237 quae
897 3199 980 3228 sunt
995 3199 1148 3240 πτηνῶν.
1169 3212 1211 3219 -
1235 3197 1276 3227 In

261 3242 415 3273 Dorismo
447 3242 573 3282 ubique
607 3244 844 3282 consentiunt,
879 3243 946 3275 nisi
979 3244 1067 3284 quod
1100 3253 1132 3275 v.
1170 3239 1272 3275 1146.

263 3285 387 3333 πτηναί
403 3288 462 3319 LA
480 3287 565 3320 Flor.
583 3284 620 3322 Γ.

332 3342 423 3391 Πτή
434 3356 517 3379 σσω
541 3356 730 3387 eoepaveseo.
767 3345 896 3394 ἕπτηξα
915 3346 1027 3391 θυμόν
1045 3347 1100 3381 00
1117 3344 1219 3382 1466.
1239 3349 1275 3379 in

1049 71 1208 119 Πταίω
1233 100 1302 106 --
1328 69 1572 137 Πύγαργος

2003 79 2053 126 [11
2061 92 2095 124 p.
2108 78 2288 115 677-680

1310 188 1441 219 senario
1480 188 1608 219 cantico
1637 188 1797 218 immisto.
1844 184 1956 231 θυμόν
1990 187 2229 228 adverbiascit,
2260 191 2288 219 et

1309 235 1408 267 Hom.
1430 233 1589 279 πτήσσειν
1615 235 1795 266 transitive
1812 234 1902 266 dixit
1927 235 1969 266 Il.
1989 232 2018 273 ξ.
2038 232 2095 267 40.
2133 233 2210 280 σιγ”
2235 245 2288 268 ‘tm

1309 279 1396 320 Εειαν
1414 279 1547 328 ἄφωνοι
1563 279 1638 325 (ἄν)
1655 282 1712 315 Ai.
1733 278 1796 312 171
1817 291 1871 314 an.
1894 299 1935 305 ·-
1962 282 2002 313 In
2019 281 2095 321 Tyr.
2117 283 2157 314 fr.
2179 245 2267 322 388,

1309 329 1401 360 haud
1423 329 1524 360 dubie
1550 328 1763 360 scribendum
1800 327 2081 373 πτήσσουσαν
2114 326 2288 376 αἰσχύναις

1310 387 1368 409 om
1380 385 1562 456 Εᾶῗιῗλῗν
1583 423 1710 463 pluma.
1732 420 1850 456 πτίλον
1864 420 2020 456 κύκνειον
2034 423 2071 455 in
2088 423 2132 457 fr.
2147 422 2288 455 subditi«

1311 481 1342 504 v.
1364 480 1390 502 S.
1415 468 1679 515 έπαμφιέννυμι.

1386 509 1529 550 Πτύον
1561 527 1703 550 vannus.
1733 518 1832 549 Eust.
1858 528 1892 558 p.
1919 514 2000 556 948,
2033 514 2087 551 19.
2123 515 2162 551 τὸ
2187 514 2288 550 πτύι

1307 562 1366 597 καὶ
1391 562 1524 597 πτέον
1558 562 1675 610 ἔλεγον
1707 562 1739 597 οἱ
1763 559 1909 598 Ἀττικοὶ
1936 562 2095 609 ὕστερον,
2128 564 2175 602 ὡς
2204 559 2286 598 Α’ίλι

1307 608 1483 649 Διονύσιός
1513 620 1613 658 φησι·
1649 609 1782 644 πτύον
1816 610 1854 645 δὲ
1880 608 2084 658 Σοφοκλῆς,
2121 609 2288 645 ἀκολουθι·

1308 656 1444 738 ὃηὶὲνέδγὴ
1461 658 1514 703 τῷ
1531 658 1660 704 ποιητῇ
1676 657 1760 702 (inc.
1782 659 1821 692 fr.
1844 656 1939 703 930).
1968 660 2010 691 cf.
2033 659 2114 691 Lob.
2136 659 2178 690 ad
2196 659 2288 698 Phry,

1378 750 1466 787 Πτύ
1478 763 1562 786 σσω
1576 755 1677 794 plico.
1707 753 1882 794 Proprium
1899 753 1940 784 de
1959 757 2066 785 veste.
2103 749 2144 790 ἇς
2162 749 2208 786 ἔτ’
2224 750 2288 786 ἇστ

1306 798 1367 838 λος
1383 801 1489 846 χιτὼν
1508 798 1652 845 θυραῖον
1678 798 1768 846 ἀμφὶ
1785 799 1895 846 μηρὸν
1919 798 2117 840 πτύσσεται,
2142 795 2284 845 Ἑρμιόν

1309 849 1351 880 fr.
1372 849 1438 880 inc.
1459 845 1540 889 791,
1562 845 1603 888 3,
1626 845 1729 892 [quod
1748 848 1918 880 Plutarch.
1941 848 2020 887 Lyc.
2041 851 2077 879 et
2093 847 2194 879 Num.
2215 857 2286 879 eom

1310 893 1342 926 3.
1364 905 1397 936 p.
1419 893 1464 926 77
1474 906 1503 926 a.
1533 897 1672 936 apponit
1688 896 1859 927 illustrans
1886 905 1948 926 sua
1964 895 2006 926 de
2025 895 2187 926 Lacaenis
2205 905 2288 940 φοιιν4

1311 940 1439 999 μηρίσι.
1467 944 1528 975 τοῦ
1545 940 1756 988 παρθενικοῦ
1772 946 1918 989 χιτῶνος
1945 941 1981 976 αἱ
2006 940 2169 989 πτέρυγες
2249 939 2288 975 ἀν

1310 999 1498 1022 πτυσσοντο
1515 988 1574 1023 καὶ
1592 987 1865 1036 συνανεγύμνουν
1883 987 1965 1022 ὅλον
1984 988 2019 1022 ἐν
2036 990 2089 1035 τῷ
2106 987 2253 1034 βαδίζειν
2269 999 2288 1021 τ

1310 1035 1449 1082 μηρόν.]
1491 1037 1542 1068 De
1571 1039 1727 1069 manibus
1757 1038 1916 1077 amplexu
1946 1037 2043 1078 quasi
2067 1037 2288 1077 circumplica1

1310 1082 1435 1124 πτύξας
1455 1078 1502 1116 ἐπ’
1522 1081 1641 1121 αὐταῖς
1659 1086 1778 1131 χεῖρας
1797 1084 1852 1116 OC
1872 1081 1974 1116 1611.

1381 1140 1546 1190 [Ιτυγὴ.
1575 1144 1710 1184 Propria
1724 1145 1834 1184 plicae
1851 1144 1883 1174 vi
1909 1143 1949 1174 de
1975 1147 2067 1175 veste
2085 1143 2210 1183 legitur
2225 1139 2288 1187 eia

1307 1201 1366 1227 τος
1384 1187 1439 1223 διὰ
1455 1184 1596 1236 πτυχῶν
1622 1191 1692 1222 Pel.
1712 1191 1753 1223 fr.
1774 1187 1856 1224 437.
1892 1191 1945 1222 De
1967 1190 2174 1232 complicatis
2198 1190 2286 1221 tabel

1309 1235 1521 1283 γραμμάτων
1547 1235 1680 1284 πτυχὰς
1706 1235 1796 1283 ἔχων
1826 1236 1931 1277 Synd.
1957 1239 2000 1269 fr.
2024 1234 2102 1278 150,
2125 1234 2156 1269 1.
2196 1247 2288 1284 πτυχ

1311 1285 1456 1317 Boeckh.
1473 1308 1482 1323 ,
1501 1283 1634 1332 πτύχας
1653 1285 1754 1317 schol.
1776 1285 1873 1316 Pind.
1894 1285 2014 1317 Isthm.
2033 1281 2076 1325 2,
2097 1281 2155 1325 68,
2182 1284 2243 1316 sed
2260 1285 2288 1316 fc

1311 1336 1401 1364 tasse
1431 1331 1524 1378 ἔχων
1552 1330 1687 1379 πτύχας
1719 1332 1944 1364 scribendum.
1984 1331 2208 1364 Praetervidit
2238 1331 2285 1362 hu

1311 1381 1420 1411 locum
1439 1380 1559 1412 Matth.
1580 1380 1621 1411 ad
1638 1380 1720 1411 Eur.
1748 1379 1867 1411 Bacch.
1888 1376 1946 1412 62.
1967 1383 2002 1411 et
2018 1379 2144 1411 Phoen.
2165 1375 2230 1419 84,
2252 1387 2288 1409 cu

1312 1431 1414 1467 negat
1431 1436 1573 1467 usquam
1592 1424 1725 1474 πτύχας
1738 1428 1926 1459 necessario
1938 1427 2122 1466 legendum
2134 1435 2222 1466 esse,
2239 1434 2288 1457 ret

1312 1479 1427 1506 autem
1447 1475 1607 1506 Elmsleio
1624 1476 1821 1507 adversatur
1838 1472 1972 1522 πτυχοίς
1989 1474 2163 1506 damnanti
2179 1473 2221 1505 ad
2238 1472 2288 1504 Me

1315 1518 1416 1553 1264.
1454 1522 1544 1561 Quid
1569 1523 1684 1553 enim‘?
1723 1521 1892 1563 siquidem
1916 1531 1983 1554 non
2007 1518 2092 1561 πτύξ
2119 1521 2179 1552 sed
2201 1517 2288 1566 πτύχ

1313 1569 1527 1601 Homericum
1552 1572 1621 1610 est,
1653 1579 1765 1601 nonne
1798 1570 1900 1600 etiam
1923 1569 2060 1608 tragicis
2089 1569 2137 1600 ita
2160 1568 2258 1599 licuit
2280 1578 2288 1599 ‹

1313 1618 1412 1648 cere?
1449 1621 1484 1647 et
1513 1617 1540 1647 si
1570 1617 1751 1657 singularis
1785 1617 1904 1648 tertiae
1929 1615 2165 1648 declinationis
2186 1616 2222 1646 in
2248 1624 2288 1646 us

1313 1664 1433 1704 quidni
1449 1665 1553 1695 etiam
1570 1664 1733 1705 pluralis?
1758 1664 1822 1695 Est
1837 1668 1954 1710 autern
1969 1661 2084 1710 πτύγα
2100 1662 2184 1694 Eur.
2207 1661 2288 1703 Sup]

1312 1708 1393 1743 979.
1424 1711 1491 1743 Sed
1516 1721 1559 1742 ne
1584 1709 1711 1757 πτυχαί
1737 1711 1873 1752 quidem
1897 1716 1931 1743 et
1953 1703 2088 1757 πτύχας
2105 1709 2203 1741 abiici
2229 1709 2288 1741 deb

1312 1762 1345 1790 et
1362 1768 1381 1790 a
1398 1758 1568 1790 codicibus
1586 1759 1756 1799 standum,
1777 1759 1944 1799 siquidem
1962 1760 2036 1800 ipse
2055 1756 2157 1798 Soph.
2179 1756 2220 1788 de
2237 1765 2288 1787 mo

1311 1806 1395 1837 tium
1424 1806 1629 1837 convallibus
1654 1806 1743 1837 dixit
1763 1803 1922 1844 ναπαίαις
1946 1803 1982 1839 ἐν
2010 1800 2230 1848 Κιθαιρῶνος
2245 1813 2288 1835 πτ

1309 1854 1391 1899 χαῖς
1409 1852 1467 1884 OR
1488 1849 1588 1885 1026.
2057 1850 2108 1895 (ΙΙ
2125 1861 2160 1892 Ρ,
2180 1847 2261 1891 680,
2277 1847 2288 1882 5

1382 1896 1440 1933 Πτ
1455 1892 1474 1932 ύ
1487 1913 1515 1932 ω
1547 1901 1730 1931 abominor.
1766 1897 1896 1937 πτύσας
1914 1897 1994 1932 ὡσεί
2017 1909 2054 1932 τε
2079 1897 2231 1942 δυσμενῆ
2247 1898 2288 1929 Ar

1309 1944 1390 1979 653.
1419 1945 1548 1985 πτύσας
1567 1946 1742 1993 προσώπῳ
1763 1943 1866 1979 1232.
1887 1957 1920 1979 V.
1940 1944 2138 1992 πρόσωπον.

1380 2003 1564 2043 Πτωκοίς
1582 2005 1704 2046 fuyaae.
1725 2001 1784 2045 ἴθ’,
1806 2001 1944 2051 αἰθέρος
1964 2002 2037 2038 ἄνω
2054 2001 2235 2041 πτωκοίδες
2252 2000 2288 2042 ὀξ

1308 2051 1409 2087 τόνου
1436 2051 1493 2086 διὰ
1518 2050 1712 2097 πνεύματος
1736 2050 1841 2086 ἕλωσί
1869 2063 1912 2098 με
1935 2053 1996 2084 Ph.
2020 2048 2111 2083 1092
2128 2061 2173 2083 m.
2206 2044 2255 2084 ἴθ’
2272 2060 2288 2092 11

1310 2095 1376 2134 εἴθ’
1394 2105 1445 2132 est
1463 2101 1649 2132 Hermanni
1667 2100 1867 2133 emendatiO.
1909 2096 2088 2136 πτωκοίδες
2104 2099 2181 2130 libri
2198 2107 2288 2130 omn(

1310 2152 1345 2180 et
1362 2157 1439 2179 aves
1456 2148 1635 2188 dicuntur,
1663 2158 1681 2178 a
1698 2148 1823 2188 quibus
1847 2157 1908 2188 per
1925 2146 2085 2179 stridulas
2108 2155 2205 2178 auras
2223 2145 2288 2177 abri

1311 2196 1399 2227 Phil.
1419 2195 1527 2236 cupit.
1566 2194 1752 2226 Scholiasta
1769 2195 1828 2235 qui
1846 2195 1888 2226 de
1907 2194 2066 2235 Harpyiis
2082 2193 2239 2233 intellegi
2255 2202 2288 2224 vi

1311 2240 1492 2279 πτωκοίὸες
1510 2243 1653 2282 variam,
1682 2242 1741 2273 sed
1766 2242 1866 2274 aliam
1884 2242 1950 2273 alia
1965 2241 2167 2281 ineptiorem
2184 2241 2288 2281 script

1310 2299 1380 2321 ram
1399 2293 1632 2321 commemorat
1644 2299 1696 2335 γρ.
1717 2300 1792 2322 πτω
1823 2287 1913 2329 οίὸες,
1933 2285 2126 2334 πτωχοίδες,
2141 2284 2288 2333 πρωτοίδι

1312 2334 1493 2382 δρομάδες.
1531 2336 1649 2368 Gedik.
1679 2333 1858 2373 πλωταὸες
1870 2362 1879 2377 ,
1914 2336 2062 2368 Brunck.
2094 2338 2130 2366 et
2154 2335 2245 2366 Pors.
2273 2343 2288 2366 a

1313 2384 1415 2417 Kidd.
1444 2394 1477 2425 p.
1506 2380 1586 2415 220.
1622 2381 1802 2423 πλωοίὸες,
1831 2385 1858 2416 I.
1887 2383 1931 2417 H.
1958 2385 2056 2416 Voss.
2085 2391 2163 2423 epp.
2189 2381 2288 2421 mytlu

1313 2433 1340 2463 l.
1361 2441 1393 2472 p.
1415 2428 1496 2463 211.
1536 2428 1692 2467 πτωοίδες
1717 2431 1817 2462 scribi
1843 2431 2023 2462 voluerunt
2047 2430 2113 2470 ipsi
2138 2437 2274 2470 quoque

1314 2479 1471 2520 Harpyiis
1489 2479 1738 2519 intelligentes,
1759 2478 1850 2518 quod
1867 2478 2030 2509 refutavit
2047 2476 2162 2512 Herm.

1385 2533 1480 2570 Πτῶ
1492 2548 1517 2580 μ
1528 2548 1549 2569 α
1585 2537 1709 2577 lapsus.
1757 2534 1918 2569 πίπτουσι
1959 2533 2091 2581 βροτῶν
2126 2533 2186 2581 χοί
2218 2531 2286 2568 πολ

1314 2582 1416 2617 δεινοὶ
1434 2577 1588 2628 πτώματ’
1606 2582 1731 2630 αἰσχροί
1748 2585 1829 2615 Ant.
1852 2580 1954 2615 1046.

1385 2639 1414 2676 [l
1427 2640 1569 2688 τωχός
1608 2642 1791 2674 mendicus.
1836 2642 1948 2675 Semel
1981 2642 2023 2673 de
2054 2642 2146 2672 victu
2179 2640 2288 2672 dictur

1313 2689 1444 2745 πτωχιῖρ
1464 2687 1573 2734 διαίτῃ
1591 2690 1646 2721 OC
1665 2687 1746 2721 751.
1783 2690 1837 2722 Sic
1864 2689 1922 2720 LA
1947 2698 2073 2743 m..pr.
2101 2688 2237 2744 Re-liqui
2252 2687 2288 2766 li}

1312 2748 1463 2817 {5353ss
1488 2741 1651 2829 εξτῗὲἷέἒ
1669 2741 2034 2817 ῗὶἐῗᾞῗοὲἶὶοῗόἓ
2058 2736 2242 2826 ἓέέἶᾘή
2268 2789 2288 2814 0

1312 2828 1466 2879 περιῖῧῃς
1482 2830 1625 2878 πτωχὰς
1705 2829 1886 2876 ἀλωμένας
1906 2826 2007 2886 1506ἶ
2037 2827 2147 2884 φυγσίς
2171 2838 2248 2885 σφιν
2265 2824 2288 2861 &l

1312 2890 1387 2958 1Ξέ
1404 2875 1789 2966 ῖὸςιῗὲλὲῗιὲΨΡξῙῩέῗέΞ
1816 2871 2288 2970 ἐτέἶίοὲὲῗᾌῗὲξέζέἷῗῗ

1311 2982 1422 3014 apogr.
1451 2973 1637 3004 nonnullis.
1673 2969 1772 3005 οὐδὲν
1803 2969 1934 3004 κακίων
1960 2968 2119 3017 πτωχός,
2162 2967 2192 3003 εἰ
2215 2965 2288 3002 καλε

1311 3022 1434 3067 φρονοῖ
1457 3021 1524 3053 inc.
1553 3020 1596 3052 fr.
1624 3016 1705 3060 718,
1726 3015 1760 3051 2.
1796 3035 1837 3042 -
1876 3019 2063 3050 Accentum
2092 3017 2222 3049 notavit
2250 3015 2288 3047 Α]

1310 3077 1345 3109 Ρ.
1366 3063 1613 3160 ὃῖῗίῗῗαργος
1642 3112 1836 3154 [albinates‚
1856 3113 1880 3146 i.
1902 3122 1933 3146 e.
1953 3109 2185 3157 λευκόπυγος,
2206 3107 2288 3143 λευκ

1311 3161 1499 3207 πρωκτος.]
1529 3160 1594 3192 EM
1618 3170 1652 3201 p.
1673 3156 1760 3201 695,
1789 3157 1844 3192 50.
1883 3156 1934 3192 πύ
1974 3169 2128 3205 αργοςε
2158 3154 2248 3194 εἶδος
2269 3153 2288 3190 d

1310 3209 1393 3241 τοῦ·
1422 3204 1607 3253 Σοφοκλῆς
1631 3205 1714 3251 (inc.
1741 3208 1782 3240 fr.
1812 3203 1914 3250 931.)
1944 3171 2004 3240 έπὶ
2019 3206 2081 3239 τοῦ
2106 3202 2219 3238 δειλοῦ
2234 3230 2241 3244 ,
2263 3199 2288 3237 ἀ

1310 3257 1375 3301 τῆς
1391 3252 1521 3301 λευκῆς
1547 3256 1680 3300 πυγῆς,
1709 3253 1822 3301 ὥσπερ
1851 3251 2012 3290 ἐναντίως
2038 3249 2288 3298 μελάμπυγι

1313 3300 1380 3335 ἀπὸ
1397 3304 1460 3347 τῆς
1479 3300 1634 3348 ἰσχυρᾶς.
1663 3301 1834 3332 Postrema
1851 3301 1969 3342 inepta
1986 3303 2067 3331 sunt
2084 3302 2119 3330 et
2136 3298 2286 3337 corrigen

1313 3349 1475 3380 videntur
1516 3346 1590 3382 ἐπὶ
1628 3349 1709 3381 τοῦ
1751 3347 1946 3394 ἰσχυροῦ.
1991 3344 2044 3391 [C.
2074 3346 2125 3377 W.
2157 3346 2264 3378 Lucas
