2288 3600
242 123 341 171 442
1222 121 1309 189 Μή
2014 134 2061 178 [11
2081 144 2115 177 p.
2137 84 2263 178 94-ιζι

240 239 509 280 significantibus
535 239 767 281 suspendendi
790 251 821 271 v.
851 239 1020 272 Schaeser.
1050 239 1091 271 ad
1115 240 1169 271 El.
1186 236 1255 272 439
1292 237 1426 284 ἀραῖος,
1447 238 1527 273 εἰ...
1549 240 1607 272 OR
1624 237 1704 281 644,
1726 250 1811 281 quae
1829 243 1882 272 est
1896 241 2118 274 iurisiurandi
2141 242 2255 274 form

240 290 275 319 et
300 288 377 318 mel.
407 296 452 318 or.
481 297 515 328 p.
539 283 618 319 116.
644 287 761 318 Herm.
789 287 831 318 ad
855 287 932 326 Vig.
962 296 995 328 p.
1018 283 1097 319 788.
1125 287 1251 327 Reisig.
1292 289 1338 318 sic
1353 287 1457 318 nolim
1473 288 1584 319 salvus
1601 297 1677 320 csse.
1709 286 1759 333 μὴ
1783 285 1872 333 δῆτα
1894 282 2006 332 ἴδοιμι
2027 285 2158 334 ταύτην
2173 286 2199 334 ἡ
2232 304 2234 306 ’

238 336 379 366 coniect.
399 335 442 366 ad
458 334 563 366 Arist.
592 345 625 375 p.
650 330 716 366 107
740 335 866 375 quibus
892 334 997 374 adde,
1026 344 1112 375 quae
1130 335 1252 366 Frank.
1292 331 1372 367 830.
1403 332 1452 379 μὴ
1478 332 1582 368 λάθοι
1607 333 1644 368 σὲ
1666 333 1728 368 τάν
1751 346 1788 368 τε
1813 333 1874 369 σὰν
1899 332 2074 370 ἀθάνατον
2098 333 2172 369 αἰὲν
2196 332 2239 416 d?
2256 358 2262 376 e

239 382 341 414 habet
357 392 390 422 p.
415 378 468 413 17.
500 380 556 413 Sic
580 382 694 413 differt
711 391 730 413 a
747 385 834 426 μῶν,
862 381 950 422 quod
966 381 1027 413 hoc
1045 382 1098 413 usi
1116 382 1256 413 confidi-
1293 378 1362 413 904
1379 382 1431 413 ch.
1461 382 1547 414 Male
1561 382 1640 414 olim
1657 379 1750 427 λάθῃ
1772 380 1818 426 [v.
1842 392 1943 424 supra
1959 380 2132 417 λανθάνω.
2153 393 2187 425 p.

239 439 316 461 mus
342 438 409 461 non
435 429 504 460 fore
529 438 600 460 rem
627 429 761 470 qualem
786 429 1060 471 proposuerimus
1087 438 1174 461 esse.
1205 427 1254 474 μή
1293 426 1364 462 εἴθε
1382 427 1517 474 μήποτε
1534 426 1662 475 γνοίης,
1684 427 1719 466 ὃς
1737 427 1768 462 εἷ
1783 426 1883 462 1068.
1906 428 1955 475 μὴ
1973 427 2038 477 γὰρ
2055 427 2130 464 αἵδε
2148 428 2204 464 δαί
2238 448 2244 459 ι

236 488 288 513 τις
312 473 393 513 Διὸς
418 474 581 521 κεραυνὸς
606 473 630 520 ἥ
655 486 705 513 τις
724 473 848 522 ὀμβρία
870 473 1001 521 χάλαζ’
1027 474 1251 521 ἐπιρράξασα,
1293 473 1387 509 θεῖέν
1441 473 1448 486 '
1474 474 1615 522 ἄφωνον
1633 476 1688 509 OC
1706 474 1786 509 864.
1815 476 1894 523 *μὴ
1914 475 2023 512 πλείω
2039 475 2133 511 κακὰ
2149 476 2198 511 πά
2224 489 2242 512 ο
2274 483 2276 486 ’

238 523 294 581 (BC
314 520 404 582 1500
422 533 467 555 sc.
495 521 578 556 ἐστί.
600 521 666 581 τμη
691 527 760 556 τῶν
785 523 980 569 τυράννων,
1011 524 1065 555 Tr.
1088 520 1168 557 316.
1202 524 1256 557 Sic
1292 519 1323 578 ἢ,
1334 521 1393 557 καὶ
1433 527 1533 570 ρῶσιν
1552 521 1699 581 ἐκδίκως
1718 521 1782 568 ἐμέ
1799 524 1880 556 Ant.
1899 521 1968 557 927
1986 523 2080 571 [secl.
2099 522 2235 570 Dind.].
2262 561 2269 572 Ι

238 582 378 650 itit?
391 571 471 650 02¹3
487 571 906 658 ἒὲιέῥνῖξὲιεζῗέῗῖἒῃὲ
907 572 1001 650 1ζῖἱῖ
1011 575 1237 664 {312⁸ssss
1240 589 1256 650 ἑ
1293 568 1557 663 irfffiffpffi'
1572 569 1663 652 ἷξο-ῗέ
1679 568 1803 652 {affl
1820 583 1841 652 i
1856 569 2242 666 303]2=‡³{‘‡“332323‘2“⁸8

238 667 375 708 quidem
393 666 441 697 sic
459 665 614 707 Sophocli
630 666 770 706 dictum,
792 667 852 698 sed
869 675 935 698 non
955 663 1032 711 μήε
1061 666 1096 697 id
1113 667 1256 698 Dorien-
1294 665 1430 711 σπέρμα
1453 664 1663 712 χωρήσαντα
1685 677 1743 700 ποι
1773 663 1793 698 3
1820 663 1852 698 4.
1882 664 2015 701 ὄλοιντο
2047 665 2096 712 μή
2124 678 2157 700 τι
2184 664 2234 701 πά
2264 687 2266 690 -

238 715 332 746 sibus
351 714 534 753 usitatum,
564 724 596 744 v.
618 714 726 745 Koen.
755 713 796 745 ad
815 713 915 754 Greg.
938 712 1012 745 Gor.
1033 723 1067 754 p.
1088 710 1168 752 276,
1197 713 1256 744 sed
1294 711 1326 746 οἱ
1348 711 1451 746 κακοί
1482 710 1561 746 383.
1604 712 1717 745 Etiam
1742 714 1834 746 hunc
1858 724 1992 747 versum
2023 715 2071 747 ita
2098 715 2269 755 intellige?

238 762 279 793 de
297 762 454 802 prosariis
472 761 643 792 Atticismi
670 762 860 793 auctoribus
879 771 942 792 nec
960 760 1092 793 Schaef.
1113 770 1255 802 persua·
1294 760 1482 801 Schaefer.,
1512 764 1551 793 ut
1583 764 1660 801 post
1685 758 1818 794 ὄλοιντο
1850 763 2023 804 paulisper
2055 762 2240 795 conticesce
2251 760 2265 800 ι’

239 810 296 841 det
322 809 362 840 ad
387 808 506 840 Gnom.
535 818 568 849 p.
590 804 670 840 318.
693 804 761 840 364
788 812 822 839 et
846 809 887 840 ad
902 808 1079 840 Demosth.
1109 818 1187 849 app.
1208 818 1252 839 cr.
1293 809 1497 850 interrumpi
1521 809 1704 841 orationem
1721 812 1867 850 putaret.
1899 808 1948 854 μὴ
1975 807 2073 855 σταίη
2099 806 2266 843 πολύκω

237 867 271 898 Ρ.
292 852 349 888 96.
370 859 395 887 t.
416 852 439 887 4
456 865 519 887 nec
535 856 712 912 Frankyp.
732 851 778 887 23
795 852 853 899 [cf.
875 856 913 888 C.
935 855 974 888 G.
995 855 1193 887 Firnhaber.
1215 855 1257 887 de
1294 853 1414 913 ὄχημα
1436 854 1515 892 ναὸς
1542 853 1635 901 αὐτῷ
1659 853 1727 888 655
1745 857 1796 888 ch.
1835 854 1884 902 μή
1911 867 1966 890 πω
1989 858 2050 890 νοῦ
2074 854 2209 891 τοσόνδ’

239 904 583 994 1181416ἲι.4711ι4(81ᾘ
601 913 671 981 alita
671 912 699 981 va
708 906 1024 992 1111·ξέὶὲἓῦῗὲιίῗίἕέ
1027 913 1138 982 ᾞὲἲῐιέ
1156 903 1257 981 Ξὲιῖ
1293 900 1792 993 χενηΙΙΕὲίιὲιοὶ-ίιηιρεταιὶυο
1824 951 2026 992 prohibendi
2049 951 2154 991 gratia
2179 948 2236 997 μή
2283 981 2286 983 ,

239 999 364 1030 dicavit
380 1007 458 1030 eum
475 1007 575 1029 usum
585 998 704 1030 Elmsl.
725 997 767 1029 ad
783 998 872 1030 Med.
886 994 968 1038 804,
991 999 1056 1029 etsi
1073 999 1110 1029 in
1127 1007 1166 1030 eo
1183 998 1256 1039 ipso
1294 999 1379 1038 dici,
1408 1001 1447 1029 ut
1464 999 1554 1030 solus
1569 999 1751 1038 praesentis
1776 999 1834 1030 ille
1852 999 1970 1030 modus
1995 998 2075 1030 huic
2099 999 2232 1039 negotio
2248 1034 2255 1039 .

237 1047 308 1078 loco
325 1046 464 1077 mirifice
482 1045 644 1085 deceptus
662 1046 860 1085 explicando
876 1057 908 1077 ν.
926 1046 1005 1077 infr.
1024 1046 1064 1077 de
1083 1045 1258 1086 hyperbato
1294 1046 1467 1087 hibeatur,
1496 1047 1609 1077 aoristz’
1626 1049 1739 1077 autem
1757 1047 2004 1087 com‘unctz‘vus,
2033 1046 2211 1078 Atticistae
2235 1067 2240 1074 -

237 1094 435 1134 particulae.
466 1092 576 1131 Quare
600 1095 691 1124 recte
718 1102 761 1124 ex
784 1093 980 1125 melioribus
1006 1093 1102 1124 libris
1127 1093 1257 1124 editum
1295 1103 1397 1124 sensu
1421 1096 1619 1125 sanxerunt.
1660 1093 1809 1132 Quorum
1836 1094 2008 1125 modorum
2032 1103 2098 1134 qua
2114 1093 2244 1126 rationo

239 1134 316 1173 ἀλλ’
342 1137 401 1174 οὖν
435 1137 660 1187 προμηνύσῃς
687 1150 725 1184 γε
757 1142 857 1173 τοῦτο
882 1137 1003 1186 μηδενί
1027 1141 1108 1172 Ant.
1130 1137 1176 1172 84
1199 1140 1258 1172 ubi
1294 1141 1472 1180 gnificatus
1504 1141 1655 1181 differat,
1699 1142 1832 1182 aperuit
1860 1141 1977 1172 Herm.
2009 1141 2090 1173 diss.
2124 1140 2165 1172 de
2193 1149 2216 1182 p
2249 1151 2253 1154 ·

240 1189 395 1220 nonnulli
411 1188 489 1219 libri
505 1198 680 1233 προμην
694 1185 821 1225 ύσεις.
842 1188 932 1220 Illud
945 1188 1159 1219 memorabile
1169 1187 1258 1228 quod
1294 1188 1399 1219 Attic.
1429 1197 1462 1229 p.
1484 1184 1551 1219 269
1578 1197 1691 1229 opusc.
1713 1189 1779 1220 vol.
1802 1185 1819 1219 1
1847 1188 2014 1230 explicuit
2030 1188 2152 1221 Frank.
2174 1187 2261 1232 eopfj

239 1233 288 1281 μή
309 1236 356 1267 sic
373 1236 500 1267 dictum
517 1235 622 1276 priori
639 1235 770 1266 cuidam
787 1236 966 1268 enuntiato
984 1235 1200 1275 adiungitur,
1221 1235 1256 1266 in
1295 1246 1327 1276 p.
1349 1232 1395 1267 28
1408 1245 1479 1276 sqq.
1502 1235 1672 1276 idemque,
1693 1236 1826 1267 etiamsi
1844 1245 1941 1268 secus
1960 1235 2126 1276 videatur,
2148 1235 2249 1268 haud¹

239 1293 305 1324 quo
323 1280 362 1316 οὐ
389 1283 627 1322 interrogative
645 1282 773 1314 dictum
792 1286 865 1324 est,
894 1287 934 1314 ut
951 1283 1184 1324 quaestionem
1201 1283 1256 1313 in-
1295 1283 1358 1315 cile
1382 1283 1560 1314 discrimen
1580 1283 1706 1323 negligi
1723 1283 1847 1315 docuit.
1871 1300 1975 1316 —.-
2001 1293 2032 1315 a.
2062 1282 2147 1314 Cum
2166 1284 2177 1314 i
2221 1298 2243 1310 1-

238 1331 444 1371 dignationis
461 1330 609 1362 indicem
626 1334 785 1369 sequatur
802 1331 938 1362 vetandi
964 1331 1116 1362 formula.
1147 1327 1211 1363 οὐκ
1229 1326 1259 1362 εἷ
1295 1332 1360 1361 tivo
1379 1331 1482 1370 igitur
1495 1331 1678 1370 praesentis
1695 1328 1744 1375 μή
1764 1330 1908 1362 dictum:
1939 1327 1989 1375 μὴ
2017 1330 2123 1376 φώνει
2140 1327 2228 1376 μέγα

240 1376 278 1411 σύ
303 1375 332 1411 τ’
356 1375 495 1418 οἴκους,
525 1375 565 1411 σύ
581 1388 636 1417 τε,
666 1374 810 1422 Κρέων,
838 1376 927 1411 κατὰ
941 1375 1080 1423 στέγας,
1108 1375 1180 1410 καὶ
1208 1375 1256 1421 μὴ
1295 1374 1374 1409 574.
1406 1376 1454 1422 μὴ
1474 1374 1556 1422 λέγ’,
1586 1377 1614 1410 ὦ
1630 1375 1761 1418 τέκνον,
1789 1375 1871 1411 τάδε
1888 1375 1968 1410 898.
1999 1377 2048 1424 μὴ
2067 1375 2204 1416 στέναζε
2228 1377 2258 1417 f„

237 1424 277 1459 τὸ
303 1423 411 1470 μηδὲν
429 1422 534 1470 ἄλγος
552 1423 600 1462 είς
619 1423 691 1470 μέγ’
717 1423 843 1466 οἴσετες
866 1425 924 1457 OR
934 1422 1013 1456 638.
1045 1425 1099 1457 Sic
1116 1428 1191 1466 post
1208 1436 1225 1457 ο
1238 1423 1256 1458 ὐ
1296 1424 1344 1469 μὴ
1370 1420 1482 1470 θυμοῦ
1508 1422 1624 1457 κλύων
1643 1421 1722 1456 922.
1754 1423 1801 1469 μὴ
1820 1424 1868 1458 ’πὶ
1892 1421 1971 1458 τ”)δ’
1997 1423 2084 1459 ἔστω
2101 1422 2183 1458 τάδε
2201 1421 2236 1457 1
2254 1459 2258 1464 ,

238 1474 386 1505 infertur
413 1470 502 1517 μηδέ
528 1473 584 1504 Tr.
609 1470 709 1507 1183.
738 1473 793 1504 Ai.
816 1470 872 1504 75.
909 1474 950 1504 V.
973 1473 1088 1504 Herm.
1119 1473 1159 1504 ad
1176 1473 1253 1513 Vig.
1295 1470 1344 1517 μή
1373 1467 1403 1515 μ’
1431 1470 1611 1517 ἀντιφώνει
1638 1470 1746 1517 μηδέν
1767 1469 1869 1505 1065.
1891 1484 1916 1516 μ
1967 1469 2176 1519 πρόσλευσσε
2202 1468 2240 1504 1⁸,

239 1531 273 1562 p.
291 1517 372 1552 800.
389 1538 430 1543 —
449 1520 583 1552 Deinde
601 1522 703 1553 etiam
721 1531 749 1551 c.
772 1519 902 1560 imperf.
924 1523 958 1551 et
975 1529 1044 1551 aor.
1067 1517 1116 1564 μή
1135 1520 1258 1552 dicitur
1296 1518 1343 1564 μή
1396 1517 1517 1565 ράδυνε
1539 1516 1640 1551 1400.
1670 1518 1719 1565 μὴ
1745 1521 1804 1553 νῦν
1855 1518 1960 1564 ρόνιοι
1979 1517 2123 1564 μέλλετε

240 1566 420 1600 indicando
445 1570 556 1608 optato
582 1570 634 1599 vel
658 1567 836 1608 desiderio,
867 1566 952 1608 quod
970 1568 1091 1606 expleri
1114 1568 1165 1598 vel
1189 1576 1258 1598 ηοη
1297 1563 1362 1598 144
1404 1576 1459 1598 an.
1497 1565 1546 1612 μὴ
1573 1564 1735 1600 σιωπάτω
1760 1568 1818 1600 OR
1859 1564 1915 1599 31.
1951 1565 2042 1602 τοῦτ’
2066 1564 2149 1601 αὐτὸ
2174 1563 2225 1612 μή

237 1618 354 1655 potest,
375 1616 428 1646 vel
444 1617 646 1655 nonpotuit.
675 1613 751 1660 *τῷ
768 1612 833 1657 (sic
850 1616 966 1646 Herm.
996 1615 1095 1654 vulgo
1123 1612 1181 1657 ἰώ)
1207 1613 1255 1660 μὴ
1295 1612 1402 1660 φράζε
1419 1611 1500 1646 548.
1531 1612 1638 1658 μήπω
1664 1607 1699 1659 μ’
1726 1612 1836 1656 ἐρώτα
1863 1612 1943 1647 740.
1973 1613 2102 1660 μητρὸς
2129 1613 2178 1660 μὴ
2202 1630 2233 1641 ...ι

239 1664 303 1708 γᾶς
325 1660 383 1696 ἐπὶ
400 1660 498 1702 ξένας
522 1660 639 1697 θανεῖν
659 1660 804 1710 ἔχρῃζες
821 1661 877 1694 OG
898 1659 986 1694 1713
1005 1671 1049 1692 m.
1073 1659 1126 1705 [ut
1143 1663 1258 1703 spuria
1293 1659 1524 1706 νυμφεύματα
1540 1658 1619 1694 980.
1651 1660 1698 1706 μὴ
1718 1659 1843 1701 κόλαζε
1864 1659 1965 1695 1147.
1996 1661 2046 1707 μὴ
2066 1659 2136 1696 ἱστό
2158 1670 2188 1694 ει
2213 1678 2216 1682 «
2242 1679 2244 1681 >

239 1711 358 1742 reiecit
380 1710 483 1742 D'nd.
535 1720 634 1751 quare
657 1713 788 1742 utinam
812 1719 854 1741 ne
875 1710 1051 1749 cupivisse-«1
1075 1711 1170 1741 mori.
1207 1707 1248 1753 μ’
1297 1707 1398 1742 1165.
1429 1707 1478 1753 μή
1498 1706 1532 1754 μ’
1549 1706 1730 1742 ἐκδίδασκε
1750 1706 1851 1742 1370.
1872 1707 1983 1743 πάντα
2002 1708 2051 1755 μὴ
2073 1707 2140 1790 gob
2165 1718 2204 1743 ου

240 1751 315 1791 ποτ’
332 1754 468 1802 ὤφελον
518 1759 606 1791 ιπεῖν
623 1756 688 1804 τὴν
708 1754 843 1802 Σκῦρον
860 1757 922 1788 Ph.
943 1753 1023 1788 969.
1052 1754 1096 1801 ἣν
1115 1754 1164 1800 μή
1183 1767 1249 1790 ποτ
1293 1759 1362 1790 τεῖν
1383 1754 1486 1788 1522.
1517 1755 1565 1802 μὴ
1591 1753 1671 1792 τοὺς
1688 1753 1790 1794 θεοὺς
1816 1758 1942 1803 μοῖραν
1958 1759 2071 1790 ποιεῖσ
2098 1768 2114 1789 ε
2137 1754 2219 1802 μηδ
2239 1795 2245 1802 ¹

241 1804 309 1850 ἐγὼ
334 1803 508 1849 προσιδεῖν
541 1803 559 1839 ὁ
589 1803 696 1838 τάλας
727 1801 862 1850 ὤφελον
888 1801 999 1841 ὄσσοις
1036 1804 1090 1835 Tr.
1114 1801 1182 1836 998
1200 1813 1253 1835 an.
1294 1804 1350 1837 OC
1368 1801 1448 1836 277.
1477 1802 1526 1850 μὴ
1550 1801 1704 1837 κάλυπτε
1728 1802 1789 1842 τὰς
1814 1802 2020 1849 εὐδαίμονας
2047 1800 2201 1850 Ἀθήνας

242 1853 307 1886 Sed
334 1850 461 1897 δῶρον,
490 1851 508 1886 ὃ
535 1851 583 1898 μή
610 1847 685 1886 ποτ’
711 1850 779 1899 ἐγὼ
795 1849 1026 1896 ταλακάρδιος
1046 1848 1259 1896 ἐπωφέλησα
1296 1850 1400 1896 μόνον
1427 1849 1464 1885 δέ
1488 1862 1530 1895 με
1556 1850 1604 1896 μὴ
1630 1847 1764 1884 λείπετε
1790 1849 1870 1885 501.
1907 1850 1956 1897 μὴ
1984 1849 2123 1885 δίδασκε
2147 1847 2245 1884 654.

240 1897 366 1937 πόλεος
385 1896 561 1938 ἐξελέσθαι
577 1900 633 1933 00
644 1898 712 1932 540
720 1910 764 1931 m.
782 1899 869 1940 quod
886 1895 1100 1945 ἐπωφέλησα
1117 1899 1257 1930 minime
1293 1896 1436 1932 ’πίτασσ’
1463 1896 1485 1931 ἃ
1512 1897 1561 1943 μὴ
1587 1899 1724 1942 κρατεῖς
1750 1895 1831 1931 839.
1861 1897 1910 1944 μή
1928 1909 1981 1932 τοι
2005 1896 2040 1944 μ’
2057 1896 2183 1943 ὀδύρου
2202 1893 2218 1930 1

241 1944 376 1994 ὤφελον
395 1948 573 1987 significat,
606 1951 745 1980 nonest
767 1957 810 1979 ex
829 1947 890 1978 hoc
906 1955 1042 1986 genere.
1296 1945 1345 1991 μὴ
1371 1942 1461 1979 πεῖθ’
1487 1943 1509 1978 ἃ
1534 1944 1582 1991 μὴ
1610 1944 1664 1978 δεῖ
1690 1942 1793 1978 1442.
1823 1945 1930 1992 φράζε
1948 1945 1997 1992 μή
2016 1943 2092 1979 ποτ’
2116 1942 2213 1991 ἀνθρ
2232 1965 2245 1991 3

328 1994 342 2036 ΙΙ
368 1994 455 2027 Cum
487 1996 770 2027 coniunctivo
804 2005 833 2026 a.
874 1993 1169 2025 deliberativo
1205 1991 1254 2037 μή
1292 1991 1358 2026 τινί
1386 1991 1486 2025 1522.
1517 1991 1534 2026 ὃ
1562 1992 1610 2039 μὴ
1638 1990 1677 2025 σὺ
1711 1990 1837 2037 βούλου
1863 1990 1988 2027 παθεῖν
2017 1990 2118 2026 1538.
2155 1992 2204 2040 μὴ

242 2043 383 2083 dieitur,
421 2043 468 2082 si,
505 2042 587 2084 quid
615 2043 808 2074 faciendum
841 2041 1024 2081 eligamus,
1069 2041 1255 2072 dubitabile
1294 2042 1375 2074 Ant.
1405 2037 1485 2072 567.
1515 2039 1563 2086 μὴ
1589 2042 1648 2074 νῦν
1675 2037 1710 2073 ἓν
1744 2037 1832 2078 ’ἔθος
1856 2043 1983 2084 μοῦνον
2009 2038 2044 2074 ἐν
2072 2039 2188 2086 σαυτῷ
2216 2059 2230 2084 g

240 2090 386 2122 videtur.
431 2090 578 2122 Maxime
601 2090 719 2131 primis
744 2090 837 2121 verbi
861 2089 1014 2129 personis
1038 2088 1191 2127 additur,
1221 2099 1254 2119 ν.
1295 2085 1375 2120 705.
1406 2086 1454 2132 μὴ
1481 2085 1629 2120 κώτιλλέ
1657 2098 1699 2131 με
1725 2059 1805 2119 756.
1836 2087 1884 2133 μὴ
1902 2089 1962 2121 νῦν
1987 2085 2179 2134 προσεύχου

241 2138 357 2169 Herm.
372 2137 414 2169 ad
425 2138 486 2169 Ph.
506 2134 592 2169 1081
609 2137 662 2169 ed.
683 2134 699 2168 1
719 2140 846 2169 temere
859 2135 1086 2177 reprehensus
1103 2146 1122 2166 a
1136 2135 1259 2167 Schae-
1297 2132 1397 2167 1337.
1428 2134 1477 2180 μὴ
1497 2133 1602 2168 πλέον
1619 2132 1658 2168 τὸ
1677 2137 1780 2180 πῆμα
1795 2137 1858 2180 τῆς
1875 2133 1961 2180 ἄτης
1977 2133 2066 2170 τίθει
2082 2135 2138 2167 Ai.
2155 2131 2222 2168 363
2236 2175 2237 2180 1

240 2185 312 2216 fero
337 2194 413 2226 app.
434 2185 533 2217 Dem.
561 2184 602 2216 ad
627 2195 660 2226 Ρ.
683 2181 770 2224 613,
791 2181 823 2216 3.
861 2183 916 2216 Sic
939 2186 1053 2214 tamen
1079 2191 1131 2223 ap.
1154 2182 1254 2224 Soph.
1296 2179 1382 2215 αὔδα
1406 2181 1487 2216 τάδε
1512 2179 1591 2215 368.
1622 2180 1670 2227 μὴ
1689 2184 1794 2227 κρῖνε,
1826 2181 1875 2228 μὴ
1897 2179 2030 2221 ’ξέταζε
2047 2178 2127 2215 586.
2157 2180 2206 2228 μὴ
2222 2180 2241 2213 .’

242 2241 334 2264 nunc
357 2241 424 2264 non
441 2232 565 2271 legitur
588 2230 645 2277 μή
673 2232 837 2273 simplex:
875 2230 933 2262 sed
960 2231 1143 2271 praemisso
1164 2227 1197 2262 τί
1222 2230 1258 2261 in
1296 2227 1395 2263 δεσθε
1414 2227 1596 2274 πανδήμου
1618 2231 1760 2273 στρατοῦ
1777 2226 1857 2261 844.
1880 2228 1929 2274 μὴ
1947 2231 2037 2263 τεῖνε
2054 2226 2188 2275 μακράν
2202 2225 2243 2262 1ἑ.

241 2280 523 2319 interrogatione:
558 2275 724 2326 ἄρχοντές
750 2277 852 2319 εἰσιν,
887 2274 965 2310 ὥστ’
990 2274 1191 2335 ὑπεικτέονΙ·
1226 2274 1259 2309 τί
1297 2275 1345 2322 μή
1371 2288 1430 2310 νυν
1456 2274 1560 2341 ἀτΓίμα
1586 2275 1687 2313 θεούς
1707 2274 1808 2308 1129.
1839 2275 1888 2321 μὴ
1916 2275 1980 2322 δρᾶ
1996 2275 2076 2314 τοὺς
2098 2272 2202 2322 τεθνη
2236 2314 2242 2324 .

243 2327 408 2406 iiiive
420 2322 1260 2415 {fiffdsggffijgssfflffi›fggfflpj‘fflsg‘ssg‘ss2
1294 2335 1412 2403 5325?
1430 2321 1482 2416 ἐξ
1489 2321 1660 2416 Οέιέχεΐῖί
1672 2322 2190 2417 ³(ss⁹5055190³2⁵⁶3y2ss33³1iif⁷⁵31
2209 2341 2238 2393 ἵ

244 2422 404 2453 tativo:
430 2419 479 2466 μὴ
499 2418 658 2466 δοκῶμεν
677 2419 740 2454 οὐκ
756 2417 935 2453 ἀντιτίσειν
961 2416 1060 2453 αὖθις
1076 2420 1131 2451 Ai.
1155 2415 1255 2450 1085.
1297 2415 1329 2464 μ’
1349 2416 1526 2452 ἐκδίδασκε
1542 2421 1615 2456 τοῖς
1641 2418 1752 2465 φίλοις
1769 2417 1855 2452 εἶναι
1871 2411 1984 2464 κακήν
2002 2415 2081 2450 395.
2112 2429 2138 2462 μ

243 2478 285 2500 ne
308 2471 474 2508 putemus.
498 2485 539 2491 -
558 2478 586 2500 c.
624 2470 668 2506 in
702 2469 1053 2507 interroyatione
1085 2466 1254 2506 eiusmodi,
1295 2464 1379 2499 κλύε
1409 2463 1488 2498 675.
1526 2465 1612 2498 ὥστε
1643 2466 1691 2511 μὴ
1722 2464 1797 2499 λίαν
1832 2463 1926 2499 στένε
1958 2463 2058 2498 1172.
2094 2463 2143 2510 μὴ

245 2526 310 2556 qua
332 2524 393 2547 nos
417 2514 566 2547 dubitare
592 2514 793 2556 indicamus,
826 2516 909 2546 sitne
933 2517 1146 2553 eventurum,
1175 2512 1260 2553 quod
1297 2510 1422 2558 βούλου
1452 2511 1563 2558 λέγειν
1594 2510 1696 2546 1259.
1726 2511 1774 2558 μή
1807 2511 1840 2557 μ’
1868 2510 1988 2559 ἔλεγχε
2017 2510 2168 2546 πλείοσιν
2221 2513 2226 2553 [

245 2564 408 2603 capimus,
427 2571 468 2594 ne
485 2562 554 2604 fiat.
585 2564 636 2594 De
653 2573 687 2594 rc
699 2562 818 2603 Γαΐω-α
834 2562 938 2602 igitur
955 2562 1189 2593 coniunctivus
1207 2560 1259 2591 di·
1299 2558 1400 2592 1353.
1431 2559 1480 2604 μὴ
1507 2558 1597 2604 πέρα
1620 2558 1729 2607 λέγειν
1749 2558 1789 2594 ἔα
1809 2557 1909 2592 1483.
1940 2558 1989 2604 μὴ
2006 2558 2108 2593 τάσσε
2129 2555 2194 2591 149
2215 2575 2228 2588 ε.

247 2610 334 2642 citur
350 2610 608 2650 interrogative,
636 2614 675 2641 ut
699 2611 734 2641 in
758 2609 850 2650 facta
873 2609 926 2640 vel
950 2618 989 2640 ca
1014 2617 1096 2649 quae
1112 2617 1261 2639 veremur
1297 2604 1393 2641 πάντ’
1411 2605 1531 2653 ἐρεύνα
1549 2608 1589 2639 fr.
1607 2609 1723 2640 Alead.
1744 2605 1822 2640 104.
1853 2605 1902 2652 μὴ
1922 2605 2037 2653 μάχου
2055 2604 2112 2652 βίᾳ
2129 2607 2217 2638 Laos

246 2666 286 2688 nc
302 2666 392 2688 nunc
409 2658 516 2697 ipsum
533 2658 603 2698 fiat,
623 2658 843 2689 indicativum
861 2656 941 2697 poni
958 2655 1117 2687 vidimus.
1146 2654 1261 2686 Unum
1298 2651 1330 2686 3.
1361 2653 1410 2699 μὴ
1437 2657 1554 2699 σπεῖρε
1579 2653 1723 2692 πολλοῖς
1753 2655 1828 2695 Tyr.
1850 2651 1929 2694 585,
1953 2653 1984 2685 1.
2021 2653 2224 2699 διὼιιιιᾱίίιι,7
2254 2686 2258 2693 ,
2286 2659 2288 2681 ἑ

247 2704 441 2745 exemplum
455 2701 722 2744 ῐοΡοιίὦξεῖνοι
735 2702 784 2749 μὴ
799 2701 873 2749 δῆτ’
886 2699 1046 2748 ἀδικηθῶ
1059 2713 1112 2736 σοι
1125 2699 1261 2734 πιστεύ-
1297 2703 1470 2742 perativus
1499 2702 1534 2732 in
1565 2703 1707 2734 formula
1735 2702 1895 2743 loquendi
1925 2699 1974 2745 μὴ
2003 2698 2122 2746 τριβὰς
2150 2697 2227 2733 ἔτι
2286 2724 2288 2744 ⁴,

248 2761 309 2788 σας
327 2749 538 2795 μεταναστάς
555 2748 761 2783 00174311.
791 2751 878 2783 Male
895 2750 1010 2782 Herm.
1032 2753 1108 2791 post
1123 2746 1262 2782 πιστεύ-
1299 2746 1367 2781 577
1385 2749 1455 2780 scil.
1486 2747 1696 2793 ἐμβάλλετε,
1733 2751 1882 2782 ποιεῖτες
1921 2749 2081 2780 librorum
2113 2747 2191 2779 scri·
2209 2749 2229 2794 {7
2286 2749 2288 2760 ¹

248 2809 310 2835 σας
326 2798 458 2830 incidit.
487 2799 707 2839 participium
724 2799 816 2830 enim
833 2799 977 2830 alterum
993 2798 1114 2838 prioris
1131 2806 1262 2828 causam
1300 2797 1480 2836 corrumpit
1498 2796 1604 2837 Toup.
1626 2807 1691 2828 em.
1713 2797 1748 2827 in
1768 2796 1861 2829 Suid.
1883 2800 1908 2827 t.
1930 2792 1963 2827 3.
1990 2805 2024 2836 p.
2047 2791 2126 2826 163.
2152 2801 2199 2839 τρ
2220 2815 2225 2822 .-

247 2845 391 2877 indieat:
421 2844 470 2891 μὴ
496 2843 656 2892 ἀδικηθῶ
683 2843 895 2889 μεταναστὰς
917 2842 977 2878 ἐάν
1001 2854 1053 2878 σοι
1078 2841 1257 2877 πιστεύσω.
1300 2842 1392 2882 ζετε
1409 2844 1607 2883 scripturus.
1636 2844 1730 2875 Idem
1748 2844 1852 2874 estin
1872 2841 1920 2887 μὴ
1946 2840 2031 2887 πρὸς
2057 2839 2148 2876 θεῶν
2171 2836 2220 2882 Δὶ,

247 2894 427 2934 Perpetem
439 2893 681 2934 interpretatur
694 2893 813 2925 Elmsl.
831 2890 880 2938 μὴ
896 2890 984 2937 δῆτα
1000 2889 1192 2936 ἀδικήσητέ
1206 2900 1259 2935 με.
1302 2890 1350 2936 μὴ
1378 2888 1464 2935 δῆτα
1488 2888 1588 2923 τοῦτό
1614 2901 1652 2936 γε
1669 2891 1730 2922 Ph.
1752 2887 1831 2922 763.
1863 2889 1911 2935 μὴ
1930 2887 2029 2968 δητα,
2057 2886 2176 2922 τέκνον
2205 2897 2227 2938 132,
2273 2926 2275 2928 ,

249 2941 320 2972 Hoc
337 2940 478 2972 dicitur:
507 2940 668 2981 numquid
691 2940 777 2980 forte
794 2941 934 2971 iniuriae
949 2938 1030 2971 mihi
1047 2938 1165 2979 inferri
1184 2947 1264 2978 pos·
1301 2936 1407 2982 μήπω
1432 2947 1469 2983 γε
1497 2934 1586 2968 1409
1604 2948 1658 2968 an.
1689 2936 1737 2982 μὴ
1763 2935 1801 2970 σύ
1820 2948 1858 2982 γε
1882 2936 1936 2969 00
1977 2932 2058 2974 441,
2079 2936 2120 2967 de
2137 2939 2216 2975 que

249 2989 303 3027 sit,
329 2996 441 3018 vercor
457 2986 550 3025 (duas
565 2989 630 3019 mir
642 2990 682 3027 ja
697 2987 836 3026 nichtl).
874 2987 1012 3018 Rectius
1029 2985 1191 3017 Matthiae
1208 2985 1263 3016 in·
1301 2986 1392 3016 tione
1410 2987 1452 3016 cf.
1475 2983 1589 3015 Valck.
1612 2985 1652 3016 ad
1670 2985 1796 3016 Phoen.
1819 2981 1898 3017 534.
1923 3000 2024 3015 -.—
2043 2983 2076 3014 b.
2098 2980 2203 3021 Quod.
2219 3023 2225 3026 ‚

250 3034 386 3066 tellexit
402 3034 443 3066 ad
461 3034 577 3066 Troad.
597 3032 675 3066 173.
694 3052 735 3058 —-
756 3035 789 3066 d.
810 3034 903 3073 Quod
921 3033 1184 3065 usitatissimum
1198 3035 1261 3072 est,
1300 3033 1446 3063 rativum
1458 3031 1599 3072 perfecti
1618 3030 1666 3076 μή
1686 3033 1819 3063 videtur
1836 3032 1900 3063 sibi
1925 3031 2055 3070 addere,
2078 3029 2188 3070 speeie
2218 3029 2222 3064 “,
2276 3043 2282 3072 3

251 3083 287 3112 in
313 3081 439 3121 prolui
448 3081 579 3113 hendo
613 3079 669 3127 μή
696 3082 904 3113 conium-tivo
937 3081 1051 3112 aoristi
1083 3088 1266 3111 accommo-
1303 3089 1421 3111 verum
1438 3082 1500 3110 est.
1530 3075 1630 3121 ὑμεῖς
1655 3089 1691 3111 τε
1712 3077 1760 3123 μὴ
1784 3080 1944 3122 γυναῖκες
1962 3070 2032 3110 ἀντ’
2056 3073 2226 3121 ἀνδρῶν
2277 3073 2281 3111 Ϊ

250 3128 343 3168 dari,
373 3129 487 3160 statim
510 3129 547 3160 in
572 3129 772 3170 imperativo
798 3128 997 3160 illustrando
1022 3127 1187 3167 exemplis
1209 3124 1266 3157 flr-
1302 3119 1482 3172 παρέστατ’
1505 3122 1580 3158 ἀλλ’
1597 3123 1741 3172 ἀρήγετε
1758 3126 1813 3158 Ai.
1836 3122 1936 3156 1182.
1961 3141 2064 3155 —.—
2084 3133 2112 3155 c.
2134 3122 2156 3154 Ι
2202 3152 2214 3170 ‚A
2276 3114 2281 3130 ’

251 3176 427 3207 mabimus.
974 3173 1023 3218 (11
1040 3184 1074 3215 p.
1095 3170 1140 3206 95
1158 3171 1267 3216 extr.)
1302 3183 1381 3204 vum
1410 3174 1523 3205 aoristz·
1553 3173 1710 3212 coniungi
1740 3176 1855 3204 vetant
1884 3170 2109 3211 grammatici:
2137 3167 2221 3201 eui

338 3221 352 3264 ΙΙ
371 3221 457 3254 Oum
474 3224 674 3262 optativo
699 3224 736 3254 in
760 3222 916 3262 formulis
932 3221 1070 3262 optandi
1085 3221 1131 3252 eis
1145 3220 1267 3252 dicitur
1304 3221 1368 3252 etsi
1393 3221 1475 3251 ratio
1500 3229 1568 3251 non
1586 3221 1666 3251 satis
1692 3221 1778 3251 clare
1796 3222 1944 3260 apparet,
1978 3218 2149 3249 observata
2273 3249 2274 3252 ,

254 3266 311 3314 μή
325 3295 332 3307 ,
361 3269 475 3309 quibus
491 3272 605 3301 utrum
621 3273 754 3301 eventus
772 3271 819 3309 is,
840 3278 934 3309 quem
950 3270 1055 3300 vitare
1072 3268 1125 3299 vel
1141 3268 1267 3307 assequi
1304 3268 1520 3308 scriptoribus
1538 3271 1608 3307 est,
1638 3267 1697 3307 qui
1722 3267 1856 3306 quidem
1884 3275 1998 3297 norma
2021 3261 2180 3305 loquendi
2215 3266 2221 3301 ,ᾗ
2266 3298 2269 3301 ,

253 3317 422 3355 cupimus.
450 3316 586 3356 futurus
603 3318 644 3348 sit
656 3343 664 3358 ,
691 3326 809 3356 mene,
839 3317 999 3347 incertum
1016 3318 1073 3346 eat.
1103 3311 1197 3347 ὄλοιο
1216 3312 1265 3359 μή
1305 3318 1396 3355 sunt,
1425 3324 1487 3346 nec
1503 3318 1620 3355 poetae
1638 3314 1704 3345 nisi
1722 3314 1892 3344 rarissime
1910 3316 1944 3344 et
1961 3312 2058 3352 quasi
2075 3308 2179 3342 coacti

252 3372 307 3394 πω
324 3363 386 3394 Ph.
408 3359 487 3403 961,
517 3373 618 3404 quem
635 3374 770 3396 versum
790 3363 968 3395 Schaefero
986 3362 1111 3394 rectius
1128 3362 1266 3393 intelle·
1304 3364 1438 3393 verunt.
1483 3361 1648 3402 Exempla
1674 3361 1840 3392 variorum
1868 3360 1956 3391 varia
1982 3357 2114 3397 collegit
2141 3353 2206 3390 Sc&
2265 3389 2271 3396 ,

253 3410 306 3441 xit
334 3410 459 3450 Reisig.
489 3411 630 3443 coniect.
658 3412 685 3443 1.
714 3421 747 3452 p.
769 3407 825 3442 64.
855 3409 904 3455 μὴ
934 3411 994 3442 νῦν
1022 3407 1167 3454 ὀναίμην
1191 3401 1267 3442 ἀλλ’
1303 3409 1344 3440 ad
1368 3417 1479 3448 gnom.
1509 3407 1567 3440 Gr.
1594 3418 1627 3449 p.
1652 3404 1717 3439 155
1736 3411 1771 3439 et
1788 3404 1857 3439 364
1881 3407 1953 3438 coll.
1982 3407 2095 3446 Intpp.
2117 3402 2225 3453 Greg,
2261 3440 2267 3453 ,V
