2288 3600
251 107 350 155 344

251 224 369 257 Suid.:
409 220 535 269 ἰχθῦς
569 225 780 269 περισπᾱται.
825 224 937 255 Huius
965 223 1142 261 τονώσεως
1172 233 1262 255 nunc

249 281 347 304 omne
364 271 603 302 documentum
617 271 714 310 vulgo
731 272 880 302 evanuit.
910 271 962 302 De
980 271 1102 311 spiritu
1120 280 1261 302 consen-

250 320 342 351 tiunt
368 318 443 349 Arc.
471 327 505 358 p.
529 314 606 358 199,
631 315 684 350 15.
721 318 816 350 Eust.
844 328 877 359 p.
898 315 978 358 437,
1003 315 1056 349 12.
1093 314 1180 358 928,
1205 315 1257 350 15.

254 362 352 405 1720,
374 361 431 396 42.
451 365 595 397 lexicon.
617 375 652 397 π.
675 375 797 409 πνευμ.
826 375 859 406 p.
880 362 961 397 230.

320 420 514 469 [Ἰχνεύτ
558 430 584 456 ς.
613 423 740 455 Fabula
765 424 866 465 Soph.
888 424 1049 463 satyrica,
1070 424 1165 455 cuius
1183 427 1263 455 sunt

251 483 304 514 ap.
325 471 428 503 Dind.
452 471 492 503 fr.
513 434 711 520 295-297,
732 474 804 502 erat
820 471 982 511 inscripta
998 467 1191 516 Ἰχνεῦται.]

321 526 503 575 Ἰχνεύω
520 527 579 573 (ἰ)
603 531 772 569 investiyo.
806 531 919 562 κεῖνον
939 527 1064 575 ἰχνεύω
1083 526 1190 562 πάλαι
1205 530 1258 561 Ai.

250 575 308 609 20.
335 576 394 611 τὸν
420 574 550 622 ἄδηλον
575 573 682 622 ἄνδρα
699 569 795 609 πάντ’
822 574 966 623 ἰχνεύειν
984 576 1042 608 OR
1059 574 1126 608 475
1144 577 1196 608 ch.
1219 595 1260 600 —

252 622 292 658 οὐ
310 622 374 671 γὰρ
399 621 440 657 ἂν
459 621 592 669 μακρὰν
610 621 748 670 ’ίχνευον
766 620 867 660 αὐτός
886 624 943 656 OR
960 621 1040 655 221.
1070 624 1122 655 De
1141 625 1262 664 spiritu

252 683 284 703 v.
305 673 373 703 lex.
395 682 432 704 π.
452 681 575 715 πνευμ.
595 681 629 712 p.
650 667 730 702 230.
760 671 811 702 De
830 672 976 711 ancipite
995 682 1005 703 ι
1022 673 1063 702 cf.
1085 672 1138 702 Ai.
1157 668 1235 702 927.

317 722 412 776 Ἲγν
424 741 469 766 ος
498 730 683 769 vestiyium.
727 730 862 771 Proprie
885 729 1000 770 pedis:
1035 727 1263 774 μετρούμενον

255 775 337 824 ’ίχνη
353 768 397 811 τὰ
413 774 526 810 κείνου
543 774 758 822 νεοχάρακτα
771 778 824 808 Ai.
843 774 875 809 6.
907 776 957 809 Cf.
972 777 1063 808 Pors.
1081 780 1115 808 et
1129 777 1258 809 Schaef.

254 826 293 857 ad
311 826 394 857 Hec.
417 821 518 856 1042.
548 824 657 855 Affert
675 824 767 855 Suid.
791 835 821 856 V.
842 822 1069 871 νεοχάρακτα.
1098 824 1187 855 Hinc
1204 825 1262 855 ad-

253 874 482 904 verbiascente
499 871 667 903 locutione
684 868 814 909 εὐθέως
833 865 861 903 δ’
880 870 946 916 ἐγὼ
963 869 1037 904 κατ’
1054 868 1149 917 ἴχνος
1169 863 1264 915 ᾄσσω

254 921 308 951 Ai.
330 916 386 951 32.
408 919 502 952 Suid.
525 929 555 949 v.
578 916 798 963 σημαίνομαι.
845 919 994 950 Tralate:
1024 921 1089 951 ποῦ
1115 916 1264 997 εὑρεθ-ίέγ-

254 977 346 1000 σεται
371 963 469 1012 ’ίχνος
495 963 642 1002 παλαιᾶς
668 963 921 1012 δυστέκμαρτον
947 963 1074 1006 αἰτίας,
1105 966 1162 998 OR
1183 962 1224 997 10
1253 992 1259 998 .

255 1015 307 1046 De
325 1015 445 1056 spiritu
464 1024 495 1044 v.
516 1013 584 1044 lex.
605 1024 642 1046 π.
662 1024 785 1057 πνευμ.
813 1024 846 1054 p.
868 1011 949 1046 230.

324 1069 393 1106 Ἰώ
409 1073 597 1104 interiectio
615 1082 690 1103 cum
709 1072 920 1104 inclamando
938 1073 1031 1112 alios,
1054 1076 1123 1103 tum
1140 1071 1264 1112 deflen-
1280 1066 1283 1073 ’

255 1120 316 1152 dae
332 1121 469 1152 alterius
488 1120 540 1152 vel
558 1121 659 1160 ipsius
676 1120 835 1160 loquentis
852 1121 930 1151 sorti
948 1121 1142 1151 constituta.
1164 1119 1263 1151 Utra-
1281 1131 1283 1144 ι

254 1177 320 1209 que
338 1167 579 1207 significatione
597 1167 747 1198 acuitur:
784 1168 861 1199 Arc.
883 1177 915 1207 p.
940 1164 1018 1207 182,
1043 1163 1103 1207 19,
1134 1167 1264 1207 Trypho

255 1213 332 1260 περὶ
356 1211 477 1248 παθῶν
503 1224 556 1255 ap.
579 1214 643 1245 EM
669 1224 702 1255 p.
724 1211 805 1254 481,
830 1211 871 1246 10
896 1224 994 1246 causa
1010 1215 1139 1246 addita:
1177 1211 1266 1246 ἀλλὰ

189 1277 193 1289 -·
255 1259 508 1308 σχετλιαστικὸν
521 1259 581 1294 καὶ
600 1259 824 1307 βακχευτικὸν
843 1259 908 1309 οὐχ
925 1259 1109 1295 ὑποπίπτει
1124 1260 1166 1306 τῇ
1182 1259 1266 1294 ἀνα-

253 1307 353 1355 λογίᾳ
367 1321 374 1340 :
403 1309 532 1341 scilicet
549 1318 634 1350 quae
652 1309 780 1341 inflecti
796 1310 928 1341 iuberet
945 1310 1038 1340 velut
1055 1308 1095 1349 ὦ,
1125 1309 1267 1340 violatur

255 1405 448 1436 acutissime
473 1404 623 1445 disputat
647 1404 759 1444 Apoll.
789 1404 830 1436 de
855 1405 928 1435 adV.
963 1414 997 1445 p.
1020 1400 1100 1443 576,
1132 1401 1183 1435 15.
1220 1405 1262 1434 cf.

254 1452 355 1484 schol.
377 1452 476 1483 Dion.
500 1451 579 1483 Thr.
599 1461 632 1492 p.
655 1447 735 1491 942,
756 1448 812 1483 31.
839 1468 876 1474 -
902 1452 1008 1490 Igitur
1025 1450 1038 1492 ΙΙ
1057 1450 1266 1486 inclamando

255 1502 290 1531 et
306 1498 517 1530 exclamando
534 1499 725 1530 inserviens
748 1500 818 1531 fere
842 1499 938 1530 semel
955 1499 1092 1540 ponitur
1119 1496 1159 1531 ἰὼ
1182 1495 1267 1536 ξένοι

255 1547 316 1578 Ph.
344 1542 413 1578 219
447 1549 543 1578 extra
575 1555 721 1577 versum.
764 1544 805 1580 ἰὼ
838 1544 991 1591 μάκαιρα
1029 1543 1266 1590 ταυροκτόνων

255 1590 405 1627 λεόντων
429 1590 551 1640 ἔφεδρε
574 1593 635 1624 ΡΙι.
657 1589 726 1624 400
744 1593 794 1625 ch.
827 1591 866 1626 ἰὼ
899 1590 973 1626 θεοί
998 1593 1059 1624 Ph.
1082 1589 1150 1625 736
1175 1597 1269 1624 extra

256 1641 458 1673 trimetrum.
487 1637 606 1684 [Dind.
620 1641 734 1672 versui
750 1641 895 1672 inseruit
912 1641 975 1672 viri
992 1641 1080 1672 docti
1095 1640 1267 1672 cuiusdam

255 1689 341 1720 coni.
369 1687 399 1721 ὦ
422 1683 525 1729 θεοῦ.
562 1685 602 1720 ἰὼ
628 1685 790 1731 [geminat
807 1686 882 1733 LA]
912 1686 1041 1733 τρισσοὶ
1074 1685 1268 1732 ἀλεξίμοροι

256 1745 322 1831 {513⁰
325 1732 540 1816 ‘'2332ngssss
556 1731 716 1817 οῗέἶιῖιῗῗ
727 1734 996 1828 &flagiti
1021 1731 1268 1815 33⁰?thssssssss

255 1828 374 1864 τέκνον
402 1826 492 1862 1216
509 1829 560 1861 ch.
597 1830 711 1861 Herm.
741 1834 775 1861 et
797 1831 900 1862 Dind.
939 1839 1028 1861 nunc-
1053 1830 1268 1861 distinctione

256 1880 333 1919 post
357 1874 399 1909 ἰώ
415 1877 534 1918 posita.
565 1874 606 1910 ἰὼ
625 1874 749 1919 δαῖμον
771 1874 860 1909 1312
877 1878 929 1909 ch.
960 1875 1001 1910 ἰὼ
1019 1875 1142 1910 σκότου
1166 1875 1268 1922 νέφος

259 1920 349 1957 1313
362 1933 407 1955 m.
437 1921 478 1957 ἰὼ
505 1921 604 1970 φίλος
631 1921 718 1956 1321
738 1934 783 1956 m.
813 1922 854 1958 ἰὼ
872 1920 1050 1969 Κιθαιρών
1071 1921 1154 1955 1391
1181 1925 1270 1955 intra

257 1972 460 2012 trimetrum,
480 1975 520 2003 ut
538 1969 578 2004 ἰὼ
595 1968 683 2009 Εὲνοι
700 1971 755 2004 OG
773 1968 853 2004 822.
873 1990 914 1995 -
934 1970 975 2004 ἰώ
993 1971 1048 2003 OC
1066 1967 1134 2002 536
1152 1971 1202 2002 ch.
1228 1968 1268 2003 ἰὼ

258 2015 356 2056 πόλις
373 2015 442 2050 833
459 2028 503 2050 ιιι.
534 2016 574 2052 ἰὼ
590 2015 697 2056 τάλας
714 2015 782 2050 876
800 2029 845 2051 m.
875 2017 915 2052 ἰὼ
933 2020 999 2051 πᾶς
1021 2016 1118 2059 λεώς,
1149 2017 1190 2051 ἰὼ
1207 2020 1268 2063 γᾶς

258 2063 324 2111 πρό
354 2076 385 2099 οι
407 2062 477 2097 884
493 2066 546 2097 οΙι.
577 2063 618 2099 ἰὼ
642 2062 713 2099 Ζεῦ
733 2063 822 2098 1085
841 2066 892 2098 ch.
914 2067 979 2098 duo
998 2066 1090 2097 codd.
1113 2069 1147 2097 et
1165 2066 1264 2097 Tricl.

259 2112 288 2147 ὦ
339 2114 389 2145 εὖ.
418 2110 459 2146 ἰὼ
485 2109 646 2158 Διρκαῖαι
668 2123 691 2145 κ
712 2115 792 2157 ῆναι
818 2114 899 2146 Ant.
920 2110 990 2145 844
1008 2123 1051 2145 m.
1074 2116 1108 2144 et
1134 2111 1174 2146 ἰὼ
1200 2124 1268 2157 μα-

256 2159 364 2207 τρῷαι
385 2157 539 2204 λέκτρων
563 2157 641 2194 ἆται
664 2158 686 2192 8
711 2157 753 2201 2,
781 2162 817 2192 in
851 2170 991 2202 quorum
1016 2163 1158 2201 utroque
1184 2158 1224 2192 ἰώ
1251 2170 1268 2190 a

258 2217 358 2240 versu
375 2211 538 2248 sequente
555 2209 745 2240 seiunctum
763 2209 803 2240 ab
820 2208 950 2248 Herm,
973 2208 1067 2239 velut
1082 2208 1118 2238 in
1145 2205 1184 2240 ἰὼ
1209 2205 1267 2253 φί-

255 2252 312 2294 λοι
338 2251 505 2298 ναυβάται
532 2259 567 2287 et
597 2252 637 2289 ἰὼ
665 2253 762 2300 γένος
787 2253 883 2293 ναΐας
911 2252 1043 2301 ἀρωγὸν
1067 2252 1105 2287 τέ
1131 2266 1191 2292 νας
1210 2256 1264 2286 Ai.

259 2298 339 2334 348.
369 2297 437 2334 356
454 2311 498 2334 ιιι.
535 2300 575 2336 ἰὼ
601 2300 722 2340 σκότος
754 2306 789 2334 et
812 2301 852 2336 ἰὼ
886 2300 985 2347 πόροι
1010 2298 1089 2334 394.
1145 2299 1187 2333 12
1204 2312 1263 2341 m.,

258 2349 346 2390 quod
370 2349 536 2390 posterius
561 2350 597 2381 in
622 2350 717 2383 libris
733 2350 895 2382 omissum
912 2350 1038 2381 addidit
1056 2349 1201 2381 Brunck.
1226 2367 1265 2372 —-

261 2395 302 2430 ἰὼ
325 2393 508 2440 κασίγνητε
534 2396 616 2428 Ant.
637 2394 705 2429 869
723 2407 766 2429 m.
798 2394 839 2430 ἰὼ
863 2398 929 2441 πῦρ
955 2395 1123 2429 πνεόντων
1147 2407 1192 2442 χο
1217 2394 1269 2440 άγ’

258 2441 393 2488 ἀστρῶν
413 2439 502 2475 1146
512 2453 556 2475 ιιι.
579 2442 619 2477 ἰὼ
636 2446 702 2477 παῖ
719 2441 808 2476 1266
826 2455 869 2476 m.
893 2442 933 2477 ἰὼ
951 2445 1015 2476 παῖ
1032 2445 1096 2477 παῖ
1111 2443 1166 2475 Ai.
1208 2440 1263 2475 39.

259 2489 301 2524 ἰὼ
326 2488 517 2535 πρόσπολοι
537 2491 618 2522 Ant.
643 2488 732 2524 1320
749 2501 793 2523 m.
824 2489 864 2524 ἰὼ
887 2489 1029 2524 κελαινὰ
1053 2489 1094 2524 λό
1143 2503 1164 2524 α
1181 2501 1268 2535 προ-

260 2536 376 2584 μάχου
394 2534 494 2583 δορός
510 2538 565 2569 Tr.
585 2535 667 2571 856.
690 2537 730 2572 ἰὼ
747 2540 812 2572 παῖ
830 2535 920 2571 1032
937 2548 981 2570 m.
1004 2536 1043 2571 ἰὼ
1061 2549 1127 2572 παν
1153 2536 1160 2548 '
1179 2537 1268 2584 ὁρῶν

258 2582 378 2618 τέκνον
395 2581 544 2631 Λαρτίου
570 2586 624 2617 Ai.
645 2582 714 2618 379
731 2595 775 2618 m.
799 2584 839 2619 ἰὼ
862 2582 1060 2629 παντλᾶμον
1085 2582 1197 2630 Νιόβα
1214 2586 1264 2616 El.

263 2628 329 2664 150
347 2641 392 2663 ιιι.
421 2630 462 2665 ἰὼ
478 2629 576 2678 γοναί
594 2629 684 2665 1232
700 2643 745 2665 m.
775 2631 816 2666 ίὼ
831 2631 947 2679 χρόνῳ
965 2632 1088 2678 μακρῷ
1104 2631 1268 2678 φιλτάταν

259 2677 339 2713 ὁδὸν
357 2675 546 2718 ἐπαξιώσας
561 2681 710 2726 φανῆναι
726 2677 817 2712 1273
834 2690 879 2711 ιιι.
909 2678 949 2714 ἰὼ
967 2677 1098 2725 βαλλήν
1116 2681 1204 2712 Past.
1226 2681 1267 2711 fr.

258 2722 339 2758 444.
361 2743 402 2750 --
428 2726 548 2758 Rarius
571 2728 758 2767 qeminatur
783 2725 824 2760 ἰὼ
849 2725 908 2767 ἰώ,
937 2727 1038 2768 idque
1063 2730 1102 2759 ut
1127 2728 1271 2758 laetitiae

259 2773 498 2813 significandae
521 2774 568 2806 ita
584 2774 688 2806 luctui
713 2775 765 2806 vel
783 2774 917 2806 horrori.
948 2773 988 2807 ἰὼ
1015 2773 1055 2807 ἰὼ
1080 2773 1183 2808 παιάν
1211 2774 1267 2806 Tr.

260 2816 328 2852 221
347 2820 400 2852 ch.
429 2818 469 2853 ἰὼ
494 2819 534 2854 ἰὼ
559 2816 632 2854 Πὰν
656 2817 729 2855 Πάν
758 2822 812 2853 Ai.
834 2817 903 2853 694
920 2822 971 2854 οΙι.
999 2819 1040 2854 ἰὼ
1066 2820 1106 2854 ἰώ
1130 2818 1198 2854 707
1215 2821 1267 2854 ch.

261 2866 353 2899 Haec
378 2868 414 2898 in
439 2868 578 2908 gaudi03
615 2871 650 2900 at
667 2866 708 2901 ἰὼ
727 2866 767 2901 ἰώ
791 2868 847 2901 OG
867 2866 935 2901 138
951 2869 1003 2900 ch.
1025 2879 1101 2900 cum
1118 2869 1267 2907 horrore;

260 2914 296 2946 in
324 2914 469 2954 simplici
491 2915 727 2947 acclamatione
752 2913 794 2948 ἰὼ
817 2913 857 2949 ἰὼ
875 2917 940 2949 παῖ
956 2915 1010 2949 OG
1030 2913 1116 2947 1491
1137 2916 1272 2947 sirecte

259 2961 445 3001 geminavit
459 2961 560 2994 Seidl.
578 2962 647 2994 loco
660 2962 835 3003 lacun0s03
857 2963 955 2995 Tricl.
978 2961 1029 2996 ἰοὺ
1050 2960 1114 2996 ἰού.
1135 2961 1176 2996 ἰὼ
1193 2964 1268 3003 παῖ,

262 3011 377 3040 contra
394 3017 544 3050 sensum,
572 3010 631 3050 qui
650 3006 703 3042 ἰού
720 3010 888 3051 repudiat.
923 3010 1196 3042 Inclamationem
1215 3009 1272 3041 do-

261 3055 364 3087 lentis
381 3056 532 3087 continet
550 3053 591 3089 ἰὼ
609 3055 649 3089 ἰὼ
667 3054 902 3103 δυσκάθαρτος
920 3049 1044 3091 (Ἀιδου
1061 3054 1167 3102 λιμήν
1186 3057 1267 3088 Ant.

264 3098 355 3133 1284
371 3111 415 3133 m.
435 3103 540 3134 altero
555 3104 701 3143 relegato
719 3108 813 3136 extra
830 3113 963 3136 versum
981 3105 1020 3136 ab
1033 3104 1149 3136 Herm.
1171 3102 1211 3137 ἰὼ
1230 3101 1271 3136 ἰὼ

263 3144 407 3194 δύστηνε
431 3146 472 3182 σύ
496 3149 558 3181 Ph.
580 3146 647 3183 759
672 3151 708 3182 in
731 3151 894 3183 trimetro.
922 3153 965 3183 V.
987 3147 1054 3183 760
1071 3154 1272 3192 repetuntur

264 3192 306 3228 ἰὼ
324 3193 365 3228 ἰώ
381 3197 417 3227 in
435 3196 506 3228 cod.
525 3196 617 3229 Harl.
638 3201 673 3229 et
690 3199 827 3229 membr.
845 3198 1004 3238 Bruncki,
1033 3207 1117 3238 quae
1135 3209 1152 3230 a
1171 3198 1267 3229 Tricl.

262 3242 405 3283 absunt,
434 3252 496 3275 nec
513 3247 590 3284 apta
607 3248 725 3285 quater
742 3245 862 3277 iterata
879 3245 1075 3277 exclamatio
1100 3245 1135 3276 in
1154 3245 1271 3276 trime-

261 3291 388 3321 trorum
404 3290 559 3322 decursu.
583 3309 623 3314 —
643 3291 729 3323 Cum
746 3293 822 3323 aliia
841 3293 1016 3333 particulis
1040 3293 1268 3333 componitur:

261 3333 348 3369 αἰαῖ.
379 3334 420 3369 ἰὼ
445 3334 559 3382 στέγαι
583 3335 692 3382 φίλων
719 3336 844 3384 ἐρῆμοι
869 3339 922 3370 El.
946 3335 1035 3370 1405
1053 3348 1098 3370 ιιι.
1126 3335 1144 3372 ἒ
1175 3335 1202 3371 ἕ.
1231 3336 1272 3371 ἰὼ

261 3378 386 3428 δαῖμον
415 3382 469 3417 Tr.
493 3380 582 3418 1026
607 3394 651 3416 ιιι.
683 3386 784 3428 vulgo
810 3386 862 3418 bis
887 3383 947 3429 ἰώ,
989 3385 1076 3430 quod
1103 3385 1185 3418 ferri
1210 3393 1271 3429 po·-

1040 99 1279 174 Ἰχνεύτης
1307 136 1368 144 —
1389 99 1497 156 Ἴων

1280 977 1414 1028 Ξπόνων
1446 981 1501 1011 Ai.
1526 977 1615 1012 1197
1633 981 1684 1012 ch.
1721 979 1761 1014 ἰὼ
1796 985 1928 1025 φρενῶν
1961 978 2199 1026 ἁμαρτήματα·
2235 996 2242 1012 .

1282 1307 1284 1345 “,
1304 1311 1356 1342 vel
1374 1312 1562 1342 sententiae
1581 1321 1679 1343 causa
1692 1312 1773 1343 Ant.
1796 1308 1885 1343 1265
1902 1322 1946 1342 m.
1969 1310 2059 1356 ὤμοι
2076 1308 2169 1355 ἐμῶν
2186 1307 2238 1344 ἅν

253 1361 367 1389 autem
390 1359 564 1398 praeterea
588 1357 623 1387 in
650 1355 678 1389 ὤ
702 1356 820 1388 doloris
846 1357 1067 1396 significante.
1107 1356 1284 1399 Omnium}

1986 118 2016 165 [1
2037 131 2071 163 p.
2087 118 2218 155 857-
2241 107 2248 130 <2

1298 226 1397 265 terit,
1426 226 1454 256 si
1482 222 1499 258 ἒ
1526 223 1543 258 ἕ
1569 230 1665 257 extra
1682 235 1814 258 versum
1832 227 2038 259 eliminetur.
2069 225 2121 260 ἰώ.
2159 225 2189 262 ὢ
2206 226 2237 262 ὤ

1297 269 1366 304 224
1384 272 1435 304 ch.
1465 282 1540 304 cum
1560 273 1703 305 horrore.
1740 274 1809 305 Alii
1835 274 1910 306 libri
1937 272 1977 308 ἰὼ
1996 271 2037 307 ἰώ
2053 273 2101 315 ὦ,
2123 275 2180 307 alii
2197 273 2249 310 ἰώ.

1299 318 1327 352 ὦ
1354 319 1382 353 ὦ
1406 320 1476 351 sive
1502 321 1602 351 etiam
1625 324 1734 352 acute.
1764 321 1851 352 lllud
1877 332 1895 353 a
1919 321 2098 362 Triclinio,
2127 323 2169 354 cf.
2190 322 2243 356 He

1298 363 1385 410 [ὼὼ,
1405 365 1465 400 ‹bd›
1483 364 1605 411 Dind.]
1632 365 1672 400 ἰὼ
1699 365 1786 413 δῆτα
1812 365 1879 400 536
1898 378 1941 400 ιιι.
1971 369 2099 400 Horum
2123 378 2230 411 pauca

1299 418 1479 445 metrorum
1505 418 1602 455 sunt,
1633 415 1694 446 Ph.
1716 411 1795 446 219.
1825 412 1904 447 736.
1933 411 2014 447 759.
2043 414 2099 448 00
2116 412 2197 448 822.
2256 430 2258 432 >

1300 460 1432 492 Doloris
1455 464 1490 493 et
1515 460 1649 501 luyendz'
1673 463 1881 494 exclamatio.
1911 462 2175 495 Usitatissimum
2200 472 2236 496 es
2252 459 2261 477 ³

1299 508 1395 539 semel
1411 512 1564 549 ponatur,
1595 512 1630 540 et
1647 509 1682 540 in
1696 509 1747 541 his
1765 511 1910 550 primum
1923 510 2053 542 obtinet
2068 510 2175 542 locum
2194 507 2235 544 ἰώ
2254 515 2260 554 Ἰ

1299 558 1333 586 et
1360 552 1400 587 ἰώ
1427 552 1486 599 μοί
1511 566 1587 599 μοι,
1616 557 1702 597 quod
1730 554 1895 601 ἰωμοιμοῖ
1916 557 2127 589 scribendum
2145 558 2252 599 suspi

1300 603 1378 642 quia
1408 600 1566 647 οἰμοιμοῖ
1599 604 1811 635 scribendum
1839 604 2036 644 Apollonius
2064 605 2246 648 praecipit,

1301 646 1353 682 οἵ.
1384 647 1425 681 ἰώ
1479 647 1511 682 οί
1537 660 1595 694 μοι
1620 650 1675 682 OC
1703 647 1780 682 198.
1816 651 1872 683 Ai.
1895 647 1975 683 332.
2012 648 2091 683 336.
2121 648 2200 684 385.
2231 652 2258 681 ἵ·

1300 692 1379 728 937.
1401 661 1480 728 939.
1499 693 1579 728 974.
1609 697 1676 729 Cur
1694 695 1735 730 ἰώ
1753 695 1813 742 μοί
1831 708 1888 742 μοι
1905 695 1962 742 [ἰώ
1980 708 2039 742 μοι
2056 696 2115 742 μοί
2133 695 2208 743 LA]
2223 708 2246 741 q

1299 743 1335 774 in
1353 743 1446 775 libris
1463 747 1515 775 est
1532 744 1585 775 El.
1607 742 1652 776 77
1674 745 1752 776 huic
1765 746 1834 777 loco
1852 746 1965 777 minus
1982 746 2160 777 convenire
2172 770 2179 784 ,
2209 753 2257 787 qu

1300 791 1386 831 quod
1411 791 1502 822 dedit
1527 790 1554 824 ὥ
1573 790 1638 835 ’μοί
1662 802 1721 836 μοι
1746 792 1833 824 dicat
1849 793 2076 832 Hermannns,
2097 802 2161 824 non
2180 802 2222 834 pe
2254 820 2256 823 ,

1300 839 1360 869 cio.
1389 838 1511 870 Addito
1528 839 1691 870 adiectivo
1709 837 1749 872 ἰὼ
1765 836 1871 876 τάλας
1889 839 1944 872 OC
1962 835 2031 871 876
2045 849 2088 871 ιιι.
2111 837 2152 872 ἰὼ
2168 837 2209 872 τλ

1300 886 1354 916 Ai.
1375 882 1444 916 893
1462 895 1505 916 m.
1538 884 1578 918 ἰὼ
1604 883 1764 919 δύστανος
1789 887 1869 918 Ant.
1891 883 1960 919 850
1978 896 2022 918 m.
2042 887 2077 918 in
2095 887 2218 927 quibus
2247 926 2249 928 Ι

1300 933 1581 965 subaudiendum.
1619 934 1659 964 ln
1685 934 1760 965 aliis
1785 935 1937 965 formulis
1961 932 2002 966 ἰὼ
2031 931 2131 966 πόνοι
2153 931 2259 981 πρόγι.

1304 1023 1390 1058 1261
1412 1037 1455 1058 m.
1472 1052 1480 1067 ,
1509 1037 1594 1068 quae
1620 1028 1686 1059 huc
1703 1029 1878 1060 reserenda
1895 1037 2024 1068 censeo,
2046 1029 2126 1069 quia
2149 1037 2215 1060 non
2247 1068 2250 1070 Ὗ

1301 1074 1414 1105 tinent
1437 1075 1734 1115 exclamationem,
1763 1076 1822 1107 sed
1847 1076 2168 1107 commiserationem
2193 1078 2231 1107 ut
2256 1075 2258 1111 j

1302 1122 1387 1152 verti
1406 1126 1567 1163 oporteat.
1589 1122 1674 1154 Cum
1691 1123 1766 1154 aliis
1782 1122 1884 1164 flendi
1900 1123 2072 1163 particulis
2085 1122 2237 1163 componi
2247 1121 2259 1162 ᾖ

1301 1165 1319 1201 ἒ
1346 1166 1363 1201 ἔ
1387 1166 1437 1212 [et
1455 1173 1604 1210 separato
1623 1167 1739 1214 versu]
1766 1168 1807 1202 ἰώ
1840 1170 1893 1208 El.
1914 1166 1983 1202 840
2002 1180 2046 1201 m.
2075 1166 2150 1213 [ubi
2168 1170 2247 1202 Diu

1303 1217 1344 1247 iio
1369 1217 1575 1257 probabilius
1600 1217 1709 1248 visum
1732 1226 1856 1258 ponere
1874 1214 1958 1256 αἰαῖ,
1980 1214 2084 1261 αἰαὶ]
2104 1235 2158 1248 -.
2179 1216 2194 1259 ΙΙ
2221 1220 2228 1232 '
2243 1240 2259 1258 3

1303 1265 1414 1294 minus
1441 1268 1529 1295 certa
1552 1265 1718 1304 scriptura
1735 1269 1806 1304 est,
1835 1274 1911 1295 cum
1935 1265 2095 1296 librorum
2120 1267 2192 1295 tum
2223 1275 2259 1306 013v⁴

1304 1355 1547 1402 βουλευμάτων
1574 1359 1673 1390 metri
1696 1359 1879 1390 dochmiaci
1904 1368 2003 1390 causa
2028 1368 2118 1390 nunc
2135 1362 2224 1390 recte
2244 1380 2250 1398 ς

1304 1409 1368 1436 tur.
1391 1406 1449 1436 LA
1469 1402 1508 1438 ἰώ
1527 1416 1596 1450 μοι.
1636 1406 1774 1447 Propter
1790 1406 1944 1437 lacunam
1963 1406 2139 1445 ambiguus
2156 1406 2227 1437 locu
2236 1418 2254 1439 ν

1304 1451 1331 1485 ὦ
1350 1448 1500 1492 Παλλάς,
1528 1450 1605 1486 τόδε
1630 1450 1663 1496 μ’
1687 1451 1729 1486 αὖ
1747 1450 1910 1497 λωβᾶται.
1941 1451 1981 1486 ἰὼ
1999 1454 2064 1485 παῖ
2087 1451 2144 1486 τὸν
2162 1451 2257 1498 <pu-st

1304 1499 1358 1531 Tr.
1383 1496 1483 1531 1031.
1514 1501 1605 1532 Libri
1632 1499 1672 1534 ἰὼ
1690 1497 1841 1541 Παλλάς,
1870 1501 1957 1541 quod
1974 1504 2013 1532 ut
2029 1500 2216 1532 hexametri
2244 1518 2251 1535 -,

1304 1550 1470 1578 constaret
1487 1547 1514 1580 ὧ
1533 1549 1706 1588 scriptum,
1728 1551 1838 1579 cetera
1855 1551 2027 1588 utcunque
2052 1543 2256 1588 explerunt?-

1304 1594 1412 1626 aliter.
1441 1611 1481 1617 —
1511 1591 1551 1628 ἰὼ
1579 1590 1811 1639 Σκαμάνδριοι
1837 1592 1984 1641 γείτονες
2003 1591 2078 1640 ῥοαί
2104 1595 2158 1625 Ai.
2181 1590 2256 1627 418

1305 1642 1358 1672 Ex
1374 1641 1466 1673 codd.
1488 1642 1618 1674 duobus
1635 1647 1670 1674 et
1687 1642 1739 1674 ed.
1762 1642 1866 1674 Turn.
1897 1645 1986 1674 recte
2003 1650 2096 1673 nunc
2113 1640 2141 1674 ὦ
2159 1641 2237 1673 scri

1304 1692 1439 1729 propter
1465 1699 1681 1721 numerorum
1712 1689 1953 1721 trochaicorum
1985 1689 2182 1728 decursum,
2218 1697 2241 1720 u

1305 1736 1464 1768 dochmiis
1482 1728 1570 1781 ᾧμοι
1597 1734 1689 1781 ἐμῶν
1713 1735 1842 1769 νόστων
1867 1737 1921 1767 Ai.
1943 1732 2011 1768 900
2027 1745 2104 1767 cum
2123 1736 2181 1767 LA
2198 1733 2253 1768 ἰώ*

1305 1783 1450 1815 Brunck.
1464 1793 1528 1815 sec.
1542 1784 1611 1815 cod.
1624 1785 1712 1824 Ien.,
1724 1794 1866 1824 quocum
1875 1783 1978 1815 Florr.
1994 1784 2195 1824 conspirant.

1306 1841 1364 1874 μοι
1374 1832 1574 1870 praeferant.
1598 1832 1674 1862 Mox
1683 1842 1713 1862 v.
1726 1827 1791 1863 901
1807 1832 1960 1872 plerique
1972 1828 2012 1863 ἰώ
2027 1840 2097 1874 μοι,
2114 1830 2248 1882 Herm,

1304 1879 1482 1910 iteratione
1499 1880 1646 1919 priorum
1664 1879 1789 1910 rectius
1804 1877 1832 1911 ὤ
1847 1888 1924 1922 μοιε
1946 1878 2057 1909 nescio
2075 1877 2194 1918 quidni
2228 1892 2232 1903 ι
2246 1909 2253 1920 .

1306 1925 1424 1957 Elmsl.
1439 1923 1546 1970 οἴμοι.
1568 1927 1652 1957 Item
1673 1918 1763 1969 ᾥμοι
1782 1923 1868 1969 ἐμᾶς
1884 1922 1968 1962 ἄτας
1984 1927 2119 1965 propter
2131 1923 2250 1958 ἀοοΙιι·

1304 1973 1403 2004 scribi
1429 1973 1546 2004 debuit
1564 1984 1595 2004 v,
1615 1970 1695 2005 908.
1733 1973 1905 2012 Glyconici
1928 1973 2074 2013 denique
2099 1971 2152 2002 ΕΙ.
2178 1966 2240 2003 121

1306 2029 1371 2050 non
1388 2020 1563 2060 patiuntur
1581 2021 1671 2052 codd.
1695 2021 1892 2061 scripturam
1917 2018 1958 2052 ἰὼ
1975 2020 2040 2051 παῖ
2063 2020 2127 2052 παῖ
2256 2055 2259 2062 1

1304 2064 1409 2104 τάτας
1426 2063 1597 2112 Ἠλέκτρα
1614 2065 1753 2112 ματρός.
1783 2068 1885 2099 Recte
1903 2067 2050 2098 Turneb.
2073 2065 2113 2099 ὦ.
2142 2065 2208 2098 Sen
2232 2062 2257 2105 ,ᾖ

1305 2114 1452 2155 denique
1470 2115 1570 2155 plane
1595 2115 1688 2146 nulla
1703 2117 1756 2146 est
1774 2114 1828 2146 OC
1849 2110 1936 2146 1713
1953 2123 1997 2144 m.
2029 2111 2069 2146 ἰὼ
2096 2111 2144 2158 μὴ
2170 2113 2247 2158 γᾶς·

1305 2158 1401 2199 ξένας
1419 2158 1535 2195 θανεῖν
1550 2159 1702 2209 ἔχρῃζες.
1734 2162 1852 2193 Elmsl.
1873 2161 1940 2200 πώ,
1961 2160 2049 2201 quod
2064 2161 2174 2200 friget.
2206 2162 2215 2188 ἵ
2234 2172 2237 2183 1
2253 2195 2256 2199 ,

1304 2207 1361 2254 τῷ
1372 2234 1380 2248 ,
1402 2218 1501 2249 quare
1518 2201 1703 2253 [ut‘spuria
1720 2209 1846 2240 delevit
1859 2205 1993 2251 Dind.].
2013 2225 2053 2230 —
2069 2206 2225 2238 Plurimis

1305 2256 1394 2296 prior
1412 2257 1536 2295 syllaba
1554 2257 1731 2297 corripitur
1749 2257 1944 2287 manifesto:
1966 2254 2162 2296 producitur
2177 2253 2235 2286 OB
2271 2293 2273 2295 q

1305 2302 1356 2335 ch.
1393 2303 1446 2334 El.
1472 2300 1537 2335 150
1555 2314 1597 2334 m.
1621 2300 1735 2347 [840]
1753 2302 1808 2335 OC
1830 2299 1896 2334 138
1911 2312 1966 2333 an.
1995 2298 2051 2345 [de
2076 2310 2142 2342 qua
2158 2309 2225 2332 me
2256 2336 2258 2339 ,

1306 2361 1336 2381 v.
1357 2350 1408 2381 W.
1431 2351 1564 2390 Berger.
1587 2351 1627 2382 de
1646 2351 1678 2383 S.
1701 2360 1802 2382 verss.
1824 2349 1970 2389 logaoed.
1998 2358 2032 2390 p.
2053 2345 2126 2392 20].
2251 2352 2254 2358 ’

1373 2402 1490 2442 **Ἰώ
1520 2419 1552 2440 ιι.
1575 2419 1624 2449 pr.
1656 2409 1822 2441 Probabili
1856 2409 2044 2440 coniectura
2076 2407 2136 2438 hoc
2166 2406 2253 2446 Sop

1304 2455 1466 2488 redditur.
1503 2456 1557 2487 Ex
1574 2457 1673 2488 Herc.
1696 2457 1837 2489 Taenar.
1859 2456 1900 2487 fr.
1920 2451 1990 2486 217
2013 2455 2157 2486 refertur
2171 2453 2208 2486 in
2223 2451 2248 2484 l
2268 2487 2269 2490 Ἴ

1305 2503 1431 2534 Athen.
1454 2499 1486 2534 9.
1516 2513 1549 2544 p.
1568 2500 1636 2535 375
1654 2504 1674 2535 d
1698 2500 1904 2549 τοιγαριώδη
1923 2498 2070 2548 φυλάξαι
2092 2501 2212 2546 χοῖρον

1306 2548 1466 2594 δεσμίων.
1496 2551 1598 2582 Recte
1616 2554 1697 2592 puto
1712 2551 1865 2582 Dindorf.
1883 2561 1890 2580 z
1917 2545 2034 2594 τοίγαρ
2058 2545 2112 2582 Ἰὼ
2131 2545 2184 2580 δεῖ
2206 2563 2220 2572 ‹·
2248 2591 2250 2594 Υ

1306 2595 1358 2636 ξαι
1373 2599 1494 2644 χοῖρον
1512 2596 1599 2630 ὥστε
1618 2595 1769 2642 δεσμίαν.
1792 2597 1931 2630 Gasaub.
1951 2591 2145 2642 τοιγαροῦνΙ
2161 2591 2233 2628 ἔδει

1306 2642 1420 2685 λάξαι,
1449 2646 1484 2676 in
1510 2655 1576 2686 qua
1592 2645 1792 2676 correctione
1810 2645 1955 2676 maxime
1981 2643 2138 2684 displicet
2154 2651 2186 2683 p
2220 2654 2229 2666 ⁴

1306 2693 1342 2723 in
1360 2692 1428 2724 fine
1445 2701 1563 2724 versus
1587 2693 1706 2733 posita.
1736 2692 1858 2731 Bergk.
1878 2691 1919 2722 de
1937 2690 2037 2732 Soph.
2067 2690 2107 2722 fr.
2128 2698 2162 2730 p.
2185 2682 2226 2720 11
2267 2731 2271 2739 ι

1307 2737 1370 2785 γὰρ
1390 2737 1476 2784 ίώδη
1493 2736 1631 2784 ’φύλαξε
1647 2739 1801 2779 coniicit,
1830 2738 1918 2779 quod
1931 2740 2189 2777 cognomentum
2203 2743 2226 2766 n

1307 2791 1423 2827 aptum
1448 2791 1499 2818 est
1517 2786 1660 2819 Cerbero
1686 2785 1923 2826 significando,
1954 2793 2066 2825 neque
2082 2785 2131 2816 sic
2146 2781 2243 2825 nudes
2276 2818 2279 2819 ⁷

1307 2835 1436 2875 potuit;
1467 2834 1646 2866 absurdum
1672 2837 1784 2864 autem
1802 2832 1985 2865 Cerberum
2010 2841 2086 2863 cum
2103 2830 2207 2862 scrofa
2233 2846 2245 2869 ι,

1307 2881 1427 2922 parari.
1457 2880 1550 2919 Quod
1568 2890 1620 2921 ap.
1643 2880 1856 2912 Athenaeum
1873 2880 2031 2910 scribitur
2049 2873 2136 2923 Σοφ.
2158 2873 2213 2910 ἐπὶ
2230 2908 2232 2910 ,

1306 2925 1435 2972 ναρίοις
1452 2931 1542 2959 recte
1559 2928 1661 2959 Dind.
1689 2928 1767 2959 olim
1792 2920 2054 2969 Ἐπιταιναρίοις
2071 2923 2224 2964 correxit,

1309 2975 1443 3006 nomine
1461 2975 1667 3015 grammatici
1691 2974 1835 3005 fabulam
1853 2982 1986 3005 vocasse
2003 2972 2199 3010 videantur,
2230 3002 2246 3011 „
2286 3011 2287 3014 Ἴ

1306 3030 1358 3053 ros
1376 3022 1616 3062 intelligentes.
1652 3022 1704 3053 De
1727 3021 1836 3052 tonosi
1854 3020 2000 3051 nominis
2017 3018 2202 3059 generatim
2227 3031 2240 3047 .

1307 3069 1388 3109 cipit
1406 3069 1481 3100 Arc.
1504 3079 1537 3109 p.
1561 3065 1639 3109 116,
1663 3065 1701 3108 1,
1730 3072 1880 3099 accurate
1899 3067 1955 3098 Gr.
1976 3065 2162 3098 Hermanni
2178 3073 2210 3105 p.
2230 3088 2257 3106 .,

1378 3135 1406 3172 'I
1418 3136 1480 3182 ωή
1498 3140 1633 3170 clamor.
1664 3136 1731 3183 βοᾷ
1747 3134 1909 3182 τηλωπὸν
1929 3135 2012 3169 ίωάν
2030 3136 2091 3167 Ph.
2111 3130 2180 3167 216
2275 3168 2284 3175 ..

1308 3190 1447 3218 accentu
1473 3187 1657 3226 generatim
1681 3185 1845 3226 praecipit
1869 3185 1945 3215 Arc.
1971 3194 2005 3224 p.
2029 3179 2116 3222 103,
2135 3176 2191 3213 29.
2225 3203 2229 3207 -
2286 3223 2287 3226 Ἴ

1308 3242 1341 3274 p.
1365 3229 1442 3273 183,
1463 3229 1486 3265 8
1513 3230 1577 3278 ἰωή
1596 3232 1797 3264 inclamandi
1815 3231 2009 3262 adverbium
2030 3233 2093 3261 est.
2252 3227 2253 3231 ’
2270 3226 2285 3240 Ἀ

1372 3283 1474 3324 Ἴων
1491 3301 1525 3323 ιι.
1542 3301 1591 3332 pr.
1614 3291 1826 3330 Cognominis
1840 3290 1984 3328 fabulae,
2005 3298 2091 3329 quae
2108 3291 2144 3319 et
2160 3281 2209 3321 K
2282 3283 2285 3287 ¹

1309 3338 1396 3370 dicta
1419 3338 1554 3370 videtur
1580 3347 1673 3377 esse,
1701 3342 1780 3370 sunt
1803 3346 1855 3378 ap.
1886 3336 1989 3367 Dind.
2025 3336 2066 3366 fr.
2087 3331 2156 3366 298
2171 3343 2191 3365 a

1310 3381 1508 3419 321—332.
2117 3379 2148 3424 (ι
2165 3389 2198 3422 p.
2224 3373 2288 3447 ιγ,
