2288 3600
70 285 88 293 -Ι
123 258 150 298 δ’
169 260 230 298 οὖν
246 260 342 301 ὅπως
357 260 377 296 ὑ
406 263 442 297 ῖν
455 259 554 308 φίλον
563 259 619 295 OG
630 256 732 293 1205.
751 257 862 298 οὕτως
881 255 920 301 δ’,
934 258 1030 297 ὅπως

118 321 137 358 ρ
154 320 192 345 σε
209 322 236 356 μ
273 305 364 356 ’πιγν
397 319 491 343 σεται
507 305 640 354 φαιδρῷ
652 306 828 353 προσώπῳ
847 307 899 338 ΕΙ.
924 303 1024 339 1296.

102 368 191 396 πως
205 368 252 391 κα
283 355 336 391 σοὶ
353 354 466 403 φίλον,
485 354 546 390 καὶ
561 353 689 410 τοιὶμὸν
708 352 802 388 ἔσται
820 351 904 386 τ’δε
924 351 1024 386 1301.

6 419 53 434 -ι
100 422 102 431 =
153 397 248 443 ὅπως
269 402 392 450 ἥδιστα
423 404 479 436 Tr.
499 399 580 436 330.
607 413 704 440 οπως
731 399 826 436 θέλει
898 397 931 433 3.
969 398 1028 435 ἐᾶν

0 454 114 492 ὅπως
130 449 149 487 ἕ
174 461 204 485 ει
219 452 275 484 Ai.
299 447 400 484 1048.
415 469 457 476 -
472 450 598 482 Eodem
614 450 704 483 refer
725 448 884 480 formulas
902 448 1030 489 aliquot

0 497 141 542 J'yuen
180 523 188 531 .
220 496 338 535 ὅπως
364 495 455 544 ἔχω
478 498 587 530 illico:
615 496 644 530 ὧ
660 498 755 542 γαῖα,
775 491 868 534 δέξαι
883 492 1029 528 θανάσι-

66 557 85 581 v
105 541 138 592 μ’
168 538 264 583 ὅπως
285 543 359 592 ἔχω
384 546 444 578 Ph.
463 541 545 577 819.
575 546 616 576 V.
638 544 730 575 Bast.
751 552 803 584 ep.
825 552 869 574 er.
891 553 924 583 p.
949 539 1025 574 118.

0 601 2 626 ἰ
67 593 142 627 cell.
162 593 204 626 ad
220 593 309 625 Xen.
331 592 418 634 Epir.
439 601 472 632 p.
496 587 575 623 194.
604 590 767 622 Fritzseh.
799 599 856 629 qu.
885 590 1025 621 Lueian.

12 630 55 686 i.
75 637 153 673 180.
187 639 261 672 Non
286 639 499 680 intelligebat
523 638 651 670 Buttm.
688 638 776 669 Dein
803 634 922 674 ὅπως
955 645 1031 668 cum

0 683 217 730 summumve
240 687 380 725 dietum,
409 695 474 728 quo
500 686 535 717 in
561 694 685 726 genere
703 684 866 716 usitatius
890 682 937 721 ὡς
955 687 1025 716 est:

4 727 54 769 ¹¹¹v.
71 735 235 774 Krueger.
265 734 306 766 ad
330 733 417 766 Xen.
438 733 546 764 Anab.
575 742 608 774 p.
632 728 709 764 123.
747 729 841 775 σφῷν
874 726 899 764 δ’
936 723 1031 768 ὅπως

0 773 138 829 ζῗᾷριστα
153 779 322 827 συμφέροι
338 777 420 818 θεός
437 779 498 811 Ph.
520 776 600 811 627.
629 771 724 816 ὅπως
740 776 886 857 τάᾶιστα
903 774 968 816 ἔξω
987 776 1031 821 μέ

3 837 87 874 ’,μου
103 825 280 874 καλύψατε
305 824 484 859 0121410.
512 824 552 860 τὸ
574 821 646 859 κατ’
673 823 769 871 ἦμαρ
817 836 891 863 πως
936 822 1031 857 διστα

0 865 197 920 1‘'Viz'opotssmmo
222 875 263 906 fr.
285 875 362 906 Ter.
383 871 466 913 520,
489 870 518 905 1.
556 874 726 905 Postremo
743 873 826 904 illu'd
850 870 874 915 ἡ
899 883 918 904 τ
938 882 1029 904 κνων

16 916 90 967 δῆτ’
124 918 200 980 ὄψις
231 919 274 966 ἦν
308 918 490 967 ἐφίμερος,
533 915 708 964 βλαστοῦσ’
744 918 839 957 ὅπως
872 916 1027 963 ἔβλαστε,

0 966 259 1016 ’.προσλευσσειν
286 966 364 1013 ἐμοί
397 969 456 1001 OR
476 964 576 999 1376.
612 977 699 1008 quae
725 967 867 999 formula
895 970 948 998 est
979 976 1031 998 res

0 1016 165 1057 singutas
181 1017 328 1048 breviter
345 1015 597 1048 transmittendi
623 1024 697 1045 eum
716 1014 949 1055 euplremismo
961 1039 968 1053 ,
996 1024 1025 1044 v.

13 1060 105 1111 lxm.
124 1082 170 1088 —-
196 1064 312 1095 Altera
332 1063 415 1095 ratio
446 1062 572 1103 oblique
597 1061 820 1101 interroyandi
849 1061 902 1092 llis
925 1061 1029 1092 docu-

0 1112 145 1155 §inentis
161 1112 333 1142 firmatur:
370 1107 424 1142 δεῖ
447 1106 656 1154 σοφισθῆναι
677 1105 827 1145 κλοπεὺς
852 1100 946 1146 ὅπως
971 1105 1049 1173 γε-Ι

0 1154 114 1202 ’,ζ-’νήσει
127 1161 196 1191 τῶν
213 1154 384 1202 ἀνικήτων
403 1148 519 1190 ὅπλων
537 1156 599 1188 Ph.
620 1154 676 1188 78.
707 1156 778 1187 Non
798 1158 908 1196 potest
924 1155 1030 1195 signi-

0 1199 109 1248 fAEcari
132 1207 190 1244 ut,-
217 1207 344 1236 eertum
370 1204 460 1236 enim
479 1202 571 1235 Ulixi
590 1206 679 1243 erat,
713 1204 802 1234 furto
819 1202 1031 1243 surripienda

0 1242 111 1290 {suma
126 1262 212 1292 esse,
234 1251 294 1284 sed
309 1261 453 1293 quonam
471 1251 610 1282 artifieio
628 1251 777 1281 facturus
791 1250 1031 1290 Neoptolemus

0 1289 123 1340 iesset,
144 1299 308 1332 sollicitus
325 1302 406 1331 erat.
450 1296 565 1343 ,ὤπως
585 1295 648 1341 μὲν
665 1295 758 1342 ἁγὼν
776 1291 902 1354 ᾑρέθη,
929 1294 960 1329 τί
979 1294 1032 1329 δεῖ

0 1334 133 1393 {gg-dmi)
157 1347 327 1391 κομπεῖν,
356 1307 532 1378 0011148.
562 1337 656 1381 ὅπως
680 1339 868 1388 μολουμεθ’
905 1341 940 1381 ἐς
972 1341 1030 1375 δό-

4 1391 108 1437 ’ζμους
132 1391 196 1427 οὐκ
227 1391 300 1438 ἔγω
329 1389 418 1424 1742
436 1403 479 1424 ιιι.
507 1389 547 1424 οὐ
572 1389 636 1436 γὰρ
667 1389 809 1437 εἴχομεν
832 1385 899 1423 οὔτ’
934 1387 1030 1423 ἀντι-

0 1435 25 1483 ξζ,
48 1442 168 1481 ωνεῖν,
196 1433 270 1475 ow'
303 1433 397 1476 ὅπως
423 1438 568 1485 δρῶντες
591 1436 708 1476 καλῶς
730 1436 919 1484 πράξαιμεν
946 1439 1026 1469 Ant.

0 1449 101 1533 3371.
126 1486 193 1533 ἐγὼ
210 1483 234 1520 δ’
263 1480 361 1524 ὅπως
386 1485 425 1520 σὺ
445 1484 494 1530 μὴ
510 1483 622 1532 λέγεις
646 1484 760 1531 ὀρθῶς
776 1482 873 1524 τάδε,
904 1479 968 1518 οὔτ’
989 1481 1030 1518 ἂν

0 1527 200 1581 ἵξζδυναίμην,
237 1530 313 1580 μήτ’
349 1530 555 1578 ἐπισταίμην
594 1530 702 1579 λέγειν
735 1534 816 1565 Ant.
838 1529 918 1563 685.
958 1532 1030 1564 Non

0 1581 142 1617 adicitur
165 1582 331 1614 obieetive
359 1580 478 1620 (dass),
507 1581 565 1612 sed
590 1590 655 1621 qua
680 1582 717 1611 in
730 1584 834 1620 parte,
856 1582 1027 1619 quatenus.

46 1628 152 1666 ὤπως
226 1627 318 1673 λέγω
351 1625 415 1661 οὐκ
438 1625 515 1660 οἶδα
548 1627 603 1658 El.
623 1624 702 1659 688.
733 1621 827 1664 ὅπως
861 1622 1030 1670 Κρονίδαν

0 1640 210 1760 ἐποίησεν,
245 1674 284 1710 ού
316 1673 409 1720 λέγω
443 1675 498 1706 Tr.
527 1671 597 1706 500
621 1674 673 1706 eh.
702 1671 742 1707 οὐ
774 1671 901 1708 κάτοιδ’
937 1666 1032 1710 ὅπως

0 1726 20 1750 '5'
58 1733 128 1768 γεις
145 1723 200 1755 Αἰ.
220 1720 301 1755 270.
323 1717 395 1756 οὗθ’
423 1714 518 1758 ὅπως
535 1719 583 1754 ἐῶ
609 1719 718 1766 λέγειν
745 1720 818 1768 ἔχω
835 1718 916 1754 428.
937 1713 1032 1758 ὅπως

0 1763 155 1818 ξκρύψεις
178 1768 277 1815 τάφῳ
303 1767 434 1815 φράζου
457 1767 515 1801 τὸν
541 1766 647 1814 ἄνδρα
667 1766 767 1801 1040.
796 1761 890 1807 ὅπως
912 1766 956 1802 τοὶ
971 1769 1032 1800 τοῦ

0 1815 99 1859 meon
125 1813 259 1862 μαντεῖ’
287 1814 409 1862 ἄριστα
433 1813 595 1860 λύσομεν,
621 1814 700 1848 τόδε
726 1817 867 1848 σκοπεῖν
895 1814 949 1849 δεῖ
974 1815 1032 1847 OR

0 1858 95 1910 3206.
112 1863 243 1911 χῶπως
261 1862 324 1909 μὲν
340 1862 380 1897 ἐκ
393 1857 490 1896 τῶνδ’
510 1857 618 1895 οὐκέτ’
640 1858 701 1895 οἷδ’
722 1860 912 1896 ἀπόλλυται
927 1859 1027 1894 1251.

0 1909 92 1946 ’.ἶσιιιιι
110 1912 307 1944 traiectione
323 1921 383 1952 pro
401 1908 466 1944 οὐκ
483 1904 545 1942 οἷδ’
575 1907 680 1947 ὅπως.
710 1908 774 1943 οὐκ
792 1905 852 1943 οἶδ’
868 1903 976 1946 γὅπως
995 1919 1030 1941 σε

0 1959 72 2006 imp&
105 1955 354 2004 βεβουλεῦσθαι
383 1955 502 1994 καλῶς
530 1953 630 1989 1367.
669 1957 935 1989 Constructionis
953 1966 1030 1988 vere

0 1997 212 2049 {phiec-time,
248 2015 349 2047 quam
375 2005 489 2036 Latini
522 2004 687 2045 infinitivo
710 2015 729 2036 a
753 2005 864 2036 verbis
896 2003 1030 2036 dicendi

7 2062 193 2094 ÷2uspenso,
214 2062 275 2085 nos
292 2052 458 2093 particula
474 2050 549 2081 dass
566 2052 716 2092 proferre
734 2052 892 2092 solemus,
912 2061 1029 2083 exem-

0 2100 110 2143 [plum
128 2109 195 2131 non
211 2103 277 2131 est.
306 2100 390 2131 Nam
415 2102 454 2130 ut
470 2107 603 2137 eorum,
631 2108 719 2139 quae
735 2099 904 2138 dedimus,
925 2107 1029 2140 quae·

0 2143 105 2189 fdam,
124 2147 219 2179 velut
243 2145 298 2179 OG
318 2143 418 2178 1148.
441 2146 519 2176 Ant.
537 2142 618 2177 685.
647 2145 750 2178 liuius
775 2146 915 2178 rationis
933 2146 1029 2187 quasi

0 2187 104 2234 *viam
122 2194 286 2234 indicant,
312 2194 361 2225 ita
377 2203 420 2224 ne
437 2202 544 2232 pauca
561 2193 699 2232 quidem
715 2193 789 2232 illa,
819 2203 905 2234 quae
922 2193 1030 2224 adhue

0 2241 128 2281 {afferri
159 2244 303 2282 possunt
335 2244 372 2272 et
404 2241 527 2271 maiore
561 2239 699 2279 quidem
729 2241 883 2271 veritatis
916 2240 1029 2281 speeie

0 2288 183 2328 'exempla,
205 2291 294 2319 reete
319 2289 360 2319 ab
377 2287 513 2326 obliqua
531 2287 794 2327 interrogatione
811 2287 1025 2318 seiunxeris:

3 2329 102 2368 τοῦτ’
123 2332 206 2368 αὐτὸ
224 2332 274 2379 μή
293 2345 352 2377 μοι
368 2330 484 2379 φράζ’,
506 2325 602 2370 ὅπως
619 2331 682 2367 οὐκ
699 2330 731 2366 εἷ
746 2332 853 2371 κακός
871 2334 929 2366 Olt
946 2330 1026 2365 548.

0 2378 34 2418 ζετὲ
57 2384 85 2414 ῶ
103 2379 164 2426 μὲν
190 2380 256 2438 οὐχ,
273 2379 368 2418 ὅπως
391 2378 434 2414 τά
462 2391 522 2417 ους
547 2377 612 2413 ὕπο
631 2378 798 2418 δύσπνους
818 2379 926 2414 ἱκάνω
944 2381 1025 2413 Ant.

0 2391 97 2461 ..223
126 2425 195 2474 ἐγὼ
220 2427 238 2461 δ
274 2426 291 2461 ἐ
315 2431 343 2461 ῶ
370 2437 423 2460 σοι
435 2390 556 2460 ξεινὸν
574 2425 687 2468 οὐδέν,
714 2423 785 2461 οὔθ’
807 2425 902 2465 ὅπως
920 2425 1030 2473 φυγὰς

7 2467 178 2520 πατρῴας
212 2472 415 2519 ἐξελήλασαι
446 2471 575 2520 χθονός
610 2474 712 2514 Synd.
743 2475 782 2506 fr.
815 2472 901 2515 153,
931 2473 961 2506 1.
983 2476 1026 2506 cf.

0 2521 192 2555 -JHeindorlx
221 2523 262 2554 ad
279 2523 365 2554 Plat.
386 2521 536 2561 Euthyd.
559 2518 592 2554 3.
611 2531 644 2562 p.
666 2518 745 2553 384.

87 2570 119 2601 b.
139 2572 155 2607 ΙΙ
171 2569 310 2610 Propter
334 2569 496 2600 sermonis
522 2570 763 2609 proprietatem
789 2569 925 2600 seorsim
944 2578 1031 2609 pono

0 2623 1 2626 ’
15 2615 204 2648 locutiones
218 2615 367 2647 adhibita
383 2617 555 2655 neyutione
571 2619 602 2647 et
619 2608 671 2648 ὅπ
682 2628 710 2648 ω
721 2626 737 2652 ς
761 2616 879 2655 saetas,
900 2619 1030 2647 cetero-

7 2663 76 2703 ‘qui
92 2663 132 2694 ad
150 2663 283 2704 oblique
299 2663 525 2702 interrogandi
548 2663 715 2698 ‚rationem
734 2662 940 2694 referendas.
969 2661 1033 2695 οὐκ

16 2704 86 2743 ἔσθ’
118 2702 213 2747 ὅπως
238 2705 308 2743 ποτ’
325 2706 461 2747 ...ἕξεις
494 2709 554 2740 Ph.
577 2706 655 2741 522.
685 2708 724 2742 ού
743 2708 807 2754 γὰρ
834 2705 901 2742 ἔσθ’
937 2702 1032 2746 ὅπως

1 2753 117 2802 ,πόλιν
134 2754 206 2789 κείν
276 2753 421 2801 ἐρείψεις
446 2756 502 2788 OC
523 2753 625 2788 1372.
647 2754 711 2789 οὐκ
737 2752 805 2790 ἔσθ’
834 2749 929 2793 ὅπως
954 2754 1032 2802 ὄψει

0 2800 59 2836 ’σὺ
91 2798 176 2849 δεῦρ’
205 2801 222 2836 έ
247 2800 352 2837 θόντα
378 2813 421 2846 με
458 2803 538 2834 Ant.
560 2799 639 2834 329.
678 2800 717 2835 οὐ
742 2801 806 2849 γὰρ
832 2798 900 2836 ἔσθ’
937 2795 1031 2841 ὅπως

17 2847 172 2895 σπουδῆς
189 2847 323 2887 δικαίας
342 2853 465 2894 μῶμος
482 2846 626 2882 ἅπτεταί
642 2860 724 2883 ποτε
741 2850 881 2889 Thyest.
894 2851 934 2881 fr.
946 2847 1027 2890 235,

18 2893 52 2928 1.
78 2897 136 2928 Bis
153 2897 290 2938 ponitur
308 2898 441 2936 negatio
457 2897 544 2937 (ficri
560 2906 630 2928 non
645 2899 751 2937 potest
769 2899 885 2938 quim:
912 2895 950 2929 ού
967 2895 1031 2943 γὰρ

0 2937 88 2990 ζηέσθ
118 2935 212 2981 ὅπως
238 2935 284 2976 δ’δ’
313 2941 377 2976 οὐκ
397 2938 563 2988 Ὀρέστης
588 2941 676 2976 ἐστίν
701 2944 755 2976 El.
779 2940 880 2975 1479.
910 2941 949 2976 ού
967 2942 1031 2989 γὰρ

0 2984 136 3034 ζγένοιτῗ
165 2986 207 3022 ἂν
231 2985 326 3024 ταῦθ’
355 2982 449 3027 ὅπως
473 2987 540 3037 οὐχ
557 2985 611 3024 ὧδ’
640 2988 732 3036 ἔχειν
750 2991 806 3022 Αἰ.
827 2988 908 3022 377.
937 2991 1031 3030 facta

0 3036 144 3076 J'nfecta
157 3036 252 3068 reddi
267 3046 336 3068 non
352 3040 503 3077 possunt.
532 3034 596 3070 οὐκ
614 3034 654 3070 ἂν
672 3035 806 3082 γένοιτο
822 3033 916 3070 τοῦθ’
937 3036 1031 3075 ὅπως

2 3081 111 3116 4..ού
137 3087 235 3128 φανῶ
258 3082 384 3128 τούμὸν
410 3081 507 3129 γένος
532 3085 590 3116 OR
609 3082 709 3116 1058.
737 3082 839 3129 τήνδε
864 3082 927 3127 τὴν
953 3083 1031 3118 ὁδὸν

0 3125 178 3210 ζὸὐόιθξῖσθ
214 3122 309 3168 ὅπως
332 3127 374 3164 ού
399 3130 514 3163 πιστὸν
541 3127 575 3169 ἐξ
600 3128 698 3174 ὑμῶν
731 3130 853 3176 πτερὸν
888 3129 1030 3177 ἐξήγαγε

0 3183 12 3203 ἱ’
143 3202 150 3209 ι

0 3215 16 3243 ³?
88 3233 117 3255 e.
137 3222 153 3265 11
170 3223 295 3255 Eodem
312 3224 458 3256 refertur
474 3224 661 3255 solitarium
676 3225 840 3265 quoddam
856 3235 939 3257 usus
957 3226 1031 3257 eius

0 3269 227 3318 {uexemplum,
247 3279 312 3311 quo
329 3268 395 3317 οὐχ
411 3264 507 3308 ὅπως
524 3271 692 3310 significat
707 3281 776 3303 non
793 3281 856 3312 quo
874 3273 946 3303 sive
963 3282 1031 3304 ‘non

12 3323 14 3326 ’
102 3318 124 3355 ἱ,
141 3316 273 3348 nedum.
295 3313 484 3361 πεπαύμεθ’
506 3314 620 3361 ἡμεῖς,
650 3315 717 3363 οὐχ
733 3311 828 3355 ὅπως
846 3329 881 3351 σε
899 3317 1031 3352 παύσο-

64 3373 82 3395 ν
109 3364 163 3396 El.
183 3359 263 3395 796.
285 3364 348 3395 hoe
364 3368 433 3405 est,
461 3365 490 3395 si
517 3368 671 3396 accurate
696 3366 927 3408 introspiciaS,
965 3364 1031 3414 οὐχ

92 3420 108 3443 ε
125 3406 232 3457 ἔχειν,
251 3402 346 3448 ὅπως
364 3409 540 3456 παύσομέν
557 3420 605 3444 σε.

962 136 1124 198 Ὅπως

1983 141 2081 190 535

1122 259 1156 292 d.
1169 257 1182 305 ΙΙ
1195 260 1240 292 Ut
1253 257 1326 297 οἶος
1340 263 1375 292 et
1388 258 1509 297 ὁποῖος
1523 260 1571 292 ita
1583 259 1631 296 ὡς
1644 262 1680 292 et
1697 253 1792 296 ὅπως
1804 260 1839 290 in
1853 260 1923 300 pari
1937 261 2078 291 senten-

1065 307 1113 339 tia
1129 310 1388 348 componuntur.
1409 302 1480 341 οὔθ’
1501 298 1597 345 ὅπως
1613 305 1723 352 φυγὰς
1801 303 2006 363 ἐξελήλασαι
2022 331 2074 346 ...,

1065 349 1136 388 οὗθ’
1164 353 1212 392 ὡς
1238 352 1256 387 ὁ
1275 351 1404 392 Τυδεὺς
1484 351 1592 392 ξεῖνος
1609 353 1657 388 ὢν
1676 351 1848 393 οίκίζεται,
1869 346 1942 387 ουθ’
1962 352 2011 390 ὡς

1065 398 1224 434 ἐδαίσατο
1241 399 1299 434 τὸν
1314 396 1507 436 ’Λστάκειον
1525 399 1635 434 παῖδα
1652 401 1755 440 Synd.
1779 402 1818 432 i'r.
1839 397 1916 440 153,
1936 397 2038 432 1-5.

1134 445 1168 480 2.
1189 447 1204 489 ΙΙ
1222 448 1338 481 Altera
1354 449 1438 480 ratio
1454 449 1612 480 adverbio
1638 441 1658 481 δ’
1667 458 1730 481 πω
1742 459 1757 485 ς
1784 447 1901 479 utendi
1918 450 1972 479 est
1987 456 2075 478 com-

1065 495 1211 537 parandi
1238 498 1274 527 et
1303 497 1422 527 similis
1446 495 1617 536 ponendi,
1652 505 1796 536 quaeum
1831 493 1945 539 ὥσπερ
1974 503 2077 526 seusu

1065 543 1240 582 convenit,
1268 543 1334 574 etsi
1362 543 1447 575 solet
1472 543 1543 574 fleri
1568 546 1608 574 ut
1630 543 1790 574 omissum
1815 542 1950 582 eogitari
1975 542 2080 581 possit

1066 586 1187 626 οὕτως.
1208 587 1346 630 παῖδας,
1372 587 1433 627 οὓς
1449 587 1563 627 κεῖνός
1580 600 1674 630 ποτε,
1694 587 1802 634 γήτης
1819 581 1913 625 ὅπως
1929 585 2078 633 ἄρουραν

1067 635 1213 670 ἔκτοπον
1246 634 1379 681 λαβὼν,
1417 634 1562 682 σπείρων
1588 634 1694 679 μόνον
1723 633 1882 681 προσεῖδε
1915 632 2078 679 κάξαμῶν

1066 680 1157 721 ἅπαξ
1173 684 1230 716 Tr.
1243 681 1298 715 32.
1314 676 1445 728 Ἔρωτι
1461 681 1551 720 ὅστις
1565 681 1815 723 ἀντανίσταται,
1835 679 1967 727 πύκτης
1984 674 2078 720 ὅπως

1067 730 1101 767 ἐς
1117 732 1251 776 χεῖρας,
1280 727 1320 764 οὐ
1346 728 1463 768 καλῶς
1517 732 1610 775 ρονεῖ
1626 727 1707 762 442.
1737 728 1917 775 ἐσωζόμην
1941 726 2079 776 χαλκῆς

1067 776 1161 815 ὅπως
1188 775 1368 811 δύσνιπτον
1393 775 1433 810 ἐκ
1459 776 1496 811 δέ
1519 789 1580 811 του
1603 776 1741 823 γραφήν
1767 774 1847 809 683.
1881 775 1998 822 μήτηρ
2023 776 2078 822 χώ

1065 823 1272 904 κοινολεγήᾶς
1300 821 1481 870 Αἴγισθος,
1510 817 1605 862 ὅπως
1630 823 1711 868 δρῦν
1729 821 1905 868 ὑλοτόμοι,
1926 822 2079 870 σχίζουσι

1065 870 1155 917 κάρα
1174 862 1228 904 Eis
1263 870 1349 904 ean.
1378 866 1574 919 στενάχουσ’
1601 864 1695 909 ὅπως
1713 869 1736 904 ἁ
1754 869 1944 917 πάνδυρτος
1962 869 2080 915 ἀηδών

1070 916 1159 952 1076
1176 920 1228 951 eh.
1251 917 1360 952 πάντα
1376 917 1440 964 γὰρ
1458 917 1686 964 συναρπάσας,
1707 914 1822 952 θύελλ’
1843 911 1949 957 ὅπως,
1972 917 2078 964 βέβη-

1066 977 1129 1005 κας
1150 964 1249 999 1151.
1277 967 1358 999 νοῦν
1377 965 1428 1000 δεῖ
1443 964 1547 1008 (νόει)
1570 965 1654 1011 πρὸς
1671 963 1780 1010 ἀνδρί,
1808 969 1910 1010 σῶμα
1926 964 2080 1013 (σχῆμα)

1066 1011 1265 1052 πουλύπους
1283 1006 1378 1051 ὅπως
1395 1011 1515 1059 πέτρα,
1535 1010 1724 1058 τραπέσθαι
1741 1010 1882 1058 γνησίου
1896 1012 2079 1059 φρονήμα-

1064 1073 1123 1099 τος
1140 1062 1250 1102 Ipliig.
1274 1062 1313 1092 fr.
1334 1057 1416 1101 289,
1442 1058 1471 1093 1.
1494 1072 1524 1092 v.
1544 1062 1636 1093 νοεῖν
1654 1064 1689 1092 et
1706 1062 1839 1107 σχῆμα.

1136 1110 1180 1140 ll.
1209 1106 1322 1145 ὅπως
1340 1109 1540 1140 conium-tie.
1576 1108 1666 1140 llaec
1685 1109 1779 1146 ratio,
1798 1108 1862 1139 etsi
1881 1108 2029 1140 diversas
2046 1112 2080 1140 et

1067 1156 1166 1198 plane
1183 1156 1367 1187 contrarias
1385 1155 1618 1196 complectitur
1637 1155 1920 1195 significationes,
1954 1158 2022 1187 tota
2037 1156 2079 1187 ad

1066 1204 1198 1235 relativi
1215 1202 1363 1234 adverbii
1388 1203 1559 1234 notionem
1583 1202 1765 1234 revocanda
1789 1205 1853 1234 est.
1876 1219 1981 1234 —.--
2011 1199 2042 1234 1.
2061 1202 2077 1244 Ἀ

1067 1248 1184 1288 ὅπως
1218 1251 1483 1281 conium-tionem
1517 1259 1690 1288 vocamus,
1726 1249 1815 1290 quod
1840 1250 2008 1281 commoda
2041 1259 2080 1282 ea

1066 1298 1247 1338 appellatio
1272 1300 1345 1337 est,
1374 1297 1507 1338 quando
1531 1306 1608 1328 eum
1626 1298 1726 1328 verbo
1751 1307 1770 1328 a
1792 1306 1828 1328 se
1845 1306 2010 1337 suspenso
2027 1307 2080 1328 eo·

1066 1348 1296 1385 agmentatur,
1316 1353 1379 1375 nee
1396 1345 1575 1384 rationem,
1598 1344 1760 1383 quomodo
1776 1344 1858 1385 quid
1877 1345 2002 1376 factum
2019 1345 2076 1384 sit,

1066 1393 1200 1423 indicat.
1231 1391 1295 1422 Sed
1314 1392 1354 1422 ab
1370 1390 1524 1422 adverbio
1540 1392 1691 1431 proxime
1708 1391 1804 1422 abest
1821 1388 1928 1430 ὅπως,
1948 1392 2082 1432 quando

1068 1449 1132 1472 non
1151 1439 1326 1470 consili-um
1340 1438 1444 1469 menti
1464 1438 1675 1479 propositum
1693 1439 1873 1477 signifieat,
1892 1439 1951 1470 sed
1967 1449 1990 1470 a
2005 1447 2079 1470 ver-

1068 1486 1115 1518 bis
1147 1484 1288 1517 curandi
1315 1489 1345 1516 et
1373 1484 1540 1526 efficiendi
1572 1485 1726 1526 pendens
1754 1485 1832 1526 quid
1853 1495 2003 1517 curemus
2027 1487 2080 1517 vel

1067 1533 1218 1574 effectum
1233 1533 1389 1572 velimus,
1419 1535 1591 1564 monstrat.
1627 1532 1699 1564 Hoc
1716 1533 1928 1564 simillimum
1954 1536 2007 1565 est
2024 1533 2077 1564 in-

1068 1581 1213 1612 directae
1231 1580 1485 1619 interrogationi
1501 1589 1622 1619 genus.
1659 1580 1786 1611 Harum
1803 1580 1943 1613 duarum
1969 1589 2079 1612 rerum

1069 1628 1223 1668 quamvis
1239 1627 1328 1668 apud
1346 1628 1476 1665 ignaros
1493 1630 1527 1658 et
1546 1627 1669 1658 invitos
1682 1628 1834 1659 confusio
1850 1627 1917 1658 diei
1935 1636 2001 1659 non
2019 1637 2079 1668 po-

1069 1678 1148 1714 test,
1177 1677 1258 1715 quot
1283 1675 1400 1705 inanes
1427 1675 1541 1705 turbas
1567 1674 1743 1714 genuerit,
1775 1675 1810 1705 in
1835 1675 1960 1714 quibus
1981 1675 2084 1707 etiam

1070 1722 1306 1754 Dawesianum
1330 1722 1427 1752 illum
1454 1730 1616 1752 canonem
1643 1730 1792 1752 numero.
1823 1720 1879 1753 Sie
1902 1722 2008 1760 igitur
2033 1722 2086 1754 ‹li—

1068 1773 1161 1801 ctum
1180 1765 1274 1805 ὄπως
1291 1769 1479 1808 legitimum
1494 1768 1595 1800 habet
1612 1767 1724 1807 futuri
1743 1778 1856 1800 usum.
1877 1769 1948 1801 Hoc
1959 1770 2086 1810 optime

1068 1816 1181 1848 docuit
1204 1816 1353 1847 Nitzseh.
1382 1816 1422 1847 ad
1448 1815 1534 1847 Plat.
1561 1816 1634 1846 Ion.
1664 1825 1697 1856 p.
1718 1812 1775 1847 24.
1802 1816 1877 1848 coll.
1907 1816 1949 1848 ad
1965 1816 2027 1848 Od.
2048 1813 2081 1856 3,

1072 1860 1156 1903 1293
1186 1873 1217 1894 v.
1238 1863 1340 1894 etiam
1360 1862 1479 1895 Stallb.
1507 1862 1548 1894 ad
1573 1862 1658 1894 Plat.
1679 1863 1751 1894 Ion.
1773 1872 1807 1904 p.
1824 1859 1895 1895 294
1916 1866 1952 1895 et
1975 1864 2084 1905 inpri-

1069 1911 1132 1942 mis
1150 1910 1335 1942 Hermann.
1355 1910 1396 1941 de
1414 1913 1501 1950 part.
1523 1907 1565 1943 ἄν
1584 1920 1618 1951 p.
1634 1906 1700 1942 124
1714 1919 1787 1951 sqq.
1809 1910 1933 1951 Opuse.
1953 1913 1979 1943 t.
1993 1907 2026 1943 4.
2042 1928 2085 1935 ——

1068 1954 1163 1995 ὅπως
1188 1955 1227 1990 δὲ
1253 1954 1382 2002 λήσεις,
1412 1954 1492 1990 οὐδὲ
1516 1957 1618 1990 τοῦτο
1643 1953 1792 2002 γίγνεται
1817 1957 1873 1988 Tr.
1894 1953 1975 1998 455,
1996 1958 2084 1999 quod

1068 2014 1135 2036 non
1153 2008 1206 2036 est
1222 2004 1294 2046 fieri
1310 2013 1378 2036 non
1392 2006 1510 2044 potest,
1529 2007 1569 2035 ut
1586 2005 1702 2044 lateas,
1730 2004 1789 2036 sed
1815 2006 1956 2044 coyitari
1973 2004 2084 2046 effici-

1067 2061 1126 2092 que
1142 2053 1228 2083 ratio
1244 2052 1340 2083 nulla
1352 2054 1468 2092 potest,
1485 2061 1551 2092 qua
1567 2060 1637 2083 non
1652 2051 1767 2084 lateas.
1787 2049 1851 2096 τὴν
1866 2047 2084 2097 Φιλοκτήτου

1066 2109 1103 2131 σε
1122 2097 1175 2132 δεῖ
1191 2097 1308 2144 ψυχὴν
1326 2096 1422 2135 ὅπως
1438 2095 1588 2144 λόγοισιν
1607 2095 1789 2143 ἐκκλέψεις
1805 2096 1916 2144 λέγων
1940 2099 2002 2131 Ph.
2023 2096 2080 2132 55.

1067 2146 1138 2178 IIoe
1156 2155 1199 2178 ex
1220 2147 1256 2177 B.
1278 2149 1368 2177 reete
1387 2146 1533 2178 Brunek.
1550 2157 1557 2176 :
1587 2142 1775 2191 ἐκκλέψηις
1801 2146 1881 2186 LA;
1908 2143 2085 2192 έκκλέψῃς

1066 2193 1135 2224 alii.
1158 2191 1211 2226 δεῖ
1235 2186 1263 2225 σ’
1286 2190 1381 2230 ὅπως
1405 2191 1534 2237 πατρὸς
1559 2190 1677 2232 δείξεις
1702 2191 1739 2228 ἐν
1767 2190 1923 2239 ἐχθροῖς,
1953 2190 2026 2230 οἷος
2051 2191 2085 2232 ἐξ

1066 2237 1141 2273 οἵου
1159 2237 1302 2284 ’τράφης
1319 2240 1374 2271 Ai.
1391 2237 1471 2272 556.
1493 2240 1700 2272 Coniunctae
1714 2241 1749 2272 in
1768 2250 1870 2272 unam
1887 2240 1973 2272 duae
1990 2241 2083 2272 loeu-

1069 2288 1190 2327 tiones,
1211 2285 1265 2320 δεῖ
1278 2297 1314 2320 σε
1331 2284 1502 2320 δεικνύναι
1519 2290 1554 2318 et
1570 2284 1634 2331 ὅρα
1652 2285 1746 2324 ὅπως
1764 2285 1891 2328 δείξεις,
1915 2298 1946 2320 ν.
1963 2287 2079 2321 Herm.

1067 2335 1090 2365 l.
1111 2344 1140 2366 e.
1161 2334 1293 2374 Pilugk.
1316 2334 1358 2366 ad
1374 2334 1457 2366 Eur.
1479 2334 1609 2366 Herael.
1631 2331 1711 2367 657.
1749 2334 1908 2366 Ceterum
1933 2335 1989 2366 hic
2013 2332 2084 2368 δεί-

1067 2378 1132 2419 ξεις
1158 2382 1217 2413 LA
1242 2391 1261 2413 a
1285 2391 1330 2413 m.
1351 2384 1443 2422 ant.‚
1481 2378 1605 2427 δείξηις
1631 2390 1682 2423 pr.
1728 2382 1855 2413 Eodem
1886 2382 2081 2421 revocanda,

1067 2438 1261 2469 quanquam
1286 2429 1386 2469 paulo
1408 2429 1621 2469 discrepant,
1651 2429 1732 2461 haee
1757 2432 1858 2461 sunt:
1895 2427 1945 2466 εἰς
1977 2427 2016 2462 σὲ
2040 2427 2084 2473 δὴ

1069 2472 1200 2519 βλέπω,
1229 2473 1324 2512 ὅπως
1348 2474 1406 2508 τὸν
1424 2473 1609 2521 αὐτόχειρα
1634 2475 1684 2521 μὴ
1701 2474 1927 2521 κατοκνήσεις
1942 2477 2082 2509 κτανεῖν

1069 2523 1124 2555 El.
1145 2519 1224 2554 956.
1247 2532 1366 2563 quaero
1384 2522 1527 2564 efficere.
1553 2532 1595 2554 ne
1613 2532 1677 2563 quo
1692 2522 1790 2554 modo
1806 2522 1962 2555 detrectes
1980 2525 2082 2554 inter-

1068 2570 1171 2611 ficere.
1195 2570 1243 2600 sie
1260 2579 1304 2600 ex
1322 2579 1433 2611 apogr.
1453 2570 1648 2601 nonnullis:
1677 2568 1909 2615 κατοκνήσηις
1925 2570 1994 2602 LA.
2031 2571 2083 2602 De

1067 2618 1204 2648 consilio
1231 2626 1273 2648 ne
1303 2617 1356 2648 hie
1380 2617 1517 2657 quidem
1550 2618 1779 2656 cogitandum.
1823 2614 1932 2650 τῶνδε
1966 2615 2084 2661 μέντοι

1069 2657 1189 2709 μηκετ’
1217 2661 1361 2708 ἐλπίσῃς
1385 2662 1480 2700 ὅπως
1508 2661 1615 2702 τεύξει
1639 2662 1724 2697 ποτέ
1750 2661 1830 2696 963.
1852 2674 1883 2695 ν.
1903 2664 2023 2696 Elmsl.
2042 2665 2084 2696 ad

1069 2711 1202 2742 llerael.
1230 2707 1311 2743 250.
1341 2711 1471 2751 Pflugk.
1501 2711 1542 2742 ad
1567 2711 1702 2743 Herael.
1734 2707 1834 2743 1051.
1880 2709 2008 2743 Sensus
2030 2714 2086 2743 est

1068 2767 1148 2789 eave
1170 2767 1311 2798 sperare,
1339 2759 1452 2798 aliqua
1472 2759 1599 2789 ratione
1622 2758 1772 2799 effectum
1796 2759 1849 2798 iri,
1877 2761 1915 2789 ut
1929 2759 2079 2797 potiaris.

1069 2798 1167 2850 φράζ’
1194 2802 1289 2841 ὅπως
1313 2816 1339 2848 μ
1366 2802 1435 2842 δεὶς
1459 2802 1590 2850 βροτῶν
1614 2802 1729 2838 κείνου
1749 2800 1912 2850 πάροιθεν
1929 2802 2082 2851 ἀμφιδύ-

1069 2861 1161 2884 σεται
1176 2849 1256 2897 χροΐ
1274 2817 1427 2884 figent.
1476 2854 1519 2911 ης
1534 2846 1571 2897 μ’
1590 2849 1684 2889 ὅπως
1701 2850 1848 2898 πέμψεις
1863 2848 2008 2885 ἄποικον
2025 2852 2083 2884 OR

1071 2895 1173 2930 1518.
1200 2897 1265 2942 (se.
1287 2896 1356 2942 εἶμ’
1374 2896 1430 2932 ἐπὶ
1445 2896 1605 2943 tentore}
1626 2900 1675 2931 sie
1692 2899 1764 2938 LA,
1791 2899 1827 2930 in
1845 2908 1910 2939 quo
1927 2896 2081 2944 πέμψηις

1069 2949 1121 2977 est
1137 2955 1218 2978 corr.
1265 2946 1350 2978 Raro
1374 2947 1420 2977 ita
1444 2947 1682 2978 coniunctivus
1706 2946 1850 2978 dieitur:
1883 2943 2078 2990 πράσσω...

1069 2990 1163 3030 ὅπως
1181 2991 1289 3038 φέρῃς
1304 3004 1362 3037 μοι
1379 2990 1476 3026 τόνδε
1492 2992 1651 3039 ταναῦφῆ
1669 2989 1800 3026 πέπλον
1819 2993 1874 3024 Tr.
1896 2989 1976 3025 602.
2006 2995 2078 3024 stu-

1067 3040 1129 3071 deo
1147 3040 1293 3079 efficere,
1315 3040 1476 3081 quomodo
1493 3041 1517 3072 i.
1539 3050 1569 3072 e.
1589 3044 1626 3072 ut
1641 3041 1753 3081 aliquo
1769 3038 1866 3071 modo
1883 3041 1983 3071 feras.

1137 3083 1170 3117 2.
1192 3089 1207 3124 ΙΙ
1225 3083 1339 3124 ὅπως
1364 3089 1553 3120 coniunctio
1569 3087 1680 3128 finalis
1697 3089 1743 3118 est
1754 3113 1761 3127 ,
1790 3087 1983 3126 significans
2000 3096 2076 3118 eon-

1067 3134 1180 3165 silium
1196 3133 1356 3173 s'aciendi,
1377 3143 1443 3166 non
1463 3135 1720 3175 pronuntiatum
1733 3134 1874 3174 quidem
1892 3143 2025 3174 semper
2044 3137 2080 3165 ut

1066 3177 1124 3213 ἵνα
1156 3180 1304 3221 (damit),
1325 3180 1386 3212 sed
1402 3185 1516 3213 mente
1533 3182 1695 3220 agitatum
1713 3178 1834 3223 (dass).

1137 3237 1166 3258 a.
1187 3230 1203 3266 ΙΙ
1220 3227 1258 3259 G.
1280 3227 1415 3259 indicat.
1445 3227 1554 3267 futuri
1571 3228 1809 3268 coniungitur,
1837 3227 1970 3268 quando
1987 3230 2080 3259 certo

1067 3275 1223 3305 futurum
1241 3284 1315 3306 esse
1332 3275 1459 3314 aliquid
1477 3276 1589 3315 aliquo
1606 3276 1714 3315 posito
1731 3277 1880 3314 putatur.
1903 3275 1945 3305 V.
1958 3273 2074 3305 Herm.

1067 3321 1089 3351 l.
1111 3331 1139 3352 e.
1169 3331 1203 3362 p.
1228 3318 1305 3352 131.
1341 3317 1507 3367 ἀγγείλατῗ
1538 3319 1692 3365 ἐντολήν,
1722 3318 1816 3358 ὅπως
1895 3318 2079 3364 Τελαμῶνι

1067 3364 1168 3405 δείξει
1183 3368 1238 3399 Ai.
1259 3364 1340 3399 567.
1363 3379 1394 3399 v.
1414 3365 1580 3412 δείκνυμι.
1603 3366 1652 3412 μὴ
1669 3365 1896 3412 πρόσλευσσε,
1925 3365 2079 3412 γενναῖός

1067 3424 1129 3459 περ
1147 3413 1215 3455 ὢν,
1245 3412 1348 3459 ἡμῶν
1375 3412 1468 3453 ὅπως
1494 3415 1544 3462 μὴ
1570 3414 1634 3461 τὴν
1657 3413 1769 3462 τύχην
1798 3410 1995 3460 διαφθερεῖς
2012 3414 2073 3447 Ph.
