2288 3600
225 942 230 945 -
269 919 403 955 ἔνδικον
422 919 569 975 δάπτει).
589 920 746 967 χρησμὸς
767 918 851 954 'Mle
870 918 934 953 οὐκ
947 920 1015 974 ἐρῶ
1034 917 1171 975 Φοίβουγ
1183 915 1212 966 γ’
1231 920 1278 954 ἀπ

239 3199 241 3201 ’
281 3195 376 3233 κείας
395 3199 529 3242 σφαγῆς
546 3192 626 3228 918.
655 3197 769 3228 πεσεῖν
795 3192 835 3228 ἂν
852 3205 916 3228 καν
942 3192 1010 3228 ἀπὸ
1029 3195 1173 3274 σμικροῦ
1192 3192 1293 3227 1078.

271 50 334 98 78
687 110 693 115 .
1223 40 1346 97 Ἀπό
2020 57 2059 106 ιῃ
2071 60 2108 104 ‘n-
2126 0 2288 158 {aaa}

267 163 335 199 ἀπὸ
355 161 519 211 Σπάρτης
536 165 589 197 ΕΙ.
611 162 691 196 701.
722 162 840 202 ἔνατος
865 161 1027 211 Ἀθηνῶν
1044 168 1114 198 τῶν
1131 162 1290 209 θεοδμή-
1326 162 1431 210 ἔρχει.
1477 164 1571 197 Suid.
1600 165 1698 196 affert
1722 175 1754 196 v.
1776 161 1941 212 δύσφορα.
1968 163 1993 211 ἤ
2020 175 2058 199 σε
2073 163 2188 200 πολλὰ
2201 160 2277 212 ‚J

265 223 336 246 των
361 209 429 245 ἄπο
455 209 535 244 707.
565 223 596 243 v.
625 212 757 252 Pflugk.
794 212 834 244 ad
861 212 943 244 Eur.
973 214 1050 245 Hel.
1078 209 1158 244 229.
1190 229 1231 235 -
1259 212 1272 254 ΙΙ
1326 211 1372 244 ὦν
1391 209 1519 258 ἔχοιμι,
1541 209 1680 257 λιπαρεῖ
1697 209 1870 258 προύστην
1894 211 1972 260 χερί
1991 209 2093 246 1378.
2115 211 2180 247 οὐκ
2196 210 2266 247 ἔστ

267 260 401 291 Actiom'
425 260 569 291 inservit
594 260 835 299 significandae
861 260 900 291 ab
925 261 1037 301 aliquo
1064 260 1193 291 homine
1206 268 1287 299 pro-
1325 257 1432 304 ἔργων
1459 257 1510 314 μὴ
1533 256 1650 292 καλῶν
1676 256 1743 305 ἔπη
1772 257 1866 293 καλά
1891 261 1932 292 fr,
1961 261 2028 292 inc.
2048 254 2130 292 664.
2155 259 2196 294 τὸ
2246 254 2280 287 --ὴ

267 307 373 347 fectae
391 307 442 338 vel
457 306 649 347 referendae
667 307 710 338 ad
727 317 812 339 eum.
858 307 931 338 Non
948 312 1000 338 est
1018 311 1130 339 tamen
1148 307 1181 338 id
1200 307 1286 347 quod
1323 304 1403 350 ἡδύ,
1431 317 1496 339 καν
1523 303 1590 340 ἀπὸ
1615 303 1752 351 ψευδῶν
1776 304 1791 339 ἰ’
1831 308 1898 339 ino.
1920 305 2000 339 717.
2034 307 2128 340 Hinc
2142 308 2263 340 adit-er⁴

268 352 354 387 ὑπόι
384 355 446 385 hoc
468 355 561 386 enim
586 354 627 385 de
651 355 725 395 ipso
751 359 895 394 auctore,
934 352 1001 388 ἀπό
1034 356 1076 386 de
1094 364 1132 385 eo
1150 355 1283 394 dicitur,
1323 355 1446 386 locutio
1463 358 1515 385 est
1533 351 1598 387 ἀπ’
1615 353 1732 399 ἀρχῆ
1744 365 1771 391 ς.
1800 348 1853 400 αγ’
1870 347 1936 387 εἴπ’
1961 348 2018 388 ἀπ’
2035 353 2148 402 ἀρχῆς
2165 352 2281 389 αὖθι.

268 402 356 443 quod
373 402 580 433 occasionem
598 405 633 432 et
650 402 955 442 opportunitatem,
987 403 1040 433 vel
1067 403 1169 433 etiam
1187 402 1287 432 ratio·
1327 397 1427 433 1097.
1449 412 1480 432 v.
1494 401 1654 433 Abresch.
1676 402 1744 432 Dil.
1767 401 1873 434 Thuc.
1893 411 1927 442 p.
1950 398 2030 434 626.
2043 420 2086 426 -
2105 402 2119 444 ΙΙ
2136 402 2250 435 Semel
2278 436 2285 445 .

267 459 346 480 nem
364 453 398 480 et
415 458 548 480 causam
565 449 709 480 faciendi
729 449 897 489 continet,
926 450 1015 480 unde
1034 458 1132 489 saepe
1151 449 1286 489 quidem
1323 449 1421 479 titive
1439 448 1583 488 dictum,
1613 458 1814 489 quamquam
1839 450 1925 480 illud
1942 459 2076 490 quoque
2093 450 2134 481 ad
2150 447 2278 490 signi*-

269 506 332 528 nec
356 500 469 527 tamen
492 500 656 537 perpetuo
675 497 939 527 confunduntur.
970 498 1011 528 V.
1034 497 1150 528 Herm.
1171 496 1212 527 ad
1229 495 1283 526 El.
1323 496 1398 527 dam
1417 493 1578 553 ἀφορμήν
1607 497 1724 527 referri
1741 496 1831 527 licet.
1862 493 1964 537 ἔστιν,
1993 496 2040 530 ὧν
2055 494 2130 537 δεῖ,
2161 495 2220 531 ’καί

1323 541 1462 576 πολλῶν
1481 554 1549 576 απο
1569 543 1628 574 Ph.
1651 539 1718 574 647
1742 553 1811 574 non
1827 547 1865 574 ut
1882 553 1920 574 ex
1936 545 2044 576 multa
2059 554 2170 576 rerum
2185 554 2230 576 va
2263 579 2282 589 ,-

1323 590 1476 630 deliyam.
1493 608 1534 613 —-
1553 593 1568 629 ΙΙ
1587 590 1737 622 Notanda
1754 591 1939 632 proprietas
1953 592 2128 632 sermonis⁷
2149 601 2229 623 cum
2241 606 2261 627 ·.·
2279 594 2284 629 ξ

1323 638 1443 679 positio
1473 639 1578 668 semel
1610 639 1718 679 posita
1750 638 1786 668 in
1819 638 1948 670 duobus
1984 639 2170 670 enuntiatis
2195 640 2208 671 i

1323 686 1433 716 debet.
1479 696 1510 716 V.
1541 682 1609 718 ἐπί.
1638 682 1766 763 σχιστή,
1780 678 1807 716 δ’
1825 683 1904 723 ὁδὸς
1922 683 1957 723 ἐς
1983 683 2086 719 ταύτὸ
2116 681 2286 732 ΔελφῶνᾸ

1325 730 1369 765 πὸ
1395 727 1544 769 Δαυλίας
1570 729 1644 778 ἄγει
1671 732 1728 764 OR
1769 728 1824 764 34.
1853 726 1936 779 κάφ’
1961 730 2041 766 ὅτου
2074 731 2202 780 πατρὸς
2220 744 2268 814 ἦ

269 540 325 575 65.
359 543 498 585 [Ameis.
528 543 659 575 Ztschr.
690 544 712 574 f.
735 543 818 574 GW.
841 539 932 574 1842
955 553 987 584 p.
1009 540 1090 575 204.
1128 544 1232 584 Popp.
1254 547 1288 574 et

271 590 374 623 Class.
404 591 444 622 ad
471 590 576 622 Thuc.
602 587 632 630 1,
657 587 727 631 171]
764 590 810 627 ὡς
838 587 953 634 μάθω,
981 589 1014 623 τί
1040 601 1098 635 μοι
1121 591 1286 635 νεώτερον

272 635 433 683 βούλευμ’
451 630 508 670 ἀπ’
525 633 565 671 'A
588 635 689 683 γείων
709 636 800 683 ἔχεις
818 638 878 669 Ph.
901 634 981 669 560.
1003 637 1032 670 ὦ
1050 635 1286 683 πληρεστατον

269 682 388 719 αὔλιον
406 682 515 722 λύπας
532 648 593 765 ’ἐς
611 678 667 718 ἀπ’
685 683 772 729 ἐμοῦ
794 681 883 716 1088
897 694 941 716 m.
962 686 984 716 i.
999 695 1030 725 q.
1052 684 1136 730 ἐμῆ
1150 695 1176 722 ς.
1198 682 1288 731 τύχα

268 729 321 766 ἅδ’
344 731 412 766 άπὸ
439 730 535 777 μείζο
579 743 595 769 ς
624 729 712 763 1097
727 732 778 763 ch.
809 743 840 763 v,
871 731 985 764 Herm.
1019 731 1086 765 εἴτε
1109 735 1170 765 τοῦ
1197 729 1286 765 θεῶν

270 778 393 827 φήμην
419 776 581 819 ἀκούσας,
613 776 669 812 εἴτ’
704 773 761 812 ἀπ’
786 776 907 825 ἀνδρὸς
935 774 1036 812 οἶσθά
1059 791 1124 813 που
1152 780 1209 812 OR
1226 777 1282 811 43.

268 826 321 872 τῷ
346 821 404 861 ἀπ’
428 825 515 871 ἐμᾶς
542 825 662 873 φρενὸς
689 820 806 860 οὔποτ’
831 824 975 872 ὀφλήσει
1001 825 1126 860 κακίαν
1145 824 1214 858 510
1231 827 1283 859 ch.

269 876 292 906 i.
314 884 345 915 q.
367 873 406 907 τὸ
423 868 499 907 κατ’
523 872 598 918 ἐμὲ.
627 872 758 920 ἀμφοῖν
786 867 842 906 ἀπ’
868 871 986 907 αὐτοῖν
1013 871 1081 906 682
1098 873 1160 914 (sc.
1180 873 1218 907 τὸ
1238 873 1289 931 μή

1324 778 1382 812 καὶ
1417 782 1481 825 γῆς
1512 777 1633 816 ὁποίας
1666 776 1777 824 ἦλθον
1810 777 1958 826 εἰρηκὼς
1982 782 2099 827 κυρεῖς
2124 777 2218 812 005
2266 799 2269 804 κ

1324 828 1385 858 111.
1414 828 1530 858 erasm
1547 828 1822 868 praepositionis,
1851 837 1927 859 cum
1951 827 2139 860 secundum
2163 829 2235 860 locu
2256 824 2282 859 ιὲὲ

1326 884 1409 906 nens
1435 884 1510 905 cum
1545 875 1647 905 altero
1673 875 1829 906 vocabulo
1861 875 2031 916 coalescit,
2070 875 2279 907 memorabi

1325 923 1381 953 ubi
1401 931 1483 962 opus
1501 923 1613 953 fuerit.
1635 922 1723 953 Illud
1740 931 1847 953 unum
1865 923 2073 964 adnotamus,
2095 926 2134 954 ut
2150 923 2187 954 in
2205 928 2267 954 un

270 967 375 1003 αὐτοῦ
399 972 470 1002 τῶν
496 966 514 1000 δ
550 967 731 1014 ὑπηρετῶν
757 979 824 1001 απο
843 965 923 1000 712.
944 965 986 1014 ἆρ
1015 963 1099 1015 ofni
1115 967 1161 1001 ἀπ
1188 969 1287 1012 ὠμοῦ
1325 979 1399 1000 sum
1419 979 1484 1000 non
1505 969 1637 1000 videtur
1655 966 1676 1002 ἆ
1695 973 1830 1010 propter
1843 971 1989 1002 vocalem
2001 979 2230 1012 praegressam

269 1018 377 1050 ταῦτα
390 1014 553 1060 δαίμονός
565 1027 616 1053 τις
630 1013 669 1049 ἂν
687 1014 813 1062 κρίνων
824 1009 876 1048 ἐπ’
893 1013 989 1061 ἀνδρὶ
1005 1009 1087 1060 τῷδ’
1104 1013 1145 1048 ἂν
1165 1014 1262 1062 ὀρθοί
1326 1021 1363 1047 ut
1390 1017 1425 1047 in
1449 1013 1469 1049 ἕ
1496 1016 1546 1056 fit,
1584 1017 1684 1047 scribi
1709 1017 1843 1057 quidem
1875 1018 1949 1058 lege
1975 1019 2209 1050 contractionis
2250 1034 2268 1055 q:

269 1062 391 1110 λόγον,
413 1061 483 1096 828
493 1064 788 1095 acrudelinumine
799 1056 1278 1097 inmedelatummatumabil
1325 1064 1467 1096 sednon
1492 1061 1514 1108 ἡ
1541 1057 1608 1103 'ma
1637 1061 1660 1108 ἢ
1695 1057 1761 1105 ’πό,
1790 1065 1848 1095 sed
1875 1065 2089 1097 scribendum
2113 1074 2186 1097 esse
2211 1068 2269 1098 ut·

271 1109 320 1144 ὦδ
353 1105 546 1156 άπ’.ἀ’λλης
561 1110 677 1158 χειρὸς
694 1108 845 1156 ἔστερξεν
864 1108 971 1155 μέγα,
1003 1107 1093 1142 1023
1110 1112 1133 1142 i.
1155 1121 1186 1151 q.
1209 1098 1287 1157 παρ’
1415 1110 1438 1155 ἡ
1465 1109 1544 1151 άπό,
1571 1108 1594 1155 ἢ
1621 1109 1707 1151 ἀπό,
1737 1113 1919 1144 coalescere
1935 1113 2196 1153 pronuntiando.
2263 1103 2280 1141 Τ(

271 1156 379 1192 ἄλλου
405 1156 533 1204 λαβών.
561 1156 818 1203 τάνθυμήματα
848 1156 937 1191 τάπὸ
963 1160 1023 1191 σοῦ
1050 1158 1106 1190 OG
1121 1155 1200 1190 293.
1229 1158 1287 1192 καὶ
1325 1159 1539 1199 Anastrophe.
1577 1158 1591 1200 ΙΙ
1625 1159 1791 1190 Convenit
1831 1160 1920 1191 inter
1958 1170 2093 1200 omnes,
2135 1158 2256 1193 ἀναστί

269 1200 362 1240 ταῦτ’
380 1200 437 1252 ἀφ’
456 1204 554 1250 ὑμῶν
571 1208 688 1261 κρρεῖν
707 1203 786 1250 ἐμοί
805 1201 903 1237 1289.
925 1203 1015 1239 κάπὸ
1031 1204 1186 1249 μαντέων
1203 1203 1287 1238 ταύ-
1324 1203 1404 1239 σθαι
1429 1204 1512 1239 ἀπό
1547 1216 1622 1236 cum
1640 1206 1887 1238 substantivum
1911 1207 1990 1239 inde
2015 1207 2168 1249 pendens
2191 1217 2244 1250 pr·
2285 1211 2287 1214 ⁴

269 1264 313 1302 τῃ
330 1251 428 1288 κλύω
444 1250 545 1286 1300.
567 1251 676 1300 άοῇον
689 1247 783 1298 τήνδ’
801 1250 991 1296 ἐνοικήσεις
1009 1250 1109 1286 πόλιν
1128 1258 1287 1299 σπαρτῶν
1324 1254 1504 1294 praecedit.
1536 1253 1643 1285 Schol.
1664 1255 1749 1285 Ven.
1771 1255 1810 1285 Il.
1829 1265 1844 1287 ε
1862 1251 1942 1286 739.
1965 1253 1982 1293 ζ
1999 1251 2079 1287 357.
2099 1266 2123 1301 η
2142 1251 2198 1287 63.
2218 1251 2267 1288 λ·

270 1295 328 1335 ἀπ’
345 1299 478 1348 ἀνδρῶν
498 1298 599 1333 1534.
637 1301 724 1332 Male
743 1301 872 1332 Schaef.
902 1301 981 1331 Mel.
1004 1300 1056 1332 Cr.
1078 1310 1111 1341 p.
1133 1298 1178 1332 83
1197 1307 1230 1332 et
1248 1301 1288 1332 ad

272 1348 374 1390 Soph.
394 1349 417 1380 l.
439 1359 466 1380 c.
487 1358 689 1389 quamquam
709 1348 795 1379 haud
813 1348 1022 1388 improbante
1039 1349 1200 1379 Eluisleio
1226 1342 1288 1381 ὑπ’

271 1394 405 1442 ἀνδρῶν
428 1396 668 1427 emendaturus
694 1400 781 1428 erat:
819 1395 936 1426 eadem
970 1397 1061 1426 enim
1087 1397 1186 1435 plane
1210 1406 1289 1427 sen-

273 1444 381 1475 tentia
397 1447 450 1475 est
467 1443 525 1475 OR
541 1440 620 1475 512.
643 1443 699 1475 OC
719 1439 820 1474 1289.
842 1442 896 1473 ΕΙ.
921 1439 998 1474 100.
1024 1438 1123 1474 1469.
1144 1446 1214 1476 τῶν
1233 1437 1289 1476 ἀπ’

273 1487 418 1526 Οἰδίπου
442 1493 561 1523 κακῶν
586 1492 667 1522 Ant.
688 1488 710 1522 2
742 1500 807 1522 non
833 1499 914 1530 qaae
938 1501 958 1521 a
978 1493 1073 1530 patre
1098 1491 1174 1522 inde
1198 1490 1290 1531 fac-ta

273 1541 361 1579 sunt,
383 1538 442 1570 sed
460 1547 541 1578 quae
559 1551 578 1571 a
593 1541 687 1578 patre
700 1541 860 1578 tanquam
876 1537 969 1577 fonte
980 1541 1183 1577 repetantur.
1204 1536 1290 1571 κού-

274 1583 342 1622 δεὶς
358 1583 490 1619 τούτων
508 1582 622 1622 οἶκτος
640 1579 697 1618 ἀπ’
715 1582 825 1630 ἄλλης
842 1581 865 1629 ἢ
885 1578 962 1628 ’μοῦ
981 1582 1119 1631 φέρεται
1138 1586 1191 1616 ΕΙ.
1208 1582 1285 1617 100.

275 1632 292 1667 ἐ
319 1631 405 1678 θρᾶς
430 1630 497 1665 ἀπὸ
515 1632 673 1678 γυναικὸς
693 1631 823 1665 ἱστάναι
840 1629 1048 1677 κτερίσματα
1065 1630 1145 1664 433.
1168 1631 1228 1666 καὶ
1246 1631 1288 1676 δὴ

273 1691 310 1713 τε
335 1683 422 1714 εῖται
445 1675 523 1713 τάπ’
549 1679 636 1725 ἐμοῦ
664 1677 766 1711 1464.
804 1678 897 1716 ὅπως
923 1673 1003 1713 κάπ’
1036 1677 1123 1723 ἐμοῦ
1149 1678 1172 1714 θ
1194 1678 1289 1725 ήνων

273 1726 363 1776 τύχη
385 1723 485 1759 1469.
515 1730 554 1760 In
572 1730 652 1760 Ant.
667 1723 746 1759 719.
767 1727 888 1773 γνώμη
907 1725 970 1773 γὰρ
988 1724 1020 1759 εἴ
1036 1737 1086 1764 τις
1103 1726 1176 1760 κάπ
1203 1727 1289 1771 ἐμοῦ

273 1773 443 1822 νεωτέρου
461 1774 619 1820 πρόσεστι
645 1775 786 1806 dubium
803 1779 874 1815 est,
904 1772 971 1808 άπό
983 1802 990 1816 ‚
1012 1775 1099 1814 quod
1118 1784 1195 1807 vero
1213 1785 1289 1816 pro-

274 1823 364 1864 pius,
386 1832 428 1854 an
445 1821 503 1856 ἐπί
518 1823 686 1858 Ιιιῐειιιι.,-
704 1824 720 1860 ΙΙ
737 1823 851 1854 Afflne
869 1827 933 1859 est,
955 1832 1030 1854 cum
1048 1820 1114 1855 ἀπό
1133 1825 1292 1863 oriyinem

274 1872 321 1902 rei
346 1870 384 1903 ab
411 1871 524 1911 aliqua
548 1880 649 1902 causa
671 1869 880 1909 repetendam
910 1870 961 1900 vel
985 1870 1118 1901 initium
1144 1869 1292 1909 faciendi

275 1919 383 1949 affert.
420 1917 518 1950 Unde
535 1918 645 1949 variae
670 1918 996 1958 circumscriptiones
1022 1922 1224 1958 nascuntur,
1251 1918 1291 1948 de

276 1966 400 2006 quibus
425 1966 495 2005 egit
511 1964 635 1997 Bernh.
659 1965 752 2003 synt.
775 1975 806 2005 p.
829 1961 1027 1996 223—225.
1064 1965 1239 1996 Interdum
1259 1961 1293 2003 ἐξ

276 2017 311 2044 et
335 2010 430 2058 παρά.
445 2014 621 2052 subrogare
638 2013 729 2044 licet.
759 2005 816 2058 ἀφ’
840 2010 883 2056 ἧς
909 2010 1144 2057 (πανουργίας,
1162 2016 1294 2052 propter

277 2058 391 2103 quam]
407 2058 516 2105 μηδὲν
533 2058 664 2093 δίκαιον
679 2057 801 2104 μέλλοι
813 2061 924 2092 ποιεῖν
939 2060 999 2091 Ph.
1011 2056 1091 2092 408.
1119 2059 1165 2096 ὥς
1181 2070 1221 2104 με
1235 2057 1294 2092 καὶ

278 2104 394 2155 μάθῃς
412 2101 470 2153 ἀφ’
488 2107 535 2140 ὦν
553 2104 673 2146 διέζων
684 2103 763 2138 535.
786 2104 825 2140 οὐ
844 2110 980 2140 πτανῶν
991 2101 1049 2140 ἀπ’
1067 2106 1162 2151 ἐμῶν
1178 2105 1293 2140 ὅπλων

275 2153 384 2201 ἴσχων
400 2152 565 2201 (φορβάν)
592 2151 683 2186 1110
699 2164 742 2186 m.
766 2157 866 2199 φῶτα
945 2148 1036 2199 μυρί’
1061 2147 1117 2187 ἀπ’
1144 2153 1294 2200 αἰσχρῶν

1326 1313 1345 1334 υ
1364 1298 1430 1332 221
1451 1301 1541 1332 alibi.
1563 1301 1627 1332 EM
1644 1311 1677 1342 p.
1703 1298 1780 1342 123,
1804 1298 1859 1333 30.
1882 1298 1964 1341 342,
1986 1299 2040 1334 10.
2071 1302 2127 1334 Gr.
2149 1302 2190 1334 de
2219 1305 2227 1317 ⁰
2258 1303 2265 1323 ι’

1326 1359 1377 1389 ap.
1400 1349 1515 1380 Herm.
1538 1349 1578 1379 de
1597 1358 1662 1380 em.
1684 1357 1708 1379 r.
1730 1358 1778 1388 gr.
1796 1358 1843 1388 gr.
1865 1359 1898 1390 p.
1912 1345 1992 1381 459.
2010 1349 2133 1382 Herod.
2155 1359 2207 1391 ap.
2224 1350 2252 1381 1·

1327 1397 1425 1427 Alex.
1461 1406 1532 1429 τον.
1569 1405 1714 1443 παραγγ.
1751 1406 1784 1437 p.
1814 1393 1871 1428 27.
1894 1414 1935 1420 -
2018 1408 2086 1444 μης
2112 1394 2180 1430 ἄπο
2207 1397 2249 1429 ΕΙ

1326 1437 1487 1488 Ἀθηνῶν
1520 1446 1590 1476 τῶν
1624 1441 1828 1488 θεοδμήτων
1854 1441 1922 1477 ἄπο
1953 1407 1998 1476 76
2026 1469 2032 1475 .
2071 1442 2265 1489 ὀμμάτων

1328 1488 1416 1522 1231
1444 1500 1509 1532 quo
1535 1492 1605 1523 loco
1630 1493 1739 1523 utitur
1762 1492 1858 1523 Eust.
1885 1501 1920 1532 p.
1941 1488 2030 1533 509,
2052 1488 2108 1524 33.
2138 1489 2178 1525 οὐ
2203 1502 2249 1526 πο

1327 1536 1397 1571 ἄπο
1416 1538 1475 1570 Ph.
1499 1535 1578 1570 647.
1599 1541 1668 1571 τῶν
1688 1535 1714 1571 δ’
1736 1536 1916 1584 ὑπηρετῶν
1935 1536 2003 1572 ἄπο
2021 1539 2078 1570 OR
2093 1535 2172 1571 712.
2193 1537 2240 1573 ὧν

1327 1583 1396 1619 ἄπο
1417 1582 1518 1618 1359.
1539 1589 1608 1618 τῶν
1627 1584 1722 1630 ἐμῶν
1739 1590 1865 1633 χειρῶν
1883 1583 1952 1619 ἄπο
1969 1583 2069 1618 1400.
2091 1583 2188 1631 θυμοί
2216 1603 2232 1616 ι.
2248 1603 2250 1606 -

1328 1633 1384 1665 OC
1399 1630 1478 1665 899.
1535 1634 1639 1678 ητρὸς
1668 1628 1825 1679 εὐγενοῦς
1842 1631 1911 1667 ἄπο
1936 1634 1991 1665 Ai.
2016 1630 2117 1665 1229.
2137 1636 2250 1673 κακῶ,

1328 1681 1418 1712 Alet.
1441 1682 1481 1712 fr.
1503 1644 1560 1720 5²4,
1584 1678 1613 1711 1.
1636 1679 1841 1725 πνευμάτων
1858 1678 1928 1714 ἄπο
1947 1680 2058 1712 Colch.
2079 1682 2120 1712 fr.
2143 1677 2222 1713 320.
2248 1697 2255 1709 ι

1327 1730 1387 1761 νοῦ
1405 1722 1432 1759 δ’
1458 1725 1526 1761 α”πο
1553 1728 1672 1759 Teucr.
1695 1729 1734 1759 fr.
1757 1725 1836 1768 507,
1861 1725 1890 1759 1.
1918 1732 1987 1762 τῶν
2009 1739 2045 1761 τε
2071 1726 2263 1775 φυσάντων

1329 1776 1405 1806 Ter.
1424 1776 1463 1806 fr.
1486 1771 1567 1815 517,
1588 1771 1620 1806 8.
1643 1773 1799 1821 αὐχένων
1817 1772 1886 1808 άπο
1905 1775 1982 1815 Tyr.
1997 1773 2077 1816 587,
2094 1772 2126 1807 4.
2157 1772 2255 1813 Nam,

1328 1823 1438 1854 eidem
1457 1823 1644 1867 observant,
1666 1823 1947 1864 praepositionem
1961 1824 2080 1855 ultima
2096 1823 2179 1855 elisa
2195 1833 2213 1855 a
2245 1847 2247 1849 ι

1330 1870 1419 1911 phen
1439 1880 1503 1901 non
1522 1871 1590 1911 pati
1609 1871 1676 1901 nisi
1694 1874 1856 1911 sequente
1874 1870 2090 1902 distinctione
2114 1868 2163 1912 (v.
2181 1871 2227 1902 A·
2241 1878 2267 1908 ιζ’

1330 1918 1434 1949 Arist.
1457 1927 1508 1958 ap.
1531 1917 1632 1948 schol.
1656 1918 1695 1949 11.
1718 1928 1736 1950 σ
1753 1915 1822 1949 400
1846 1918 1919 1949 0011.
1953 1913 2016 1949 191
2043 1922 2078 1949 et
2095 1928 2113 1962 ρ
2130 1913 2227 1960 246),
2244 1919 2253 1960 ,J

1330 1965 1430 2006 Soph.
1461 1970 1494 1996 et
1521 1965 1658 2003 tragicos
1684 1966 1842 1996 universe
1867 1966 2004 1996 nonita
2028 1965 2161 1997 dicitur.
2189 1964 2204 2007 ΙΙ
2234 1965 2263 1996 ,⁵⁴

1330 2013 1530 2044 substantivo
1548 2015 1577 2043 et
1595 2011 1754 2044 adiectivo
1768 2014 1987 2052 interponitur
1998 2013 2208 2053 praepositio,
2249 2018 2255 2022 “

1330 2060 1405 2090 fieri
1418 2085 1425 2099 ,
1455 2060 1521 2091 nisi
1539 2069 1681 2100 perraro,
1709 2063 1830 2100 potest,
1862 2063 1900 2091 ut
1915 2060 2068 2100 proxime
2086 2060 2144 2091 illa
2161 2069 2235 2091 cum
2251 2058 2253 2061 ’

1331 2108 1418 2138 ctivo
1436 2107 1622 2138 secundum
1641 2117 1778 2138 sensum
1797 2107 1982 2147 copulanda
1999 2107 2055 2147 sit,
2082 2110 2117 2139 et
2133 2107 2213 2138 Aris
2233 2120 2255 2147 r„

1331 2151 1602 2200 ἀναστρέφεσθαι
1635 2155 1771 2185 iubebat
1797 2155 1927 2195 utique.
1958 2165 1987 2186 V.
2008 2154 2107 2186 Eust.
2135 2163 2169 2195 p.
2191 2150 2250 2186 27·

277 2199 511 2236 ἀνατέλλοντα.
529 2198 619 2234 1139
637 2212 681 2233 m.
703 2201 836 2242 infinita
853 2202 922 2232 alia
946 2210 984 2233 ex
1002 2203 1040 2233 iis
1058 2211 1139 2242 quae
1164 2204 1242 2233 olim
1261 2203 1296 2233 in

277 2258 329 2282 me
343 2249 553 2282 machinatus
569 2252 628 2289 est,
650 2260 680 2279 v.
701 2249 818 2280 Herm.
841 2245 1018 2294 φθονήσας
1038 2243 1118 2294 μήτ’
1136 2242 1192 2282 ἀπ’
1211 2247 1294 2282 οἰω-

276 2301 345 2331 νῶν
363 2294 464 2343 φάτιν
481 2296 539 2329 OR
549 2293 617 2329 310
626 2297 649 2328 i.
667 2305 699 2337 q.
720 2298 783 2342 τῆς
802 2289 842 2328 δι’
861 2294 992 2329 οἰωνῶν
1012 2299 1200 2342 μαντικῆςι
1223 2297 1294 2327 vel-

278 2348 318 2376 ut
330 2341 374 2389 ἢν
392 2342 588 2389 (μαντείαν)
605 2338 675 2377 οὔτ’
693 2337 750 2376 ἀπ’
768 2341 901 2376 οἰωνῶν
916 2341 954 2376 σὺ
974 2341 1175 2397 προύφρίνης
1190 2341 1292 2390 ἔχων,

1332 2202 1434 2234 schol.
1461 2202 1499 2233 ll.
1523 2200 1541 2246 β
1561 2198 1628 2233 389
1647 2205 1680 2233 et
1698 2199 1777 2233 877.
1817 2201 2027 2242 Quamquam
2052 2202 2101 2233 ibi
2125 2206 2194 2233 tres

1332 2254 1447 2280 rantur
1472 2250 1682 2289 sententiae,
1712 2259 1787 2280 cum
1812 2249 1942 2280 dicatur
1958 2249 2157 2290 Apollonius
2181 2251 2216 2280 et'
2248 2256 2252 2272 -·

1333 2297 1452 2328 dianus
1472 2297 1604 2336 fecisse,
1635 2297 1705 2327 sive
1723 2297 1973 2327 substantivum
1990 2295 2227 2337 praecessisset
2236 2293 2255 2338 ί

1332 2345 1553 2378 adiectivum,
1582 2344 1790 2375 Ptolemaeus
1816 2348 1930 2375 autem
1946 2344 2138 2375 Ascalonita
2158 2351 2236 2375 cum

1333 2392 1470 2422 ctivum.
1511 2391 1561 2422 Cf.
1584 2391 1678 2422 Reiz.
1700 2391 1741 2422 de
1758 2391 1836 2422 Ace.
1860 2391 1940 2422 lncl.
1970 2401 2002 2431 p.
2027 2386 2104 2422 109.
2127 2407 2168 2414 --
2194 2385 2258 2435 Ns

1333 2439 1431 2470 detur
1464 2439 1581 2470 idonea
1606 2439 1706 2478 ratio,
1743 2438 1910 2478 prohiberi
1935 2437 2179 2479 anastrophen,
2215 2446 2250 2479 q

1333 2487 1425 2517 aliud
1450 2487 1646 2517 vocabulum
1664 2487 1931 2526 intercessisset,
1962 2494 2165 2526 quamquam
2181 2493 2227 2525 gr-
2243 2516 2257 2521 ,

281 2388 342 2425 ούτ
369 2389 410 2425 ἐκ
426 2388 518 2425 θεῶν
534 2402 596 2425 του
621 2389 750 2437 γνωτόν
769 2387 849 2431 395,
900 2398 966 2423 non
1001 2401 1085 2436 παρ
1130 2389 1296 2424 οἰωνῶν

281 2435 434 2484 μαθών
449 2464 456 2479 ,
485 2439 546 2471 sed
562 2435 793 2482 οἰωνιστικήν.
815 2436 941 2484 φαιδρὰ
957 2440 1040 2484 γοῦν
1054 2431 1112 2472 ἀπ’
1130 2436 1296 2482 ὀμμάτων

280 2484 386 2520 σαίνει
405 2497 447 2531 με
467 2487 526 2519 OC
546 2483 627 2518 319.
656 2479 714 2519 ἀπ’
741 2484 909 2530 ὀμμάτων
935 2483 1040 2519 σαίνει
1066 2486 1298 2525 coniungenda
2228 2520 2231 2522 ,

1333 2534 1409 2565 ticis
1427 2534 1573 2573 placuit:
1603 2533 1704 2564 schol.
1734 2533 1772 2563 Il.
1794 2543 1817 2577 η
1839 2530 1916 2563 163.
1946 2543 1962 2564 ε
1980 2529 2058 2564 308.
2087 2532 2152 2564 ΕΜ
2168 2541 2203 2574 p.
2225 2527 2243 2564 1

1334 2582 1376 2612 cs.
1398 2581 1513 2611 Herm.
1543 2581 1582 2611 de
1609 2590 1673 2611 em.
1703 2590 1729 2610 r.
1750 2590 1797 2620 gr.
1820 2590 1867 2619 gr.
1888 2591 1920 2621 p.
1946 2576 2023 2620 107,
2051 2580 2148 2611 ouius
2165 2580 2244 2623 etsi*

1335 2631 1449 2659 menta
1473 2628 1655 2668 probabilia
1687 2632 1786 2668 sunt,
1824 2628 1883 2658 vix
1907 2631 2018 2658 tamen
2043 2627 2203 2658 valebunt

1335 2685 1434 2707 usum
1451 2677 1597 2715 linguae,
1620 2675 1675 2706 cui
1697 2675 1769 2705 iure
1787 2679 1919 2706 veteres
1936 2675 2014 2715 plus
2031 2683 2131 2715 quam
2149 2676 2249 2709 ι·ιι,,
2268 2698 2271 2703 .

280 2534 412 2566 monuit
428 2534 544 2565 Herm.
566 2532 594 2567 ὦ
657 2531 750 2566 κάπὸ
775 2531 902 2566 παντὸς
926 2530 966 2566 ἂν
984 2531 1098 2592 φέρων
1122 2531 1226 2579 λόγου
1245 2530 1298 2565 δι-

279 2579 381 2615 καίου
400 2579 517 2627 μηχάν
547 2592 595 2626 μα
611 2577 768 2614 ποικίλον
778 2576 858 2611 761.
878 2579 932 2625 τῷ
947 2578 1031 2626 νῷθ
1059 2578 1189 2625 ὁμοίως
1206 2578 1297 2613 κάπὸ

279 2630 343 2674 τῆς
360 2592 626 2674 γλώσσηςίλέγω
644 2624 712 2660 936
729 2628 752 2659 i.
773 2637 806 2668 q.
834 2625 986 2676 γλώσσῃ.
1015 2625 1122 2661 πάλαι
1147 2626 1190 2672 δὴ
1209 2626 1297 2661 τάπὸ

282 2677 343 2709 σοῦ
361 2673 564 2722 βραδύνεται
583 2672 673 2707 1628
691 2676 733 2707 cf.
747 2675 868 2707 Blomf.
890 2676 934 2714 gl.
954 2677 1018 2716 Ag.
1033 2673 1114 2708 785.
1134 2675 1294 2707 Abresch.

281 2723 322 2755 ad
339 2724 432 2764 Sept.
454 2719 533 2756 879.
557 2721 668 2768 ὀσμὴν
694 2715 752 2755 ἀπ’
776 2718 880 2755 αὐτοῦ
901 2720 950 2766 μὴ
971 2720 1070 2767 βάλοι
1094 2720 1298 2768 πεφευγότες

281 2771 362 2802 Ant.
384 2767 453 2802 412
470 2771 601 2802 odorem
619 2770 797 2802 cadaveris.
837 2770 957 2801 Latine
981 2771 1096 2802 eodem
1113 2770 1210 2802 modo
1232 2770 1297 2801 cir-

282 2818 462 2850 cumscribi
478 2818 666 2858 genitivum
683 2818 811 2849 notavit
827 2816 963 2848 Ruhnk.
984 2818 1025 2850 ad
1043 2818 1118 2849 Ter.
1140 2817 1246 2849 Andr.
1268 2818 1295 2858 Ι,

1334 2723 1492 2755 buebant.
1522 2722 1663 2761 Ambigo
1681 2722 1793 2761 igitur,
1828 2731 1909 2752 num
1927 2726 2017 2753 recte
2035 2722 2198 2752 scribatur
2220 2737 2243 2747 v-

1334 2771 1402 2801 bris
1429 2767 1557 2816 χθονὸς
1591 2763 1726 2812 μολόντ’
1756 2766 1823 2801 ἄπο
1855 2762 2055 2805 Ἑλλανίδος
2087 2768 2143 2800 Ai.
2169 2763 2247 2815 425¹

1335 2818 1438 2848 Dind.
1460 2827 1502 2848 ex
1522 2814 1605 2860 LA].
1636 2818 1675 2847 In
1694 2817 1768 2847 aliis
1786 2817 1964 2847 manifesto
1988 2816 2071 2847 falsa
2096 2818 2147 2847 est
2157 2815 2215 2847 He

284 2862 315 2906 1,
339 2861 416 2897 129.
438 2862 653 2910 ἀναξιωτάτη
677 2857 810 2897 κάκιστ’
836 2860 895 2897 ἀπ’
919 2862 1027 2920 ἔργων
1045 2862 1298 2898 εὐκλεεστάτων

282 2908 394 2959 φθίνει
408 2908 488 2945 695.
510 2910 653 2946 εὐκταῖα
670 2910 800 2958 φαίνων
814 2908 922 2958 (ἱερά)
938 2922 961 2956 η
981 2909 1049 2946 ἀπὸ
1068 2909 1228 2956 μαντείας
1245 2921 1298 2944 τι-

280 2958 357 3002 νός;
389 2960 444 2992 Tr.
465 2955 545 2991 239.
565 2958 674 2993 κακὸν
694 2951 767 3004 μέγ’
793 2952 976 3004 ἐκπράξασ’
1002 2953 1059 2993 ἀπ’
1077 2956 1216 2996 ἐλπίδος
1232 2969 1296 2992 κα·

1334 2866 1370 2896 in
1389 2865 1548 2905 Sophocle
1563 2864 1691 2895 edendo
1708 2864 1844 2900 tonosis,
1862 2872 1973 2903 neque
1990 2864 2063 2904 ipse
2081 2873 2099 2894 a
2115 2872 2152 2894 se
2165 2862 2246 2901 dier,

1334 2922 1367 2953 p.
1393 2908 1457 2942 109
1476 2912 1716 2943 convenienter
1733 2912 1811 2950 egit.
1848 2911 1886 2941 ln
1906 2910 1960 2941 Tr.
1982 2906 2050 2942 509
2070 2910 2120 2941 ch.
2148 2908 2237 2941 sori

1335 2957 1373 2992 δὲ
1391 2954 1549 3005 Βακχίας
1574 2955 1643 2991 ἄπο
1667 2955 1756 3001 ἦλθε
1781 2955 1968 2990 παλίντονα
1993 2954 2110 3002 Θήβας
2136 2954 2219 2996 τόξα
2242 2957 2250 2992 ἶ·

280 3005 346 3054 λῆς
372 3004 451 3040 667.
479 3004 565 3053 φλὸξ
589 3004 766 3086 αἱματηρὰ
798 3004 889 3039 κάπὸ
924 3004 1056 3052 πιείρας
1089 3004 1188 3052 δρυός
1214 3002 1293 3038 766.

649 3051 657 3064 7

1335 3017 1415 3046 σων,
1447 3000 1529 3039 ἀπό
1556 3007 1628 3036 sine
1647 3005 1845 3046 anastrophe
1863 3005 1923 3036 hac
1939 3005 2088 3045 positura
2104 3004 2204 3036 verbo
2231 3014 2235 3031 v

1335 3054 1432 3093 gibus
1465 3054 1600 3093 linguae
1633 3054 1732 3093 plane
1766 3061 1952 3092 repugnare
1978 3052 2158 3083 affirmans.
2209 3053 2220 3063 ⁸
2244 3055 2252 3060 ”

280 3055 371 3094 ligno
388 3055 526 3087 nutrita.
562 3051 605 3086 τὰ
691 3050 747 3086 ἀπ’
780 3050 956 3098 άλλόθρου
979 3053 1121 3099 γνώμης
1149 3051 1298 3097 μολόντα
2235 3095 2238 3099 Δ

1334 3101 1538 3142 praepositio
1565 3100 1728 3131 adiectivo
1753 3096 1911 3144 Βακχίας
1937 3098 2220 3130 aeccommodetux

280 3098 351 3133 844
368 3102 419 3133 ch.
455 3102 518 3134 De⁴
534 3101 590 3133 Tr.
614 3097 704 3132 1242
722 3111 753 3132 v.
775 3098 968 3139 ἀπευνάζω.
1005 3103 1158 3146 πεῖρα...
1172 3094 1230 3146 ἀφ’
1253 3098 1297 3144 ἧς

1335 3149 1478 3188 simum,
1508 3148 1601 3179 nulla
1627 3156 1724 3178 causa
1742 3152 1808 3186 est⁷
1834 3156 1909 3177 cum
1927 3146 2106 3177 Bacchicae
2122 3145 2216 3176 Theb
2235 3150 2238 3155 '

1334 3196 1368 3226 vi
1386 3195 1493 3227 dictae
1519 3204 1584 3226 non
1603 3195 1693 3234 sint,
1722 3203 1833 3234 neque
1851 3194 1924 3224 aliis
1943 3193 2082 3224 urbibus
2100 3187 2242 3232 cognorv

1093 3241 1297 3288 ἀρχηγετεῖν
1334 3243 1457 3284 opponi
1474 3243 1614 3283 possint.
1635 3241 1690 3272 Ai.
1704 3238 1785 3281 434,
1806 3241 1865 3272 ubi
1880 3233 1977 3286 τῆσδ’
1994 3233 2051 3272 ἄπ’
2070 3234 2191 3276 Ἰδαίας
2227 3243 2230 3245 ’

280 3146 414 3194 γέροντι
431 3146 579 3194 δηλώσω
595 3145 698 3194 πατρί
714 3148 770 3180 Ai.
792 3145 1062 3203 471.*<poo‹1›vra
1079 3141 1153 3192 αἷμ’
1171 3141 1228 3180 ἀπ’
1247 3147 1296 3181 οἰ·-

281 3240 388 3322 ἔέσδε
403 3246 467 3290 τῆς
485 3241 608 3289 φήμης
625 3240 695 3276 ἄπο
713 3242 767 3274 ΕΙ.
789 3239 845 3274 65.
867 3239 959 3275 κάπὸ
975 3245 1045 3275 τῶν

355 3290 430 3322 inde
456 3292 631 3331 auspicari.
668 3287 735 3323 άπὸ
759 3294 826 3322 τῶν
863 3300 924 3334 μετ
949 3287 1008 3323 ίων
1036 3283 1088 3322 ἐπ’
1114 3287 1297 3335 ἀμήχανον
1336 3289 1404 3321 Cur
1435 3290 1539 3330 igitur
1573 3291 1732 3334 σπαρτῶν
1766 3280 1822 3320 ἀπ’
1857 3285 1989 3333 ἀνδρῶν
2024 3287 2129 3334 edidit
2163 3286 2190 3318 O
2231 3291 2235 3301 ⁷

280 3335 385 3384 ἄλγος
402 3336 454 3371 ἀεὶ
473 3336 683 3384 στενάχουσα
703 3334 878 3370 διόλλυσαι
899 3335 913 3368 1
938 3334 966 3368 ’0
975 3337 1025 3369 ch.
1048 3338 1210 3368 Dicturus
1228 3341 1298 3369 erat
1335 3333 1550 3385 ἔχθρας-ἀπὸ
1566 3333 1726 3381 γυναικός
1745 3336 1795 3366 ΕΙ.
1818 3332 1897 3366 433.
1918 3332 2070 3379 χθονίων
2089 3327 2146 3366 ἀπ’
2171 3326 2179 3340 '
