2288 3600
2051 0 2062 10 ,,
2076 8 2077 11 .
2091 0 2111 19 ..f
2126 0 2215 41 -wytp'u'5
2230 29 2240 35 Δ

2151 38 2155 42 ·
2218 37 2247 48 ς,

310 148 406 196 166
1187 144 1290 194 Δέω
1314 175 1384 182 -
1410 143 1478 212 Δή
2053 154 2138 203 [IP-
2153 154 2215 191 41

306 259 518 310 Μυκηναίων
536 261 666 302 δέξεται
685 259 751 294 162
761 263 812 294 ch.
835 261 874 296 σὺ
890 259 980 300 δέξαι
1000 256 1034 306 μ’
1051 259 1100 300 εἰς
1115 261 1154 296 τὸ
1173 261 1230 296 σὸν
1243 259 1321 295 τόδε
1357 256 1456 296 πόλλ’
1488 257 1587 309 ἔγωγ’
1619 260 1842 309 ἐκλαυσάμην
1855 290 1863 304 ,
1887 261 1924 296 ἓν
1952 259 1980 296 δ’
2003 260 2079 297 οἷον
2103 259 2201 299 οὔπω
2257 261 2277 299 ε’

307 309 423 357 στέγος
444 307 544 342 1165.
567 308 705 350 ἐδέξατο
725 307 865 356 ἀγεῖσα
882 306 1018 355 Θηβαία
1035 307 1128 346 κόνις
1141 307 1322 352 (Amphia-
1359 310 1412 341 Tr.
1438 306 1515 342 153.
1537 308 1632 355 ἀλγῶ
1650 308 1757 343 πάλαι
1775 308 1818 354 δή
1836 310 1898 342 Ph.
1918 307 2000 342 806.
2019 307 2127 344 πάλαι
2145 308 2188 356 δὴ
2230 326 2273 339 «av

306 356 420 401 raum)
444 359 484 389 fr.
513 358 579 389 inc.
608 354 689 397 781,
720 321 751 389 1).
788 354 976 402 Λιγυστική
1002 367 1039 388 τε
1065 359 1110 402 γῆ
1138 367 1173 389 σε
1193 354 1322 396 δέξεται
1358 354 1559 401 βραδύνεται
1571 357 1626 390 OC
1640 354 1739 389 1628.
1761 355 1867 391 ἄκουε
1881 355 1925 402 δή
1938 368 1998 391 νυν
2010 354 2148 390 ΕΙ.947
2164 368 2196 388 v.
2227 356 2281 394 ‘5¹2'

308 406 416 446 Tript.
439 401 519 445 527,
542 401 562 436 3
587 405 627 436 de
652 407 850 446 peragrante
868 408 971 435 terras
990 404 1207 443 Triptolemo.
1239 402 1321 437 ὀπὸν
1360 402 1403 449 δή
1421 414 1472 445 ap.
1496 405 1596 446 Soph.
1619 414 1684 436 non
1702 405 1838 445 legitur,
1859 405 1918 436 sed
1935 402 1978 450 δή
1996 406 2055 438 νῦν
2072 413 2100 436 s,
2120 402 2166 449 δή
2184 414 2269 441 νυνμ

306 450 487 500 χαλκέοισι
502 449 622 488 κάδοις
640 449 778 499 δέχεται
794 452 927 483 Rhizot.
948 447 1028 491 479,
1043 448 1075 483 3.
1091 469 1131 474 —
1152 451 1166 493 ΙΙ
1183 452 1319 491 excipio,
1360 451 1497 484 Ruhnk.
1518 452 1702 484 illustravit
1718 452 1758 483 ad
1773 452 1859 483 Tim.
1880 461 1915 492 p.
1934 448 2011 483 186.
2032 452 2119 484 Item
2134 461 2212 483 cum
2237 464 2242 479 ι

307 500 360 531 vel
387 500 493 531 amice
516 502 606 530 certe
631 502 665 530 et
690 499 873 538 benevole,
902 499 955 530 vel
981 499 1061 530 adeo
1088 498 1243 540 hospitio.
1271 495 1323 534 τίς
1360 499 1504 530 formula
1520 500 1680 540 positum.
1711 496 1750 532 οὐ
1775 496 1839 544 γὰρ
1865 497 1908 544 δὴ
1933 492 2004 531 τόδ’
2020 496 2169 545 ἀρχαῖον
2193 496 2231 532 δέ

308 543 471 582 Οἰδίπουν
499 547 696 583 σπανιστοῖς
722 543 853 585 δέξεται
878 543 1098 590 δωρήμασιν,
1137 545 1191 577 OC
1210 542 1242 577 4.
1277 546 1319 576 cf.
1364 542 1441 577 110.
1468 545 1526 579 καὶ
1551 545 1615 592 γὰρ
1641 543 1659 579 ὃ
1678 543 1825 591 μηδαμὰ
1843 544 1886 591 δὴ
1903 544 1942 579 τὸ
1960 543 2071 590 φίλον,
2099 543 2199 592 φίλον
2218 541 2273 578 16

307 594 401 626 Valc.
420 594 528 625 Diatr.
546 603 579 634 p.
600 589 677 625 195.
697 590 781 638 ἵλεῳ
800 591 863 637 μὲν
879 591 937 626 τὸν
956 590 1072 637 ἱκέτην
1092 589 1247 632 δεξαίατο
1263 589 1319 624 44.
1363 610 1465 623 -.--
1485 592 1499 635 11
1523 594 1576 625 Ab
1594 594 1654 625 hac
1669 594 1804 635 propria
1829 594 1863 624 vi
1880 593 1971 625 varie
1993 593 2197 626 deflectitur.
2236 596 2243 607 ⁵
2260 612 2264 621 ι

307 638 415 686 κέρδη
443 638 504 685 μὲν
531 638 720 685 οἰκήσαντα
743 642 816 676 τοῖς
843 637 1057 686 δεδεγμένοις
1084 636 1139 671 92.
1162 635 1324 686 δέχεσθαι
1361 640 1479 672 tralate
1504 641 1646 680 dicitur,
1674 649 1751 672 cum
1776 640 1935 681 apodosin
1964 640 2154 672 sententiae
2179 649 2228 672 or·
2260 637 2272 659 -’

307 687 364 721 τὸν
392 685 507 734 ἱκέτην
531 686 700 733 σωτήριον
728 684 807 718 487.
837 684 938 720 οἶσθα
963 684 1070 731 αὐτὴν
1089 686 1135 723 ὡς
1154 685 1324 731 ἐδεξάμην
1360 685 1430 733 χρὴ
1460 684 1584 731 μαθεῖν
1611 697 1659 727 σε,
1681 685 1793 720 πάντα
1811 685 1853 732 δὴ
1869 689 1996 733 φωνεῖν
2013 687 2127 733 χρεών
2147 687 2202 719 Τι’.
2222 682 2277 720 7.

309 733 418 781 φίλως
434 736 489 767 Tr.
504 731 584 767 628.
604 732 627 779 ἦ
647 732 713 768 πού
734 745 775 778 με
793 731 961 779 Τελαμὼν
981 727 1102 772 δέξαιτ’
1118 731 1159 767 ἂν
1178 732 1325 779 εύπρόσ-
1362 734 1495 775 audies,
1525 736 1581 767 sed
1600 744 1666 766 non
1683 745 1774 766 nunc
1792 736 1876 774 iam,
1899 735 1958 766 sed
1974 736 2043 766 sine
2062 733 2279 774 ambayz'bm.

308 793 403 820 ωπος
418 783 472 815 Ai.
492 778 593 814 1009.
610 801 650 806 -—
670 781 684 823 ΙΙ
701 783 731 813 Α
745 782 853 822 prima
867 782 1112 820 significatione
1126 783 1211 813 exiit
1226 782 1321 821 illud,
1363 776 1474 814 οὐκέτ’
1492 780 1592 822 ἐστίν,
1614 780 1662 819 εἰς
1680 781 1717 814 σὲ
1736 780 1778 827 δὴ
1798 778 1916 826 βλέπω
1934 781 1989 813 ΕΙ.
2008 777 2088 813 949.
2116 781 2248 814 Deinde
2263 776 2265 778 μ

307 831 397 871 quod
421 830 461 861 de
486 831 593 860 omine
626 829 819 870 accipiendo
844 829 986 869 dicitur3
1025 829 1067 860 cf.
1094 829 1255 861 Abresch.
1285 829 1325 860 ad
1362 829 1444 860 tiata
1468 830 1608 861 relativa
1634 833 1668 860 et
1694 829 1992 861 circumstantialia
2016 829 2204 861 comitatur.
2263 829 2279 863 ².

308 877 428 909 Aesch.
450 877 512 916 Ag.
539 873 638 908 1662.
661 874 828 922 ἐδεξάμην
846 875 883 909 τὸ
902 873 1007 922 ῥηθέν
1026 876 1079 907 ΕΙ.
1101 872 1180 908 668.
1362 873 1470 921 ἔθηκε
1487 874 1576 915 Ζεὺς
1594 874 1721 916 καλῶς,
1750 874 1780 909 εἰ
1798 874 1840 920 δὴ
1866 874 1984 913 καλῶς
2003 876 2060 907 Tr.
2073 872 2130 907 27.
2151 873 2212 908 καὶ
2234 881 2240 903 ἰ
2268 867 2272 873 ’

1364 917 1447 968 ίημ’,
1485 921 1515 956 ε’(
1530 935 1562 956 τι
1579 922 1622 968 δὴ
1643 921 1747 956 πλέον
1793 925 1904 968 ρονεῖς
1930 923 1990 955 Ph.
2011 919 2091 955 818.
2113 923 2207 954 Libri
2222 920 2278 964 pl..

1362 968 1540 1016 ἀμέτρως;
1571 970 1631 1004 καὶ
1657 969 1700 1016 δὴ
1728 981 1769 1014 με
1800 969 1897 1015 ίημι·
1930 967 1963 1003 τί
1987 968 2025 1003 δὲ
2051 968 2094 1015 δὴ
2113 967 2237 1004 πλέονι
2273 976 2274 979 ’

1363 1016 1437 1062 LA]
1454 1016 1487 1051 τί
1505 1016 1548 1062 δή
1568 1019 1697 1050 Buttm.
1726 1019 1787 1050 Illa
1804 1018 1992 1049 Hermanni
2009 1018 2198 1049 emendatio
2214 1018 2277 1049 ess

1362 1063 1475 1099 πολλὰ
1493 1064 1555 1110 μὲν
1573 1064 1609 1099 αἱ
1627 1063 1756 1110 μακραὶ
1772 1063 1900 1110 ἁμέραι
1915 1061 2101 1098 κατέθεντο
2119 1062 2163 1109 δὴ
2179 1060 2249 1099 λύτῑ

1361 1111 1492 1159 γυτέρω
1510 1112 1566 1145 OC
1587 1110 1675 1145 1215
1694 1113 1745 1144 ch.
1767 1110 1843 1146 ἐπεί
1861 1116 1895 1144 et
1912 1110 1956 1156 δή
1974 1112 2220 1152 coniungenda.
2255 1115 2270 1138 2⁴

380 1155 452 1204 Δή.
482 1161 533 1192 De
552 1161 612 1191 hac
629 1160 804 1201 particula,
822 1169 864 1191 ex
882 1157 967 1205 ἤδη
986 1161 1167 1200 decurtata,
1199 1170 1263 1191 non
1282 1170 1325 1191 ex
1362 1159 1405 1206 δὴ
1431 1159 1494 1205 τὴν
1530 1158 1726 1205 δυσσέβειαν
1751 1153 1924 1204 abael-loo&
1957 1157 2158 1204 ἐκτησάμην
2191 1159 2244 1194 Aa
2262 1176 2272 1190 .-

309 1206 353 1242 δέ
377 1209 538 1250 producta
553 1209 641 1239 bene
659 1208 827 1248 exposuit,
848 1208 1026 1239 dummodo
1044 1208 1185 1239 minutis
1202 1208 1324 1239 distin·
1361 1218 1411 1239 res
1435 1217 1471 1239 eo
1497 1208 1650 1239 devoluta
1675 1211 1731 1240 est.
1755 1225 1795 1231 -
1821 1204 1966 1248 οὐκοῦν,
1995 1203 2078 1240 ὅταν
2103 1205 2121 1239 δ
2174 1204 2226 1251 μὴ
2264 1231 2266 1233 .

308 1256 458 1287 ctionum
475 1255 655 1287 momentis
672 1255 882 1295 aliquantum
900 1256 1132 1295 abstinuisset,
1154 1255 1322 1294 Hartung.
1362 1253 1584 1299 πεπαύσομαι
1609 1255 1690 1287 Ant.
1712 1251 1768 1286 91.
1798 1252 1946 1294 ἐπεῖδον,
1975 1253 2022 1291 ὡς
2048 1252 2092 1299 δὴ
2111 1265 2135 1287 π
2149 1248 2261 1299 .ησίαιῖ

308 1304 348 1335 de
365 1307 450 1343 part.
475 1299 504 1334 1.
527 1313 559 1344 p.
581 1298 664 1333 245.
697 1301 752 1344 [Η.
774 1302 901 1334 Helleri
921 1303 1067 1343 epistula
1090 1303 1131 1340 de
1149 1303 1325 1344 particulis
1363 1300 1476 1340 στάτις
1503 1304 1558 1334 Tr.
1579 1299 1649 1334 888
1674 1304 1803 1343 quippe.
1833 1301 1879 1338 ὡς
1912 1298 2091 1347 στείχοντα
2117 1298 2160 1346 δή
2187 1301 2267 1334 Ph..

308 1347 353 1394 ἥδ
403 1353 437 1382 et
462 1347 506 1394 δή
531 1350 573 1381 ad
595 1349 639 1381 M.
660 1350 862 1381 Dunkerum
888 1351 924 1381 in
950 1350 1069 1381 Philol.
1099 1347 1121 1381 8
1137 1347 1264 1393 (1853)
1288 1359 1321 1390 Ρ.
1363 1350 1410 1387 ὡς
1428 1349 1471 1394 δή
1491 1348 1529 1383 σὺ
1552 1347 1704 1396 βραχέα,
1737 1351 1844 1382 ταῦτα
1869 1345 1895 1381 δ’
1924 1346 1960 1382 ἐν
1976 1347 2090 1394 καιρῷ
2109 1346 2220 1395 λέγεις
2241 1349 2257 1376 ἶ1

308 1394 354 1430 25
382 1393 508 1429 —308.
532 1413 572 1420 -—-
592 1395 687 1429 Curt.
708 1397 763 1428 Et.
784 1406 817 1437 p.
840 1393 908 1429 560
926 1397 967 1428 ed
983 1394 1037 1441 2.]
1062 1397 1115 1428 Ab
1132 1397 1230 1429 initio
1248 1407 1326 1429 sen·
1362 1398 1504 1430 irrisone
1530 1398 1566 1428 in
1594 1397 1641 1434 ὡς
1668 1395 1711 1441 δή
1737 1397 1856 1437 pulchr
1900 1396 2090 1428 observavit
2114 1396 2231 1430 Herm.
2260 1431 2271 1440 .,

309 1446 436 1477 tentiae
461 1454 528 1476 non
546 1445 703 1485 ponitur,
731 1444 859 1485 unique
884 1445 1016 1476 cuidam
1042 1445 1200 1476 vocabulo
1218 1445 1327 1486 appli-
1361 1443 1561 1490 κρεμαστὴν
1585 1443 1649 1490 τὴν
1666 1437 1799 1490 γυναῖκ’
1826 1442 1842 1476 ἐ
1871 1441 2006 1488 είδομεν
2023 1443 2081 1476 OR
2101 1440 2190 1475 1263
2212 1457 2236 1471 :·
2266 1440 2271 1482 '4

310 1493 377 1525 cari
399 1493 484 1525 solet
509 1501 585 1523 cum
610 1492 801 1532 primitiva,
830 1501 915 1532 quae
939 1493 1132 1533 temporalis
1156 1495 1224 1532 est,
1255 1496 1325 1523 tum
1364 1497 1435 1524 cato
1468 1493 1658 1534 spectaculo
1687 1492 1857 1533 insperato
1890 1495 1925 1522 et
1957 1491 2270 1532 exspectationem.'

309 1541 429 1573 tralata
446 1539 703 1580 significatione.
734 1539 802 1570 Nec
819 1542 931 1571 tamen
951 1544 1039 1571 recte
1057 1540 1177 1571 enclisi
1195 1540 1328 1571 videtur
1364 1541 1477 1572 dente.
1515 1537 1574 1576 οὓς
1599 1537 1642 1585 δὴ
1669 1537 1783 1572 πολλὰ
1806 1535 1984 1584 καθαίρων
2000 1535 2182 1582 ὠλεκόμαν
2210 1537 2268 1575 Τ

310 1587 418 1627 affici,
452 1596 538 1628 quae
571 1589 725 1619 veterum
751 1587 959 1628 quorundam
978 1588 1148 1618 sententia
1172 1588 1238 1619 fuit
1270 1596 1322 1627 ap.
1364 1597 1417 1620 an.
1448 1588 1535 1619 Tum
1554 1587 1597 1618 ad
1621 1596 1678 1626 ea,
1708 1596 1789 1627 quae
1802 1588 2066 1626 praecesserunt,
2095 1594 2156 1617 nos

309 1635 410 1668 Eust.
430 1644 464 1676 p.
489 1631 567 1675 174,
588 1630 608 1666 5
627 1634 669 1666 cf.
690 1644 723 1675 p.
748 1631 826 1675 153,
850 1631 910 1674 10;
940 1635 999 1666 sed
1025 1635 1152 1675 gravior
1175 1639 1227 1666 est
1252 1644 1327 1675 par·
1365 1645 1430 1676 que
1448 1635 1544 1676 quasi
1561 1635 1596 1665 in
1614 1634 1806 1666 memoriam
1818 1637 1958 1665 revocat.
1989 1630 2076 1679 σίγα.
2098 1630 2224 1678 πορεύο
2256 1637 2259 1640 ’

310 1682 433 1715 ticulae
451 1682 503 1713 vis
522 1685 556 1713 et
571 1682 717 1723 potiores
736 1681 885 1713 doctores
904 1692 979 1713 cum
996 1682 1146 1723 paradosi
1172 1683 1206 1713 in
1225 1683 1329 1713 altera
1365 1679 1437 1715 οἵδε
1461 1679 1504 1725 δή
1530 1692 1617 1718 τινες
1641 1681 1696 1713 OG
1717 1678 1780 1712 111
1802 1691 1847 1712 sc.
1880 1678 1932 1713 διό
1966 1690 2002 1713 σε
2031 1682 2133 1855 ἕξιν
2151 1678 2215 1713 δεῖ.
2258 1683 2265 1714 ἕ

380 943 473 981 Δέω
499 948 576 987 liyo.
607 944 707 983 αὐτός
732 940 761 979 τ’
788 944 895 992 ἔδησα
912 944 972 979 καὶ
997 947 1116 991 παρὼν
1134 943 1325 991 ἐκλύσομαι

308 996 389 1027 Ant.
408 991 498 1026 1112
519 994 747 1036 [proverbialis
766 995 866 1026 dictio
897 995 938 1025 cf.
961 992 1125 1039 ἐφάπτειν
1143 992 1202 1026 καὶ
1218 991 1321 1026 λύειν.

308 1043 389 1074 Ant.
411 1039 467 1074 40.
490 1043 544 1073 Ai.
563 1038 679 1086 1317}
701 1040 758 1075 τὸν
779 1035 806 1073 δ’
825 1038 926 1087 ὀρθὸν
943 1038 1015 1074 ἅνω
1033 1039 1121 1074 κίονι
1140 1039 1175 1073 δ’
1188 1052 1247 1078 σας
1265 1042 1320 1073 Ai.

307 1087 377 1121 240
393 1099 447 1121 an.
477 1087 554 1135 πρὶν
579 1085 619 1121 ἂν
639 1086 750 1126 δεθεὶς
768 1087 852 1134 πρὸς
869 1086 968 1122 κίονα
986 1087 1074 1136 θοίνῃ
1093 1090 1147 1120 Ai.
1194 1086 1250 1120 08.

310 1731 438 1762 ratione
456 1729 665 1770 conspirasse
683 1729 851 1760 credendi.
875 1747 978 1760 —.--
1006 1733 1021 1767 u
1048 1729 1184 1770 Proprie
1200 1729 1327 1760 dictum
1366 1728 1409 1774 δὴ
1429 1727 1623 1762 δεσπόταισι
1641 1725 1809 1774 ἔφθαρται
1826 1725 1924 1773 γένος
1940 1728 1993 1759 ΕΙ.
2007 1725 2027 1758 7
2093 1730 2147 1766 (ut
2155 1735 2262 1761 πιιησ

311 1780 346 1809 et
369 1777 410 1809 de
434 1779 612 1818 praesente
637 1779 672 1807 et
696 1776 737 1807 de
762 1777 943 1818 praeterita
966 1786 1001 1808 re
1028 1780 1062 1808 et
1079 1778 1205 1816 futura,
1234 1776 1327 1808 modo
1364 1777 1416 1808 Ita
1433 1787 1509 1808 cum
1528 1774 1590 1820 μέν
1609 1777 1828 1817 compositum
1840 1779 1963 1807 exstat.
1986 1771 2028 1808 ἕπ
2095 1785 2132 1807 ον
2151 1771 2222 1819 μάλ

310 1825 487 1858 remotiore
513 1824 646 1864 aliqua,
681 1823 776 1855 modo
801 1824 954 1864 proxime
983 1824 1208 1865 exspectanda
1240 1833 1328 1855 com·
1366 1822 1410 1868 δὴ
1427 1826 1488 1857 τοῦ
1506 1821 1669 1860 θανόντος
1698 1821 1806 1867 ἱμέρῳ
1831 1822 1891 1854 Ph.
1913 1819 1992 1854 350.
2015 1820 2068 1856 δεῖ
2103 1820 2127 1867 ή
2147 1815 2174 1855 α’
2191 1818 2209 1855 ἔ
2242 1838 2264 1862 ι,

311 1872 406 1904 mode
431 1874 582 1903 vertatur
608 1872 692 1911 iam,
713 1870 822 1902 mode.
856 1871 925 1902 Nec
942 1873 1058 1912 refert⁷
1080 1872 1134 1902 cui
1153 1872 1327 1903 v0‹·abu10—
1365 1868 1471 1905 θόντα
1496 1869 1668 1917 προσφιλῆ
1700 1868 1812 1915 λόγων
1834 1867 1963 1915 κρύψαι
1994 1867 2127 1914 μηδένα
2176 1868 2189 1897 2
2221 1893 2228 1900 .

310 1929 386 1951 rum
403 1919 518 1959 generi
535 1919 687 1960 proxime
714 1918 891 1950 inferatur.
923 1915 1024 1952 οἶσθα
1055 1917 1098 1964 δὴ
1128 1912 1232 1962 [οἷσθ’
1258 1916 1327 1963 ἤδη
1366 1929 1418 1950 res
1436 1920 1471 1950 in
1486 1916 1626 1952 ἀλλὰ...
1641 1916 1683 1962 δή
1704 1930 1734 1948 ν.
1756 1915 1807 1950 ἀλ
1820 1915 1884 1950 λά.
1912 1914 2026 1963 γὰρ
2040 1915 2083 1962 δή
2102 1927 2134 1948 v.
2154 1913 2245 1961 γάρ.
2262 1951 2263 1954 ,

312 1967 383 2009 LA]
408 1965 448 1999 τὸ
473 1967 539 1998 πᾶν
564 1966 624 1997 Ph.
644 1962 726 1997 241.
763 1963 890 1998 πολλαὶ
922 1961 949 1998 δ’
977 1964 1117 1999 ἀπειλαὶ
1147 1963 1260 1999 πολλοὶ
1283 1963 1326 2009 δὴ
1367 1964 1410 2010 δή
1430 1977 1462 1999 v,
1482 1963 1568 1998 καί.
1589 1976 1676 1998 τε...
1692 1963 1734 2010 δή
1754 1976 1784 1996 v,
1805 1975 1853 1997 τε.
1875 1966 1944 1995 Iam
1963 1973 2206 2004 nonnunquam
2233 1965 2258 1984 V

312 2012 425 2060 μάτην
443 2010 486 2047 ἔπ
529 2009 787 2058 κατηπείλησαν
806 2013 860 2045 OC
879 2010 959 2045 658.
980 2012 1055 2047 ἐπεὶ
1081 2012 1186 2058 πέραν
1205 2009 1331 2058 περῶσ’
1366 2015 1505 2045 sermone·
1526 2023 1586 2053 per
1612 2013 1899 2052 interroyationevn
1924 2012 2161 2051 constituitu13
2190 2019 2215 2042 s

311 2058 383 2094 οἵδε
412 2058 456 2105 δή
473 2024 554 2094 8⁷86.
572 2061 634 2092 LA
665 2063 794 2104 περῶσι
823 2058 889 2104 δή,
928 2060 1028 2092 Tricl.
1062 2058 1160 2105 δῆτα.
1179 2062 1324 2092 Brunck.
1366 2062 1401 2092 in
1419 2061 1647 2100 interrogandi
1673 2060 1823 2091 formulis
1841 2059 1921 2090 alias
1945 2059 2009 2090 alia
2025 2058 2203 2098 significat.
2242 2059 2259 2102 ζ

310 2110 398 2141 bene
412 2108 615 2148 adsensum,
633 2107 781 2139 sedcuxn
795 2108 1002 2146 ignoratione
1016 2118 1134 2140 versus
1148 2108 1328 2140 dochmiaci
1367 2106 1410 2152 δή
1440 2118 1482 2152 με
1514 2106 1573 2140 καὶ
1606 2104 1848 2152 βεβούλευνται
1881 2107 2010 2146 ποιεῖν;
2040 2106 2094 2137 ΕΙ.
2124 2102 2204 2138 385.
2236 2104 2248 2143 Γ,

311 2158 459 2201 περῶσιν
486 2153 575 2201 ἤδη,
605 2155 707 2187 Seidl.
737 2155 778 2186 de
797 2164 882 2186 vers.
912 2156 1040 2187 dochm.
1074 2166 1107 2196 p.
1128 2152 1197 2187 278
1214 2159 1329 2201 περῶ-
1364 2153 1496 2195 τέκνον,
1523 2152 1624 2188 ποίαν
1651 2148 1684 2198 μ’
1711 2152 1892 2187 ἀνάστασιν
1918 2151 2034 2190 δοκεῖς
2051 2154 2190 2196 στῆναι,
2221 2156 2228 2165 ”
2251 2157 2258 2198 j

313 2213 363 2236 σιν
380 2200 451 2248 ἤδη
476 2200 600 2247 πέραν;
629 2202 755 2242 Reisig.
785 2205 933 2247 περῶσιν
959 2201 1071 2248 δίκης,
1100 2206 1134 2234 et
1159 2203 1278 2242 frigide
1296 2206 1330 2234 et
1366 2203 1505 2234 Minime
1529 2203 1620 2234 enim
1647 2199 1685 2234 σὺ
1712 2199 1754 2244 δή
1782 2201 1976 2240 cohaerent;
2005 2201 2064 2232 sed
2088 2200 2144 2232 hic
2167 2208 2256 2243 sen„

312 2251 488 2283 violenter.
506 2250 626 2282 Elmsl.
643 2249 758 2281 Herm.
772 2250 875 2281 Dind.
893 2247 964 2283 οἵδε
975 2248 1032 2294 δή.
1047 2244 1094 2283 ὅτ’
1109 2247 1167 2283 οὖν
1183 2247 1326 2289 ὤλοντο,
1367 2250 1442 2281 haec
1467 2259 1542 2280 cum
1566 2250 1648 2281 talia
1671 2251 1792 2288 essent,
1824 2247 1983 2288 quomodo
2008 2257 2059 2278 me
2081 2255 2192 2287 eoepm

313 2295 381 2343 ἐγὼ
396 2295 510 2343 κράτη
535 2294 579 2342 δὴ
598 2294 707 2329 πάντα
723 2294 783 2329 καὶ
805 2293 950 2342 θρόνους
975 2294 1047 2343 ἔχω
1073 2298 1154 2329 Ant.
1179 2293 1244 2328 173
1263 2299 1330 2329 iam
1364 2298 1489 2337 putas?
1513 2295 1545 2330 οἱ
1562 2294 1737 2341 τηλικοίδε
1761 2294 1819 2328 καὶ
1838 2291 2065 2339 διδαξόμεσθα
2089 2292 2132 2339 δὴ
2156 2303 2216 2339 πρ

311 2354 370 2388 eqo
386 2354 486 2385 τερηο
499 2345 619 2386 potior.
640 2341 768 2390 ἄγομαι
787 2341 831 2387 δή
849 2340 917 2376 939
930 2354 974 2376 m.
995 2343 1055 2378 καὶ
1073 2342 1116 2389 δὴ
1133 2338 1182 2377 ’πὶ
1200 2342 1331 2376 δισσαῖς
1365 2343 1485 2385 τοῦδε;
1523 2345 1603 2376 Ant.
1633 2340 1701 2375 726
1747 2352 1862 2382 nempe
1890 2341 2102 2374 docebimur?
2133 2350 2209 2373 cum
2226 2339 2253 2386 ⁵.

312 2389 356 2436 ἦν
373 2389 498 2429 πύλαις
512 2392 568 2424 Ai.
581 2387 638 2424 49.
654 2385 729 2424 τάδ’
746 2388 943 2436 ἀντίπρῳρα
955 2390 998 2435 δή
1017 2402 1069 2425 σοι
1087 2389 1222 2436 βλέπειν
1241 2389 1331 2437 πάρ-
1366 2393 1506 2423 dictum.
1557 2392 1597 2422 lCt
1622 2401 1697 2422 cum
1724 2390 1882 2422 vocabulo
1908 2389 2145 2428 interrogative
2169 2387 2255 2425 dici.

314 2435 378 2472 εστ’
406 2437 534 2485 ἐναργῆ
559 2439 614 2471 Tr.
636 2435 705 2470 223
723 2438 796 2478 ch.;
825 2439 914 2480 quod
931 2439 1089 2480 quidem,
1111 2443 1149 2471 ut
1166 2443 1240 2480 post
1257 2448 1331 2470 me-
1367 2437 1494 2484 πότερα
1520 2437 1562 2484 δὴ
1588 2441 1766 2482 κερτομῶν
1797 2435 1908 2482 λέγεις
1929 2434 2033 2477 τάδε,
2068 2435 2130 2467 Ph.
2155 2432 2171 2467 1
2226 2433 2252 2461 '³³

314 2487 470 2519 meranda
490 2482 590 2519 1046.
615 2482 717 2526 1192,
738 2485 841 2517 etiam
866 2487 1053 2518 tralationis
1078 2489 1189 2528 potest
1215 2496 1331 2518 exem·
1366 2485 1473 2530 νόμου
1501 2484 1543 2531 δὴ
1569 2487 1679 2519 ταῦτα
1703 2484 1787 2530 πρὸς
1812 2484 1913 2531 χάριν
1936 2481 2045 2529 λέγω;
2076 2483 2158 2515 Ant.
2193 2481 2200 2495 '
2216 2482 2244 2509 Η

315 2534 411 2576 plum
419 2543 504 2567 esse.
550 2536 639 2578 ρονῶ
650 2530 694 2577 δὴ
713 2531 779 2577 ξυμ
809 2534 890 2578 ορᾶς
907 2527 950 2566 ἵν’
968 2531 1112 2578 ἕσταμεν
1134 2530 1234 2566 1145.
1252 2533 1332 2565 Post
1367 2535 1448 2574 leyis
1466 2534 1591 2573 1‘9itwr?
1616 2530 1661 2576 [v.
1684 2533 1724 2564 de
1743 2533 1802 2564 hoc
1819 2531 2000 2573 particulae
2017 2540 2080 2562 usu
2099 2530 2188 2562 Baeu
2200 2545 2215 2557 ιι
2234 2550 2236 2554 -

316 2582 416 2613 verba
433 2578 485 2614 ὅτι
500 2544 571 2626 ἤδη
588 2577 632 2613 τὰ
650 2579 712 2624 μὲν
731 2577 772 2613 ἐκ
782 2543 904 2625 ςδόμων
922 2582 1017 2614 νοσεῖ
1034 2581 1086 2613 El.
1112 2578 1202 2612 1070
1226 2581 1329 2612 unius
1346 2557 1349 2603 ί
1368 2584 1452 2621 part.
1474 2591 1506 2621 p.
1527 2577 1592 2612 103
1607 2578 1674 2623 sq.]
1698 2580 1868 2611 Postremo
1886 2587 2074 2610 sermonem
2089 2577 2202 2609 instit
2237 2596 2250 2622 πὶ

316 2629 461 2667 syllabae
486 2629 641 2661 lacunam
666 2628 819 2670 explevit
844 2628 945 2660 Tricl.
974 2628 1086 2660 addito
1111 2626 1168 2673 δή.
1204 2625 1264 2661 καὶ
1288 2625 1330 2669 δὴ
1368 2628 1485 2660 cedere
1509 2628 1589 2659 facit
1614 2637 1673 2668 per
1698 2627 1951 2668 responsionem
1974 2626 2016 2657 ad
2039 2625 2141 2656 verba
2163 2623 2196 2657 al
2221 2644 2223 2646 -

315 2672 464 2708 τελεῖται
489 2669 568 2709 τάπ’
593 2672 680 2719 ἐμοῦ
708 2671 798 2707 1464
816 2676 858 2707 cf.
880 2676 995 2707 Herm.
1018 2673 1036 2708 ὁ
1064 2673 1107 2720 δή
1132 2672 1234 2712 νόθος
1257 2676 1332 2712 τοῖς
1368 2678 1588 2716 spectantem.
1617 2674 1673 2706 OC
1690 2670 1758 2706 809
1783 2675 1849 2705 iam
1875 2673 1940 2704 alia
1962 2673 2003 2704 de
2026 2681 2125 2704 causa
2149 2679 2224 2712 app
2243 2675 2246 2677 '
2267 2674 2271 2680 ”

315 2719 467 2768 γνησίοις
492 2720 567 2756 ἴσον
593 2718 707 2756 σθένει
729 2722 845 2754 Alead.
870 2719 947 2763 108,
972 2719 1002 2754 1.
1041 2723 1116 2754 Iam
1131 2731 1206 2754 vero
1223 2725 1333 2754 vertas
1369 2722 1423 2755 OC
1438 2719 1502 2754 173
1520 2732 1573 2753 an.
1602 2732 1677 2752 cum
1696 2721 1846 2761 Oedipus
1863 2720 2009 2752 dixisset
2032 2715 2197 2764 πρόσθιγέ
2236 2730 2249 2759 ’4

315 2771 352 2802 in
377 2770 518 2802 iubendi
542 2769 764 2810 hortandique
788 2770 953 2801 formulis.
979 2773 1152 2816 χωρῶμεν
1179 2767 1222 2814 δὴ
1252 2766 1332 2814 [ἤδη
1370 2770 1539 2810 Antigone
1565 2769 1744 2809 respondet
1769 2765 1870 2813 ψαύω
1894 2764 1953 2800 καὶ
1979 2764 2036 2811 δή.
2077 2766 2130 2798 ΕΙ.
2151 2761 2233 2807 317]

318 2816 390 2856 LA,
411 2814 450 2850 δέ
465 2827 484 2849 a
500 2827 544 2849 m.
566 2816 632 2859 pn]
662 2815 784 2853 πάντες
802 2814 942 2854 ἀολλεῖς
959 2817 1020 2848 Ph.
1045 2812 1133 2848 1469
1150 2826 1204 2848 an.
1227 2814 1334 2862 φράζε
1369 2817 1451 2848 dicit
1470 2814 1593 2861 ἱστόρει
1615 2813 1648 2848 τί
1666 2825 1718 2848 σοι
1735 2813 1847 2860 φίλον,
1874 2814 2055 2854 respondet
2072 2813 2190 2846 chorus
2234 2830 2249 2860 ·3

318 2861 362 2908 δὴ
388 2861 421 2896 τί
446 2857 515 2910 φῄς
531 2863 589 2896 OR
605 2860 685 2896 655.
708 2857 783 2909 φέρ’
807 2862 882 2897 εἰπὲ
908 2862 951 2910 δή
979 2874 1038 2907 μοι
1054 2864 1136 2896 Ant.
1158 2860 1238 2896 534.
1261 2860 1334 2909 φέρ’
1369 2861 1499 2908 ἐρωτῶ.
1527 2864 1580 2895 El.
1606 2859 1694 2894 1436
1720 2863 1873 2894 Electra:
1903 2853 1927 2908 ᾖ
1950 2862 2043 2897 νοεῖς
2069 2857 2183 2906 ἔπειγέ

317 2908 392 2943 εἰπὲ
411 2908 454 2956 δὴ
472 2910 512 2944 τὸ
530 2908 638 2944 δεινόν
655 2911 708 2943 El.
730 2908 810 2943 376.
832 2908 966 2951 δίδαξον
985 2909 1028 2955 δή
1047 2908 1100 2955 [δέ
1118 2911 1177 2942 LA
1194 2910 1259 2952 pr.]
1291 2921 1333 2955 με
1370 2911 1511 2951 spondet
1528 2910 1663 2942 Orestes
1687 2908 1747 2943 καὶ
1772 2908 1814 2954 δὴ
1842 2907 1986 2953 βέβηκα.
2009 2925 2113 2939 -.-
2131 2907 2146 2949 ΙΙ
2162 2907 2221 2939 Ia

317 2953 397 2989 534.
428 2955 546 3004 ἔπαιρε
563 2956 606 3003 δὴ
626 2956 665 2991 σὺ
683 2955 822 3004 θύματα
839 2955 919 2990 634.
949 2952 1021 3002 βᾶτ’
1035 2955 1094 2996 ἐἰς
1120 2955 1198 2991 ὁδὸν
1225 2955 1268 3002 δή
1287 2958 1329 2989 fr.
1370 2959 1454 2989 catio
1469 2958 1652 2999 particulae
1670 2958 1769 2988 tertia
1785 2956 2037 2987 determinativa
2061 2964 2128 2986 non
2152 2957 2252 2990 tem·

318 3004 385 3036 inc.
407 3001 486 3036 724.
516 3006 593 3037 Iam
616 3006 669 3036 vel
695 3006 830 3038 tandem
847 3006 1050 3046 explicueris
1075 3005 1112 3036 in
1130 3005 1202 3036 his:
1232 3003 1250 3038 ὁ
1269 3003 1332 3048 μὲν
1369 3014 1434 3046 que
1459 3005 1579 3036 actioni
1605 3004 1790 3035 secundum
1820 3007 2009 3044 temporum
2041 3002 2149 3043 spatia
2169 3001 2252 3043 deff]
2275 3002 2285 3046 J

346 3049 443 3096 ρόνος
467 3049 510 3097 δή
539 3049 614 3096 [οὖν
633 3050 708 3097 LA]
734 3050 789 3086 διὰ
815 3051 941 3099 χρόνου
961 3049 1083 3096 [πόνου
1101 3049 1203 3095 ch.]
1222 3048 1332 3096 πρού-
1368 3053 1492 3092 servit,
1530 3052 1587 3083 sed
1611 3061 1719 3082 rerum
1743 3060 1912 3082 mensurae
1938 3052 1971 3081 et
1995 3048 2167 3088 ἀίρηὶιαιί,
2196 3056 2254 3088 (ιν,
2269 3048 2278 3091 J

318 3061 414 3143 βαινέ
441 3109 498 3143 μοι
523 3099 585 3131 Ph.
606 3096 687 3131 285.
709 3100 861 3132 Tarditas
883 3100 975 3131 enim
993 3100 1152 3141 temporis
1169 3099 1332 3140 paulatim
1370 3109 1456 3139 non,
1490 3102 1528 3131 ut
1554 3099 1719 3139 prioribus
1750 3098 1818 3129 illis
1849 3096 2151 3136 significationibus
2183 3091 2288 3143 ‹sn-43⁴

319 3147 567 3186 praetereuntis
593 3147 812 3186 significatur.
850 3144 970 3190 ἐπειδὴ
1001 3148 1062 3179 τοῦ
1089 3147 1202 3179 κακοῦ
1236 3143 1333 3178 δοκεῖ
1369 3146 1427 3178 sed
1444 3156 1519 3178 cum
1538 3144 1647 3191 δῆτα
1665 3149 1754 3176 recte
1769 3145 1988 3185 componitur.
2012 3142 2232 3174 Pronomt'm
2271 3141 2276 3184 .

319 3189 417 3237 λήθη
441 3202 492 3229 τις
517 3190 603 3226 εἶναι
626 3191 832 3227 κάνάπαυλα
858 3192 901 3238 δή
927 3190 1008 3226 878.
1036 3195 1094 3226 νῦν
1121 3186 1149 3225 δ’
1174 3190 1217 3226 αὖ
1244 3190 1333 3236 μόνα
1365 3194 1564 3233 personalia.
1595 3190 1665 3225 ἔστι
1688 3191 1757 3237 νῷν
1776 3190 1818 3236 δὴ
1885 3188 2012 3235 πατρὸς
2029 3187 2181 3234 ἔμφυτον
2201 3206 2207 3215 -ι
2242 3188 2286 3240 942

321 3237 363 3285 δὴ
381 3239 430 3272 νὼ
447 3236 657 3284 λελειμμένα
668 3241 750 3272 Ant.
763 3238 820 3273 58.
843 3239 885 3285 δή
904 3249 965 3272 nec
984 3241 1024 3272 ad
1039 3242 1098 3273 νῦν
1113 3249 1174 3272 nee
1186 3240 1226 3272 ad
1245 3237 1333 3283 μόνα
1366 3238 1478 3278 νάζειν
1504 3239 1558 3271 OC
1580 3236 1668 3271 1670
1687 3249 1730 3270 m.
1763 3239 1861 3270 Nobis
1877 3241 1958 3269 certe
1971 3261 1978 3275 ‚
2006 3237 2119 3276 inquit
2132 3261 2140 3276 ‚
2174 3236 2203 3268 εἰ
2224 3237 2245 3261 ff
2260 3235 2287 3283 ᾗ·

319 3286 553 3318 referendum:
583 3296 704 3319 sensus
728 3289 818 3320 enim
843 3288 992 3328 postulat
1016 3289 1172 3328 quoniam
1196 3296 1232 3318 eo
1258 3289 1333 3318 tan·
1369 3285 1406 3320 δὲ
1432 3285 1475 3331 δὴ
1500 3285 1607 3332 τάφον
1631 3279 1781 3332 χώσουσ’
1813 3283 1956 3330 ἀδελφῷ
1973 3281 2185 3328 πορεύσομαι
2231 3310 2281 3331 4,

320 3333 394 3365 dem
410 3342 460 3365 res
472 3335 632 3374 pervenit,
659 3338 696 3366 ut
712 3335 799 3366 solae
815 3336 958 3376 reliquae
975 3335 1088 3367 simu-³.
1126 3334 1225 3366 Porro
1243 3329 1330 3366 tem-
1369 3331 1407 3366 σὲ
1424 3331 1480 3379 δή,
1514 3332 1551 3366 σὲ
1573 3332 1637 3377 τὴν
1662 3331 1825 3366 νεύουσαν
1849 3330 1884 3368 ἐς
1908 3329 2011 3364 πέδον
2035 3328 2125 3375 κάρα
2142 3325 2213 3374 (κρί
2239 3339 2277 3373 43.

319 3381 431 3421 potale
445 3383 497 3413 est
513 3390 589 3413 cum
605 3382 806 3422 quibusdam
820 3380 1014 3414 nominibus
1028 3381 1238 3414 adverbiisve
1251 3390 1330 3412 con·
1367 3378 1450 3414 οὐδὲ
1466 3378 1528 3425 μὲν
1553 3378 1595 3425 δὴ
1612 3379 1674 3424 τὴν
1693 3373 1751 3424 ἀφ’
1775 3377 1876 3423 ἡλίου
1897 3376 2007 3423 βολῶν
2025 3373 2191 3411 κέλευθον
2212 3392 2218 3402 1
2242 3371 2280 3427 ,ἶ

319 3428 474 3460 iunctum
498 3430 632 3470 tempus
664 3429 944 3468 significantibus.
981 3425 1078 3474 πάθη
1105 3426 1166 3473 μὲν
1195 3425 1253 3461 οὖν
1287 3426 1330 3474 δὴ
1366 3425 1426 3462 λοῖ
1441 3428 1496 3459 Ai.
1518 3424 1598 3460 877.
1629 3426 1666 3460 σὲ
1691 3425 1734 3472 δή
1758 3424 1800 3459 τὰ
1827 3423 1919 3458 δεινὰ
1945 3418 2069 3471 ῥήματ’
2092 3420 2208 3469 άγγέλ
2229 3423 2266 3467 72⁴<

2227 3480 2252 3494 ,e
2273 3478 2275 3480 “
