2288 3600
230 119 326 166 714

229 245 262 275 p.
287 231 385 274 1711,
423 234 518 265 Phot.
548 235 659 264 autem
691 229 892 271 τάλιδος,
926 233 989 276 τῆς
1016 227 1236 276 μελλογάμου

226 279 342 325 (vulgo
360 279 589 326 μεσογάμου),
618 289 660 311 ex
679 279 901 320 Aristophane
919 278 1158 310 documentum
1175 286 1236 317 pe-

227 332 315 367 tens,
333 338 365 369 p.
380 325 459 368 567,
476 325 530 359 17.
554 324 683 369 [τᾶλιςε
704 323 919 371 μελλὲγαμος
931 325 1050 357 Arcad.
1068 335 1101 366 p.
1116 321 1172 365 33,
1185 321 1237 368 6.]

225 376 255 407 A
271 373 390 408 ταλάω
419 375 517 407 Eust.
540 375 663 415 repetit
680 384 713 414 p.
735 370 814 412 962,
837 370 893 405 35.
923 383 966 405 ex
986 372 1088 413 Soph.
1110 381 1236 403 memo-

225 424 307 454 riter
324 426 358 454 et
375 432 450 453 cum
468 431 576 453 errore
593 422 737 452 afferens
763 417 1004 465 μελλόνυμφον
1022 430 1055 461 p.
1076 415 1156 459 699,
1176 415 1232 451 26.

226 471 290 511 Ap.
314 469 407 501 Suid.
429 479 462 501 V.
482 466 577 505 τᾶλις
603 468 781 508 scriptum,
811 471 848 498 ut
871 468 907 498 in
926 467 1038 507 libris,
1066 470 1106 498 ut
1123 469 1235 497 tamen

225 518 259 548 id
277 520 376 558 caput
394 519 500 548 totum
526 527 545 547 a
562 516 720 547 Leidensi
739 515 808 546 cod.
829 515 927 546 absit.
966 514 1076 545 Livin.
1099 514 1182 544 liber
1199 522 1232 553 p.

223 561 361 610 νύμφης
386 573 453 595 non
479 563 597 604 habet,
627 572 690 594 nec
707 563 821 593 minus
847 565 962 593 tamen
977 562 1063 592 bene
1083 560 1236 592 Triclinii

225 612 307 643 ratio
333 613 482 651 constat,
510 619 702 652 quanquam
722 609 903 641 verisimile
929 611 999 649 est,
1027 605 1165 653 νύμφης
1193 617 1237 639 ex

224 659 505 700 interpretatione
518 658 555 689 in
568 658 668 689 verba
679 660 798 697 poetae
815 657 991 696 invasisse,
1015 652 1234 701 μελλογάμου

225 715 291 737 non
308 706 409 745 item,
439 705 526 746 quod
543 705 662 736 Pollux
679 701 712 744 3,
733 699 790 735 45.
820 714 854 745 p.
877 700 942 735 117
967 712 1010 734 ex
1029 702 1129 743 Soph.
1151 703 1234 734 affe-

225 762 304 785 rens
323 749 551 798 μελλονύμφη
569 753 825 793 interpretatur.

294 815 448 860 Τάλως
474 833 508 855 n.
530 833 582 864 pr.
610 823 694 854 Eius
722 822 849 853 mentio
871 822 907 852 in
924 820 1070 852 Daedalo
1089 821 1130 851 fr.
1153 816 1231 852 171.

226 868 304 906 172.
334 871 422 902 facta
448 874 600 902 narratur
625 869 715 910 apud
741 869 843 901 schol.
880 868 1027 899 Platonis
1054 877 1087 908 p.
1109 864 1177 899 396
1202 870 1237 898 et

225 919 327 950 schol.
348 918 459 958 Apoll.
482 918 545 948 Rh.
566 914 599 957 4,
624 913 724 957 1638,
751 916 840 957 apud
857 925 957 956 quem
975 915 1062 956 quod
1080 915 1236 946 scribitur

226 963 260 999 ἐν
278 962 395 1006 Τάλῳ,
424 965 498 996 iure
515 965 706 996 Brunckius
723 963 876 995 correxit.

295 1016 418 1068 Τᾶμΐ
431 1035 479 1061 ας
497 1023 713 1063 dispensator.
739 1019 803 1055 οὐκ
821 1019 909 1054 ἔστιν
922 1018 1013 1065 πλὴν
1027 1017 1106 1057 Διὸς
1125 1017 1237 1057 οὐδεὶς

223 1075 292 1105 τῶν
318 1068 512 1116 μελλόντων
536 1068 674 1115 ταμίας,
702 1068 753 1103 ὅτι
769 1068 839 1115 χρὴ
864 1065 1062 1101 τετελέσθαι
1095 1068 1170 1099 Ter.
1192 1067 1234 1100 fr.

223 1116 303 1158 515,
324 1115 357 1150 4.
379 1136 422 1141 -
439 1117 496 1151 τὸν
519 1115 642 1162 ταμίαν
662 1111 803 1164 Ἴακχον
823 1117 903 1148 Ant.
926 1112 1016 1147 1152
1034 1115 1083 1146 ch.
1114 1113 1238 1147 δεσπό-

223 1177 298 1211 την,
315 1166 442 1198 rectius
459 1162 577 1207 κύριον
595 1168 671 1205 apte
688 1164 856 1196 advocatis
874 1163 949 1195 aliis
966 1166 1139 1203 poetarum
1155 1162 1236 1194 locis

223 1214 371 1254 explicat
387 1213 536 1254 Musgr.,
566 1213 619 1244 cui
646 1213 730 1244 adde
749 1211 856 1243 Tafel.
877 1210 997 1242 dilucc.
1026 1209 1124 1242 Pind.
1153 1212 1179 1242 t.
1202 1206 1233 1240 1.

223 1271 257 1302 p.
281 1257 359 1293 186.
387 1260 518 1300 Pflugk.
539 1260 580 1292 ad
598 1260 681 1291 Eur.
702 1259 792 1291 Med.
817 1254 894 1290 168.

294 1327 388 1375 Ταμ
401 1327 486 1364 ιεύε
498 1341 614 1364 σκον.
666 1327 726 1362 καὶ
758 1326 871 1374 Ζηνὸς
902 1324 1103 1372 ταμιεύεσκε
1136 1325 1237 1372 γονὰς

222 1376 453 1425 χρυσορύτους
471 1378 553 1410 Ant.
571 1374 640 1409 950
650 1377 701 1409 cli.
723 1377 763 1408 de
777 1378 905 1408 Danae.
923 1376 1025 1407 schol.
1041 1387 1047 1406 z
1069 1372 1143 1408 ἀντὶ
1159 1376 1233 1416 τοῦ,

224 1417 260 1459 ἔν
284 1422 371 1472 αὑτῇ
396 1422 469 1471 εἶχε
493 1423 554 1462 τὰς
578 1421 679 1469 γονὰς
702 1425 763 1457 τοῦ
790 1419 879 1461 Διός,
917 1419 935 1455 ὅ
962 1420 1050 1455 ἐστιν
1077 1419 1236 1468 ἔγκυος

222 1471 284 1517 ἦν.
320 1473 458 1505 Rectius
476 1475 548 1504 erat
571 1473 780 1512 deprompsit,
813 1473 976 1512 quantum
992 1470 1152 1509 cupiebat,
1173 1470 1237 1500 eli-

223 1522 302 1561 cuit,
327 1522 362 1552 in
374 1530 406 1552 se
423 1521 562 1552 avertit:
590 1520 632 1551 cf.
649 1519 822 1559 Wyttenb.
840 1518 881 1550 ad
894 1518 982 1550 Plut.
998 1526 1109 1558 praec.
1127 1520 1233 1549 sanct.

223 1567 342 1600 tuend.
362 1577 395 1608 p.
420 1564 497 1607 131,
517 1567 561 1599 D.

293 1623 380 1660 Τάν
406 1636 435 1658 s.
461 1626 522 1658 τᾶν
549 1636 580 1658 v,
609 1624 649 1658 ὦ.

293 1681 598 1731 [**Ταναϋφής
627 1686 734 1715 textus
762 1684 798 1714 in
826 1683 980 1722 lonyum,
1015 1685 1053 1712 ut
1084 1682 1232 1723 fluctuet.

222 1731 380 1778 ταναῦφῆ
398 1729 528 1765 πέπλον
547 1732 604 1764 Tr.
617 1728 686 1763 602
700 1731 800 1762 Dind.
818 1740 846 1763 c.
859 1730 1029 1761 Wundero
1047 1739 1105 1770 pro
1123 1726 1234 1773 εύυφῆ

249 1805 255 1811 .
277 1790 304 1812 s.
329 1790 360 1812 v.

222 1790 244 1821 q
293 1779 520 1874 Τάέτᾶλος
547 1847 579 1870 n.
602 1846 650 1878 pr.
679 1833 740 1869 τάν
763 1832 914 1881 Φρυγίαν
938 1833 1034 1875 ξέναν
1059 1831 1235 1868 Ταντάλου

223 1885 306 1918 Ant.
326 1882 395 1918 825
413 1895 458 1917 m.
486 1885 629 1917 Nioben.
652 1902 692 1907 —
713 1881 758 1927 [V.
780 1884 883 1915 Dind.
906 1883 947 1915 ad
966 1884 1004 1914 fr.
1026 1883 1092 1914 inc.
1114 1878 1209 1924 964]

295 1951 440 1989 Tem-:0⁰2
451 1952 538 1989 λόω
573 1956 706 1986 iactare.
751 1951 916 1987 ἀντίτυπα
946 1948 970 1986 δ’
1003 1950 1059 1986 ἐπὶ
1084 1950 1128 1998 γᾷ
1154 1949 1235 1985 πέσε

221 2000 452 2040 τανταλωθεὶς
469 2000 645 2049 πυρφόρος
662 2002 743 2033 Ant.
768 1998 832 2034 135
852 2002 902 2032 ch.
934 2000 1044 2033 Schol.
1064 2000 1236 2041 explicant

223 2046 445 2091 διασεισθείς,
476 2053 509 2081 et
534 2052 713 2089 cognatum
739 2052 791 2081 est
808 2045 1025 2088 τανταλίζειν,
1056 2047 1146 2079 unde
1162 2047 1234 2079 He-

223 2098 313 2138 sych.
344 2094 669 2141 ἐτανταλίσθη,
703 2093 861 2140 ἐσείσθη;
900 2096 936 2127 id
961 2098 995 2127 et
1019 2095 1236 2127 intransitiva

222 2148 390 2186 potestate
408 2144 611 2186 praeditum,
630 2153 697 2184 qua
715 2144 756 2176 de
773 2153 809 2175 re
827 2143 918 2175 idem
935 2139 1192 2180 ἐταντάλιζε
1203 2151 1231 2182 ν,

223 2189 374 2238 ἔτρεμεν.
408 2192 439 2223 Α
454 2188 619 2225 τάλαντον
648 2191 787 2222 ductum
805 2190 937 2232 proprie
963 2189 1105 2221 libranda·
1129 2190 1236 2228 signi-

223 2240 378 2272 ficatione
394 2239 446 2272 uti
463 2238 658 2271 verisimilis
675 2238 842 2270 Erfurdtii
860 2237 1033 2270 sententia
1050 2242 1114 2269 est.

295 2295 436 2332 Τανῦν
463 2308 493 2329 v.
514 2298 586 2330 νῦν.

295 2353 326 2391 Τ
334 2349 476 2390 ἆνύπο
487 2367 532 2394 υς
549 2357 646 2395 lo‘nyo
663 2366 690 2387 s.
711 2358 840 2387 extenso
856 2364 970 2396 yressu
987 2354 1148 2386 incedens.
1178 2364 1236 2387 σε-

225 2402 312 2450 μνὰς
335 2400 468 2450 Ἐρινῦς
483 2399 676 2440 τανύποὸας
693 2403 748 2434 Ai.
770 2398 850 2434 837.
888 2403 940 2434 De
958 2412 996 2434 eo
1015 2404 1049 2433 et
1067 2402 1235 2433 similibus

223 2452 402 2483 Furiarum
428 2451 657 2492 cognomentis
683 2461 715 2481 v.
737 2449 899 2481 Abresch.
928 2449 970 2481 ad
987 2449 1109 2481 Aesch.
1131 2449 1231 2481 Eum.

224 2495 303 2531 374.
326 2502 361 2530 et
375 2498 549 2537 Wyttenb.
570 2498 612 2529 ad
627 2497 718 2529 Plut.
746 2496 787 2528 de
805 2506 870 2528 ser.
891 2506 985 2529 num.
1005 2496 1099 2528 vind.
1120 2506 1153 2537 p.
1178 2493 1231 2527 17.

223 2544 264 2588 (t.
284 2542 319 2578 2.
338 2555 372 2586 p.
394 2542 463 2577 488
481 2542 607 2587 Lips.).
651 2544 830 2586 Duplicem
857 2544 932 2575 eius
958 2544 1108 2576 vocabuli
1134 2543 1235 2583 origi-

223 2593 395 2624 nationem
409 2595 540 2624 veteres
560 2591 801 2633 procuderunt.
830 2590 1030 2632 Apollonius
1050 2591 1119 2622 lex.
1133 2590 1231 2621 Hom.

223 2650 257 2682 p.
274 2636 355 2672 636.
382 2649 456 2672 ταν
469 2636 611 2672 ύποδα
633 2636 712 2681 (scr.
739 2635 954 2680 ταναύποδα)
986 2635 1003 2671 ὁ
1024 2635 1086 2681 μὲν
1105 2633 1235 2671 Ἀπίων

222 2684 448 2720 ταναόποδ
460 2697 499 2727 α,
528 2684 546 2719 ὁ
566 2684 603 2718 δὲ
620 2681 835 2731 (Ηλιόδωρος
852 2683 1133 2732 προσεχέστερον,
1160 2695 1235 2717 τα-

222 2730 304 2767 νύπ
315 2744 332 2767 ο
344 2732 413 2774 δα,
440 2730 609 2780 τεταμένη
634 2731 680 2779 τῇ
697 2732 819 2778 πορείᾳ
834 2732 1000 2778 χρώμενα
1015 2734 1085 2764 τῶν
1103 2729 1232 2764 ποδῶν.

222 2781 431 2813 Villoisonus
448 2780 610 2821 quomodo
635 2781 717 2812 haec
735 2780 960 2818 constituerit,
986 2779 1113 2819 ignoro,
1135 2778 1235 2810 Tollii

223 2831 336 2860 autem
362 2829 459 2867 ratio,
493 2824 692 2860 ταναύποδα
724 2836 783 2868 pro
814 2823 1011 2860 ταναόποδα
1044 2825 1235 2865 corrigendo

224 2874 464 2907 substituentis
499 2877 534 2906 et
565 2875 601 2918 in
628 2875 768 2915 antiqua
799 2874 984 2915 scripturae
1009 2873 1236 2913 discrepantia

223 2922 391 2964 Apionem
415 2918 625 2962 ταναύποδα,
655 2921 874 2953 Heliodorum
898 2917 1074 2953 τανύποδα
1097 2922 1234 2960 praetu-

222 2969 303 3001 lisse
321 2969 559 3007 existimantis,
581 2969 722 3000 minime
734 2968 929 3000 verisimilis
943 2971 1005 3008 est,
1027 2969 1062 2999 et
1079 2967 1160 3008 quia
1177 2967 1235 2998 vix

224 3017 382 3058 cuiquam
400 3016 437 3047 in
454 3018 604 3046 mentem
629 3015 744 3047 venire
761 3016 873 3057 potuit
897 3011 1072 3048 τανύποδα
1096 3014 1235 3046 adverso

223 3066 330 3094 metro
348 3063 384 3094 in
401 3063 585 3094 Homerum
602 3062 743 3103 inferre,
773 3065 808 3094 et
825 3063 904 3103 quia
921 3071 986 3093 non
1005 3061 1087 3093 satis
1104 3061 1234 3093 intelli-

224 3111 314 3150 gitur
338 3119 396 3141 cur
411 3110 464 3141 bis
482 3109 623 3142 eandem
649 3110 846 3150 scripturam
868 3109 1022 3150 posuerit
1039 3108 1234 3148 grammati—

224 3167 295 3189 cus.
332 3155 401 3188 Sed
417 3159 490 3188 erat
507 3165 586 3196 una,
611 3150 829 3196 ταναύποδα,
857 3159 898 3189 ut
914 3158 992 3188 ante
1010 3156 1230 3195 correximus,

224 3213 365 3245 eamque
390 3203 431 3235 de
454 3204 564 3243 lonqis
586 3204 735 3237 cruribus
760 3203 856 3244 Apio,
885 3202 1087 3234 Heliodorus
1111 3202 1153 3234 de
1177 3211 1233 3233 ezc-

223 3254 312 3283 temo
335 3260 449 3291 pressu
463 3251 760 3291 interpretabatur.
802 3250 856 3283 Sic
873 3250 975 3282 schol.
996 3249 1094 3281 Hom.
1115 3249 1175 3281 Od.
1197 3260 1230 3282 α.

222 3294 314 3330 464:
338 3295 534 3342 τεταμένοις
557 3299 631 3334 τοῖς
656 3296 736 3331 ποσὶ
761 3294 953 3341 βαδίζοντα,
980 3293 1004 3341 ἢ
1030 3294 1041 3329 ἰ
1087 3293 1230 3336 νόποδα,

223 3341 248 3389 ἢ
281 3341 526 3378 τανόποδα·
559 3342 689 3378 τανὸν
713 3341 778 3390 γὰρ
802 3342 840 3377 τὸ
865 3340 1047 3389 ἐπίμηκες.
1090 3343 1234 3384 quibus-

223 3401 302 3424 cum
317 3391 535 3434 comparanda
550 3391 660 3432 glossa
674 3391 822 3432 Hesychi
844 3383 1043 3424 ταναύποδα
1056 3399 1064 3421 :
1088 3387 1234 3435 τεταμέ-

1017 111 1178 167 Τάλως
1207 141 1267 148 ——
1297 110 1492 178 Τάριχος

1943 122 1991 168 [11
2010 135 2043 166 p.
2066 121 2280 170 usa-784]

1273 239 1344 266 νοις
1369 230 1442 266 τοῖς
1468 226 1548 262 ποσὶ
1571 225 1659 261 κατὰ
1684 227 1747 273 τὴν
1774 226 1997 274 οἱδοπορίαν.]
2026 229 2174 262 Eudocia
2189 230 2277 264 Viol.

1272 286 1306 317 p.
1327 273 1404 308 152.
1425 286 1469 308 ex
1485 276 1586 308 Aiace
1606 275 1795 316 Sophoclis:
1823 269 1986 310 τανόπο
1999 273 2065 314 δες
2082 274 2138 310 διὰ
2152 275 2192 311 τὸ
2208 275 2280 312 οἷον

1275 321 1508 370 μακροσκελὲς
1525 320 1585 356 καὶ
1601 319 1691 356 οὕτω
1708 320 1816 356 πλατὺ
1833 325 1896 368 τῆς
1914 321 2102 368 διαβάσεως
2119 323 2177 358 καὶ
2192 323 2280 372 ταχὺ

1272 368 1330 403 καὶ
1343 367 1531 415 εὐκίνητον.
1562 369 1758 410 Sophoclem
1774 371 1924 412 respexit
1941 371 2102 412 Hesych.,
2128 364 2280 406 τανόπο-

1273 415 1333 455 δας
1352 414 1483 459 Ἐρινῦς
1497 429 1505 450 2
1531 412 1742 464 ταχύποδας,
1772 415 1806 450 ἐν
1831 415 1929 463 τάχει
1944 417 2202 464 τιμωρουμὲνας
2227 420 2280 451 in-

1273 468 1494 507 terpretatus,
1531 468 1566 496 et
1591 465 1683 497 Suid.
1712 475 1744 496 v.
1763 458 1968 505 τανόποδας,
1997 466 2056 506 qui
2079 465 2281 498 scholiasten

1273 513 1455 552 breviavit,
1486 513 1625 543 minime
1643 514 1719 552 apte
1738 512 1963 553 explicantem
1985 510 2046 550 τὰς
2063 510 2281 551 ἀκοπιάστως

1274 553 1446 596 ἐπιούσας.
1469 557 1654 593 συναπτέον
1670 556 1707 591 δὲ
1723 558 1770 604 τῷ
1786 555 1942 602 μαθεῖν
1958 557 1998 592 τὸ
2013 553 2276 601 τανόποδας,

1273 604 1346 640 οἷον
1362 604 1498 653 ταχέως
1518 603 1642 650 μαθεῖν
1659 604 1698 639 τὸ
1715 603 1790 639 κατ’
1808 603 1882 650 ἐμὲ,
1903 616 1987 647 quae
1999 610 2168 648 postremo
2180 608 2281 647 plane

1271 654 1426 686 absurda.
1455 654 1577 685 Melius
1591 654 1719 695 pergit:
1746 650 1769 698 ἢ
1794 647 1875 687 καθ’
1899 651 1999 687 ἑαυτὸ
2022 652 2061 687 τὸ
2084 649 2280 688 τανύπο-

1273 699 1290 734 δ
1301 712 1347 738 ας
1372 698 1526 741 λεπτέον,
1563 698 1623 737 τὰς
1653 702 1829 746 πανταχοῦ
1861 694 2033 738 τεινούσας
2064 698 2125 739 τὰς
2157 698 2277 742 πόδας,

1273 758 1464 790 quanquam
1480 749 1657 794 πανταχοῦ
1675 757 1718 779 ex
1733 747 1904 788 Sophoclis
1918 748 2028 780 verbis
2043 757 2140 781 nemo
2153 749 2277 781 eliciat.

1272 796 1318 828 Et
1335 787 1492 827 certitudo
1510 798 1540 826 et
1557 797 1704 827 celeritas
1720 796 1858 827 ultionis
1876 805 1893 827 a
1910 795 2080 828 sceleratis
2096 796 2282 837 repetenda

1273 843 1492 883 significatur.
1979 840 2029 886 (ΙΙ
2045 852 2079 883 p.
2101 839 2182 883 783,
2202 840 2282 887 21.)

1342 895 1627 947 Τανύφλοιος
1652 902 1749 941 lonyo
1774 902 1909 941 cortice,
1936 902 1960 933 i.
1981 911 2011 933 e.
2041 903 2139 942 lonyo
2164 905 2282 934 trunco

1269 950 1456 990 praeditus,
1491 958 1656 989 procerus.
1698 945 1906 994 τανυφλοίου
1939 946 2089 996 αἰγείρου
2124 949 2200 981 Ter.
2235 950 2278 982 fr.

1275 993 1353 1037 520,
1376 994 1408 1028 5.

1342 1052 1480 1093 Τάξις.
1517 1055 1531 1097 ll
1563 1056 1671 1086 statio.
1717 1050 1877 1092 Αἴαντος,
1906 1051 1990 1088 ἔνθα
2012 1052 2104 1094 τάξιν
2131 1052 2147 1088 ἐ
2196 1053 2282 1101 άτην

1274 1100 1292 1135 ἔ
1318 1113 1347 1135 ει
1366 1102 1418 1134 Ai.
1432 1099 1465 1134 4.
1479 1102 1582 1134 —De
1600 1103 1677 1133 locis
1694 1104 1854 1133 astrorum
1871 1102 1999 1133 dictum
2010 1102 2143 1134 videtur
2179 1103 2288 1149 φεῦρε;

1273 1112 1526 1229 (ᾕαλαμήδηός)
1557 1147 1666 1189 τάξεις
1697 1159 1734 1181 τε
1758 1141 1882 1186 ταύτας
1916 1146 2057 1195 ούράνιά
2081 1159 2118 1182 τε
2143 1147 2288 1194 σήματα.

1274 1198 1395 1238 Naupl.
1418 1198 1458 1228 fr.
1503 1193 1560 1238 79,
1580 1193 1613 1228 3.
1636 1213 1676 1219 -
1696 1195 1711 1238 ΙΙ
1727 1196 1805 1228 ordo
1821 1196 1986 1237 militaris,
2012 1195 2091 1228 inde
2108 1198 2288 1231 exercitus.

1274 1242 1308 1278 οἳ
1323 1246 1381 1277 νῦν
1401 1242 1459 1276 σὺν
1478 1240 1564 1277 ἑπτὰ
1589 1239 1700 1282 τάξεσι
1722 1241 1780 1276 σὺν
1798 1241 1884 1276 ἑπτά
1900 1253 1936 1276 τε
1953 1240 2096 1291 λόγχαις
2111 1242 2150 1277 τὸ
2163 1240 2288 1290 Θήβης.

1273 1290 1389 1325 πεδίον
1407 1288 1600 1336 ἀμφεστᾰσι
1618 1291 1684 1323 πᾶν
1707 1290 1762 1322 OC
1782 1287 1883 1322 1311.
2261 1302 2269 1315 s
2286 1327 2288 1330 Α

1343 1347 1372 1384 Τ
1381 1345 1403 1385 ἅ
1413 1348 1556 1394 ράσσω
1574 1349 1680 1381 turbo,
1702 1347 1741 1382 σὺ
1760 1347 1818 1382 καὶ
1835 1346 1912 1382 τόδε
1929 1351 2043 1388 νεῖκος
2054 1346 2188 1395 ἀνδρῶν
2204 1342 2281 1388 ξύν-,-

1275 1409 1373 1443 αιμον
1400 1395 1490 1444 ἔχεις
1515 1393 1660 1442 ταράξας
1685 1397 1766 1428 Ant.
1788 1393 1857 1428 794
1874 1396 1926 1428 ch.
1945 1397 1968 1429 i.
1991 1406 2021 1428 e.
2043 1394 2288 1442 συνετάραξας,;

1274 1443 1364 1479 θεῶν
1382 1443 1453 1478 ἄνω
1471 1443 1584 1490 ψυχὰς
1600 1441 1759 1487 ταράσσει
1774 1440 1898 1488 (ἔρως)
1914 1443 2055 1475 Phaedr.
2075 1444 2117 1476 fr.
2130 1440 2210 1483 607,
2223 1440 2288 1489 33

1274 1493 1439 1533 siquidem
1461 1502 1537 1524 vera
1564 1494 1616 1523 est
1634 1491 1820 1523 Clementis
1845 1491 2010 1532 scriptura
2036 1491 2157 1524 Strom.
2187 1488 2220 1523 6.
2246 1486 2288 1533 p.i

1273 1536 1354 1572 745.
1390 1540 1474 1571 Nam
1493 1539 1583 1571 Stob.
1605 1535 1662 1579 63,
1682 1535 1739 1570 25.
1766 1536 1943 1584 χαράσσει,
1964 1538 2053 1580 quod
2076 1548 2109 1571 v,
2132 1555 2172 1562 —
2193 1531 2288 1576 δεινὰέ

1272 1585 1431 1633 ταράσσει
1457 1585 1561 1632 σοφὸς
1587 1582 1792 1622 οἰωνοθέτας
1809 1585 1866 1618 OR
1878 1581 1946 1617 483
1964 1585 2015 1617 ch.
2041 1602 2081 1608 —
2108 1584 2288 1626 Passivuujl]

1273 1635 1314 1666 de
1332 1636 1443 1666 animo
1459 1637 1492 1665 et
1509 1634 1643 1665 consilio
1661 1633 1811 1664 turbato:
1829 1630 2043 1677 ταράσσομαι
2060 1630 2186 1680 φρένας
2199 1627 2288 1679 Aut<

1276 1678 1377 1713 1095.
1407 1678 1575 1719 στασιάζω
1593 1678 1678 1725 πρὸς
1696 1677 1843 1724 ἐμαυτὸν
1860 1678 1918 1712 καὶ
1935 1677 1999 1713 ούκ
2018 1677 2090 1726 ἔχω
2109 1677 2159 1713 ὅτι
2197 1677 2288 1714 έναι-ἐ

1275 1740 1335 1773 μαι
1348 1729 1390 1769 gl.
1409 1728 1497 1770 apud
1516 1728 1734 1760 Brunckium.
1753 1746 1794 1751 —
1816 1726 2103 1766 Significationem
2120 1730 2175 1758 tur
2196 1737 2217 1758 a
2269 1721 2288 1769 ᾗ

1273 1775 1472 1815 concitandi,
1500 1785 1602 1816 quam
1618 1774 1711 1806 vides
1730 1774 1809 1806 Ant.
1832 1771 1911 1806 794.
1940 1774 2112 1814 eleganter
2133 1772 2288 1818 illustr&

1274 1824 1322 1854 vit
1341 1823 1566 1856 Ruhnkenius
1593 1823 1697 1864 praef.
1719 1822 1760 1853 ad
1780 1820 1940 1853 Schelleri
1957 1822 2089 1854 lexicon
2106 1831 2139 1863 p.
2164 1818 2218 1854 14.
2246 1818 2288 1876 inl

1273 1881 1304 1902 v.
1326 1870 1485 1902 turbator.
2287 1879 2288 1896 l

1343 1926 1372 1963 Τ
1381 1940 1401 1961 α
1413 1939 1430 1974 ρ
1443 1926 1460 1973 β
1472 1920 1576 1963 &Mo
1588 1939 1603 1965 ς
1625 1927 1780 1968 pavidus.
1810 1924 1859 1973 μὴ
1877 1924 2050 1972 ταρβαλὲα
2066 1924 2206 1972 θάνοιμι
2223 1912 2280 1961 Ti

1272 1973 1341 2009 957
1358 1976 1409 2008 ch.
2059 1972 2109 2018 (ΙΙ
2126 1985 2161 2016 p.
2182 1971 2281 2025 7845]

1342 2031 1370 2068 T
1381 2047 1401 2068 α
1413 2045 1429 2079 ρ
1441 2033 1459 2079 β
1470 2033 1486 2067 ἑ
1496 2046 1524 2066 ω
1543 2036 1649 2066 timeo.
1671 2033 1889 2065 Intransitive
1904 2033 2050 2065 dictum:
2078 2031 2127 2079 μή
2147 2043 2189 2077 με
2201 2026 2281 2085 ταὺ-

1273 2080 1380 2127 βήσας
1406 2079 1543 2127 προδῷς
1567 2082 1628 2112 Ph.
1649 2078 1729 2112 757.
1769 2077 1906 2125 ταρβῶν
1929 2090 1966 2125 γε
1993 2078 2042 2125 μή
2069 2091 2128 2125 μοι
2151 2076 2281 2125 Φοῖβός

1273 2125 1397 2177 ἐξέλθῃ
1423 2127 1535 2175 σαφής
1560 2129 1618 2160 OR
1638 2124 1739 2159 1011.
1777 2126 1834 2158 Sic
1858 2137 1901 2159 ex
1927 2137 2038 2168 apogr.
2058 2128 2188 2169 aliquot
2206 2127 2278 2173 Etr?

1272 2178 1355 2217 iure,
1385 2186 1461 2208 cum
1485 2177 1521 2207 in
1540 2175 1599 2206 LA
1624 2175 1788 2215 scriptum
1814 2175 1859 2206 sit
1874 2172 2002 2219 ταρβῶ.
2035 2171 2184 2219 μάλιστα
2199 2180 2281 2221 τῳ

1273 2221 1394 2269 βήσασ’
1421 2221 1492 2269 ἔχω
1518 2223 1572 2254 Tr.
1594 2219 1649 2253 37.
1686 2219 1770 2255 ὥσθ’
1795 2218 1908 2265 ἡδέως
1931 2218 2097 2255 εὖδουσαν
2128 2219 2220 2267 ἐκπη
2267 2222 2277 2266 J

1273 2270 1338 2315 ἐμὲ
1363 2268 1458 2315 φόβῳ
1483 2267 1672 2315 ταρβοῦσαν
1692 2265 1770 2301 176.
1815 2269 1953 2300 Rectius
1970 2269 2162 2302 Hermanno
2184 2266 2229 2314 φό
2266 2263 2275 2275 ”

1274 2315 1427 2363 ἐκπηδᾶν
1453 2318 1677 2356 coniungente
1703 2313 1802 2361 φόβῳ
1818 2313 2009 2360 ταρβοῦσαν
2035 2317 2167 2356 copulat
2186 2312 2280 2362 80sp

1273 2367 1373 2406 lerus,
1391 2374 1532 2405 eamque
1546 2365 1711 2395 rationem
1728 2363 1822 2395 Pors.
1835 2366 1871 2395 et
1879 2363 2006 2403 Reisig.
2020 2364 2162 2404 probant
2172 2362 2279 2409 enazffi'

1273 2412 1328 2445 OG
1345 2423 1378 2454 p.
1398 2409 1482 2452 199;
1503 2420 1694 2452 quanquam
1708 2419 1746 2442 ea
1759 2413 1850 2442 certe
1861 2410 1983 2450 Oedipi
2000 2411 2170 2443 sententia
2185 2411 2216 2443 lo
2247 2416 2250 2417 ’
2274 2449 2279 2453 ,

1273 2461 1372 2491 aliter
1387 2459 1619 2498 intelligenda.
1640 2455 1777 2502 ταρβεῖν
1793 2455 1850 2490 τὸν
1864 2454 1901 2490 εὖ
1918 2455 2112 2502 πράσσοντα
2127 2456 2175 2503 μὴ
2194 2467 2214 2491 σ

1272 2505 1318 2552 λῇ
1336 2505 1420 2540 ποτέ
1444 2506 1498 2538 Tr.
1519 2502 1599 2537 297.
1629 2505 1718 2545 quod
1735 2505 1848 2546 specie
1865 2507 2000 2536 tantum
2017 2498 2280 2683 accusativi&

1273 2555 1372 2586 verbo
1396 2562 1601 2594 suspensum
1626 2554 1799 2584 monstrat.
1835 2549 1875 2584 οὐ
1899 2549 2018 2588 καλῶς
2040 2563 2082 2584 τα
2105 2548 2177 2595 βεῖς
2248 2563 2250 2565 ’

1270 2599 1385 2648 ταρβῶ
1413 2599 1476 2644 μὲν
1503 2599 1552 2636 εἰς
1576 2597 1679 2644 λόγου
1705 2597 1818 2632 στάσιν
1843 2592 1969 2631 τοιάνδ’
1993 2596 2076 2632 ἐπελ
2103 2597 2150 2632 ών
2178 2595 2216 2631 11

1270 2646 1435 2693 ταρβήσει
1451 2645 1515 2693 γὰρ
1541 2644 1580 2680 ού
1597 2647 1652 2678 Ai.
1673 2643 1753 2678 545.
1782 2643 1898 2691 ταρβῶ
1923 2643 1987 2690 γάρ
2005 2642 2084 2677 593.
2104 2662 2151 2668 -
2175 2645 2201 2677 T

1271 2696 1371 2727 sitive
1397 2695 1544 2727 dictum:
1577 2690 1716 2739 ταρβεῖν
1743 2691 1806 2736 μὲν
1830 2689 2087 2738 τάνθυμήματα
2109 2689 2198 2726 τάπὸ
2255 2731 2258 2733 ,

1272 2743 1326 2775 OC
1344 2739 1424 2774 292.
1452 2739 1588 2788 ταρβεῖν
1616 2739 1676 2785 μὲν
1703 2738 1785 2785 ἔργα
1813 2735 1890 2772 δείν’
1915 2737 2109 2785 ἀναγκαίως
2135 2736 2207 2785 ἔχει
2253 2782 2266 2785 ..

1273 2787 1351 2821 723.
1388 2789 1502 2822 Unum
1520 2789 1639 2820 ceteris
1661 2787 1912 2818 memorabilius
1931 2788 2125 2827 exemplum
2149 2789 2202 2818 est
2234 2790 2238 2793 *

1273 2835 1329 2870 σὸν
1356 2833 1395 2869 ού
1412 2833 1528 2882 ταρβῶ
1555 2832 1660 2880 φόβον
1678 2834 1740 2866 Ph.
1757 2830 1857 2866 1251.
1876 2833 1899 2866 i.
1917 2843 1948 2865 e.
1974 2831 2031 2867 τὸν
2049 2830 2117 2867 ἀπὸ
2135 2834 2207 2866 σοῦ.
2234 2849 2252 2874 ¹.
2268 2829 2277 2843 *²

1272 2885 1352 2916 Lob.
1373 2892 1519 2923 monogr.
1541 2883 1597 2922 fig.
1619 2891 1758 2921 gramm.
1778 2890 1812 2921 p.
1836 2877 1890 2913 13.
2235 2877 2275 2919 qi!

1341 2939 1515 2986 Τάρβος
1540 2942 1648 2972 timor.
1685 2931 1714 2984 ᾧ
1741 2938 1790 2984 μή
1816 2936 1877 2971 ’στι
1911 2936 2034 2984 δρῶντι
2057 2936 2181 2983 τάρβος
2209 2922 2278 2986 σᾷ

1272 2988 1354 3026 ἔπος
1373 2987 1474 3035 φοβεῖ
1501 2988 1558 3020 OR
1575 2984 1655 3020 296.
1685 2985 1775 3033 ἔχεις
1801 2997 1834 3019 τι
1858 2983 1986 3031 θάρσος
2003 2984 2102 3019 τοῦδε
2119 2986 2180 3018 τοῦ
2252 2991 2271 3026 g

1272 3035 1353 3082 βους
1375 3034 1472 3081 πέρι,
1502 3035 1556 3066 El.
1577 3031 1657 3066 412.
1685 3035 1849 3066 somnium
1871 3034 2005 3072 dicitur,
2042 3032 2130 3074 quod
2147 3031 2185 3064 Ol
2263 3063 2267 3070 .

1271 3086 1453 3116 mnestram
1466 3084 1705 3124 perterruerat.
1727 3078 1829 3125 θυμῷ
1849 3078 1876 3112 δ’
1894 3076 1984 3117 οὔτις
2002 3077 2128 3136 φαιδρὰ
2143 3086 2208 3124 χορ

1269 3129 1417 3176 τάρβους
1434 3125 1587 3175 θυγάτηρ
1604 3129 1670 3160 inc.
1690 3129 1731 3160 fr.
1752 3125 1832 3169 704,
1853 3125 1886 3159 2.
1915 3138 1947 3158 v.
1967 3125 2121 3174 φαιδρος.
2271 3126 2274 3127 ’

1339 3185 1425 3235 Ταρ
1438 3185 1564 3235 ιχηρό
1577 3199 1592 3224 ς
1625 3188 1750 3228 salsus,
1786 3187 1855 3219 sale
1888 3186 2050 3218 conditus.
2092 3178 2200 3236 ταριχ
2217 3163 2234 3187 ’μ
2277 3215 2279 3218 ⁴

1269 3233 1375 3282 γάρου
1394 3237 1436 3268 fr.
1457 3235 1598 3276 Triptol.
1620 3231 1699 3266 531.
1728 3234 1787 3265 ubi
1805 3244 1836 3266 v,
1857 3233 1970 3265 adnot.
1987 3232 2090 3266 Dind.
2251 3228 2274 3246 '⁹

1339 3290 1541 3340 Τάρῖχος
1574 3294 1830 3332 salsamentum,
1866 3293 1971 3324 salsus
2009 3292 2139 3331 piscia·
2161 3298 2220 3326 νεκ

1269 3339 1408 3388 τάριχος
1431 3339 1567 3385 εἰσορᾶν
1593 3332 1779 3386 Αἰγύπτιος
1801 3339 1902 3373 Phin.
1917 3339 1958 3373 fr.
1980 3334 2059 3371 636.
2096 3337 2234 3387 Attico&
2254 3381 2270 3386 ..

1269 3386 1412 3436 τάριχος
1439 3388 1568 3421 dixisse
1586 3387 1793 3434 grammatici
1810 3389 1961 3419 auctores
1980 3388 2073 3426 sunt,
2093 3393 2140 3425 gr.
2160 3381 2270 3434 Her*-

2218 2684 2281 2879 «³³2¹ss
