2288 3600
159 116 258 164 494

156 232 272 264 eadem
288 233 456 264 sententia.
473 233 632 264 articulus
654 234 821 274 reperitur
839 234 893 265 El.
913 230 993 265 447.
1023 232 1081 264 ΟΕ
1098 230 1166 266 852
1203 234 1293 264 exsul
1322 233 1432 265 abibit.
1477 231 1507 266 εί

1157 114 1208 162 ‘O

1883 124 1931 171 [11
1945 137 1978 169 p.
1996 123 2213 173 231-232.]

1583 244 1598 270 ς
1628 229 1897 277 ἐκπεμῴαίμεθα
1922 228 2001 264 309.
2044 234 2110 278 γῆς
2134 229 2209 265 ’ίσον

155 277 205 323 [h.
226 280 250 311 l.
279 277 337 312 σόν
361 289 420 320 pro
437 277 495 312 τόν
514 279 617 311 Dind.
639 289 667 311 c.
688 277 832 325 Bothio].
863 298 904 304 —
917 278 1064 360 931&
1111 278 1167 313 ἐπί
1202 278 1316 323 νέμων
1335 277 1413 312 579.
1442 282 1505 325 γῆς
1523 277 1588 318 ἕςω
1606 277 1723 324 βαλεῖν
1741 275 1819 311 622.
1855 281 1919 326 γῆς
1937 275 2028 313 οὕτω
2044 277 2211 324 νοσούσης

158 336 215 370 μοι
234 324 337 372 βάρος
353 324 498 360 ἄπλετον
518 324 712 371 ἐμμέμονεν
731 326 820 373 φρήν
840 328 896 359 Tr.

1002 337 1046 359 m.
1090 325 1123 360 τί
1140 324 1167 359 δ’
1204 323 1282 359 635.
1320 329 1382 372 γᾶς
1399 325 1683 372 προπονουμένας
1702 322 1770 357 685
1787 327 1838 358 ch.
1875 325 2034 381 πατρῖρον
2049 324 2133 359 ἄστυ
2150 328 2213 372 γῆς

157 370 197 407 ἂν
214 370 330 411 θέλοις
345 373 384 407 τὸ
403 372 518 406 πιστὸν
536 372 685 419 ἐμφῦναι
702 373 797 420 φρενί
813 374 868 407 OC
889 372 989 408 1488.
1016 392 1057 398 —-
1085 376 1168 419 φῦ-
1204 371 1278 420 ἔχει
1296 374 1351 407 OC
1369 370 1449 406 297.
1493 377 1556 420 γῆς
1584 367 1632 407 ὅτ’
1656 370 1894 419 ἐξηλαυνόμην
1918 371 1999 406 356.
2042 371 2135 412 ὅπως
2151 383 2171 418 γ
2198 385 2214 411 ς

155 418 242 454 λον.
271 419 472 468 κουφονόων
492 418 600 467 φῦλον
616 417 759 468 ὀρνίθων
775 419 980 467 ἀμφιβαλὼν
995 420 1018 455 ἅ
1040 432 1068 455 ει
1082 423 1162 453 Ant.
1205 421 1253 468 μὴ
1271 419 1427 467 ’μβαίνῃς
1446 419 1534 466 ὅρων
1552 418 1633 453 400.
1677 418 1774 457 πόλις
1792 418 1920 464 ἤλαυνε
1940 417 1973 466 μ’
1992 418 2031 453 ἐκ
2047 423 2112 467 γῆς
2127 417 2176 454 44
2203 445 2210 452 .

663 466 675 475 s

156 464 226 500 342
242 468 293 500 ch.
316 486 357 491 —
386 479 409 514 φ
421 466 439 501 ύ
451 478 468 500 σ
480 479 527 505 ις.
557 461 775 514 ἐξεπᾴδονται
787 467 886 516 φύσιν
901 469 954 501 OC
972 467 1011 501 11
1039 466 1062 500 4
1079 471 1166 509 ipso·
1202 473 1266 512 γ”ς
1292 468 1432 508 ἐξέωσεν
1459 465 1559 500 1296.
1605 466 1699 506 ὅπως
1716 465 1795 505 τοὺς
1811 465 1884 500 τάδ’
1903 466 1970 500 ἐκπ
1993 466 2136 507 άξαντας
2154 466 2215 502 ἐκ-

155 525 229 547 rum
254 515 398 547 indolem
421 516 545 547 molliri
561 517 685 547 sinunt.
722 517 1019 548 Adverbiascentia
1036 517 1163 549 omitto.

155 581 201 586 —
226 561 373 608 φωνή.-
393 565 511 608 φωνῆς
539 559 566 595 δ’
588 560 733 596 ἀκοῦσαι
754 561 922 608 βούλομαι
939 564 998 596 Ph.
1020 561 1100 595 225.
1123 581 1165 586 —

1205 514 1343 562 βαλοιμι
1360 519 1423 562 γῆς
1443 512 1544 547 1307.
1583 517 1648 562 γῆς
1666 513 1796 548 ἄνακτα
1814 511 1930 560 Θησέα
1948 513 1965 547 1
1993 511 2048 547 30.
2085 513 2160 549 ἐπεὶ
2177 512 2215 548 δὲ

1203 564 1246 611 γῇ
1271 563 1380 597 ἔκειτο
1405 563 1463 595 OR
1482 559 1584 595 1266.
1620 563 1742 595 Aliena
1759 566 1841 594 sunt
1858 563 2142 594 adverbiasccntia
2159 559 2215 596 ἐπὶ

157 609 259 656 φώς.
288 607 423 656 ἔγνωκα
448 608 511 656 γὰρ
531 607 572 655 δὴ
593 609 706 655 φωτὸς
723 608 931 656 ἠπατημένη
949 612 1004 643 Ai.
1026 608 1106 644 807.
1127 612 1167 642 ab
1202 615 1276 658 γῆς,
1298 609 1386 644 κατὰ
1401 613 1475 656 γῆς,
1499 607 1588 650 ὅποι,
1614 612 1677 643 ποῖ
1692 615 1727 642 et
1744 611 1809 642 ποῦ
1827 612 1891 655 γῆς
1909 610 2041 651 alioque
2058 610 2129 641 loco
2145 614 2215 642 tra-

154 658 268 689 Aiace.
298 675 339 680 -
368 660 468 703 φῶς.
499 655 624 702 πατρὸς
649 654 812 695 ἐλθόντος
839 656 886 694 εἰς
911 662 985 704 φῶς
1010 659 1063 690 ΕΙ.
1083 654 1163 689 419.

155 701 342 742 ἀναπτύξαι
358 703 478 749 πρέπει
495 703 580 749 πρὸς
597 708 671 750 φῶς
689 701 769 737 640.
813 703 923 750 λέγειν
942 704 990 742 εἰς
1009 709 1084 750 φῶς
1102 705 1163 736 Ph.

155 748 235 784 581.
279 750 365 797 πρὸς
390 754 464 797 φῶς
488 748 646 785 ἀνελθεῖν
666 748 745 784 625.
789 751 838 789 εἰς
857 756 930 798 φῶς
948 750 1036 797 εἷμι;
1062 749 1163 784 1353.

156 798 279 831 Contra
307 796 349 831 τὰ
374 796 391 831 δ
425 795 532 831 αὐτίκ’
558 797 592 836 ἐς
617 797 655 832 τὸ
681 803 755 844 φῶς
782 802 883 846 φανεῖ
907 799 965 831 OR
992 795 1094 831 1229.
1124 817 1166 823 -

154 844 281 894 yvo-52.
315 845 362 883 ὡς
386 843 574 891 ὑπερβάλοι
597 845 704 892 χνοάς
727 857 776 884 τις
802 844 913 879 αὐτῶν
939 847 992 878 ΕΙ.
1013 844 1092 878 717.
1125 864 1165 869 —

154 884 282 940 χολή.
334 891 509 939 μετάρσιοι
541 890 645 940 χολαὶ
678 892 907 939 διεσπείροντο
940 895 1023 926 Ant.
1062 890 1162 925 1010.

154 940 370 972 Adiectivum
387 941 485 972 verbo
502 941 666 981 iungitur.
691 958 732 964 ——-
758 939 896 988 χρεία.
925 938 981 974 ἵνα
1001 939 1049 986 μὴ
1067 939 1167 987 χρείᾳ

82 987 83 994 ’
154 985 362 1033 πολεμῶμεν
385 987 440 1020 OC
460 984 523 1019 191
544 997 597 1020 an.
621 1006 668 1011 —-
691 992 832 1034 χῶμα.
861 985 1032 1046 ᾀθρῄσαθ’
1057 987 1167 1034 ἁρμὸν

154 1035 320 1081 χώματος
345 1036 425 1066 Ant.
456 1032 557 1067 1216.
595 1053 636 1058 —-
677 1035 810 1081 χώρα.
854 1044 935 1080 ηνικ
977 1046 1016 1067 αν
1049 1036 1166 1081 χώρας

154 1079 257 1127 ἀπείη
292 1082 348 1114 Tr.
379 1078 446 1114 164
477 1082 615 1114 Trachis
639 1082 782 1123 dicitur,
819 1084 877 1114 ubi
902 1088 983 1114 tunc
1008 1083 1168 1114 Deianira

153 1130 334 1162 habitabat.
381 1126 514 1174 μίασμα
546 1129 663 1175 χώρας
691 1127 843 1163 ἐλαύνειν
879 1129 936 1162 OR
953 1127 998 1161 97
1028 1130 1163 1162 Thebis.

152 1188 163 1197 “
180 1177 207 1210 ὠ
232 1188 271 1214 ας
288 1174 462 1209 λέλειπται
479 1174 590 1221 φύλαξ
608 1174 710 1209 1418.
745 1174 809 1215 ἔξω
829 1175 958 1221 βαίνετε
975 1178 1094 1224 χώρας
1112 1178 1166 1210 OC

153 1186 228 1256 226²
238 1225 363 1256 Attica.
409 1222 445 1256 σὲ
463 1221 675 1270 προσθέσθαι
690 1221 797 1261 πέλας
814 1224 932 1270 χώρας
946 1220 1086 1258 θέλουσι
1098 1222 1166 1256 405

155 1281 235 1304 suae
253 1271 414 1303 Thebani.
452 1268 609 1315 βασιλεὺς
625 1271 743 1317 χώρας
760 1273 842 1303 Ant.
866 1269 932 1304 155
950 1282 1004 1304 an.
1048 1272 1167 1319 χώρας

152 1316 303 1363 παντελῆ
331 1315 518 1364 μοναρχίαν
545 1315 645 1350 1163.
691 1317 772 1364 φέρε
796 1319 914 1366 χώραν
939 1314 1077 1352 καλέσω
1099 1320 1160 1351 Ph.

155 1362 245 1398 1452
262 1375 316 1398 an.
335 1383 382 1389 -—
406 1363 563 1445 ssv'hssog.
593 1363 622 1424 e}
647 1364 763 1412 ψῆφον
787 1366 960 1424 τυράννων
977 1365 1035 1426 καὶ
1051 1366 1161 1413 κράτη

152 1411 334 1494 ἒθὲῗξιὲῗ
350 1414 459 1505 Ξῇἶζ..
485 1412 1167 1507 τζαὲἷρωεᾮῖζεὲἑίῒέοῗέιὲζέοὲξᾷἷξ

153 1504 398 1554 ἀθηρόβρωτον
416 1504 559 1554 ὄργανον
579 1505 693 1554 φέρων
712 1508 821 1548 Niptr.
847 1505 926 1540 404.

1204 659 1324 691 ctanda
1337 684 1345 698 ‚
1374 659 1457 690 item
1481 666 1557 688 cum
1574 660 1617 703 γῆ
1635 659 1824 688 universam
1841 660 1961 688 terram
1977 657 2032 688 vel
2054 656 2217 689 Teltmem

1204 707 1380 746 significat.
1417 705 1563 736 Additur
1587 705 1769 736 articulus:
1799 699 1913 741 Φωκὶς
1941 702 2003 748 μὲν
2021 701 2045 748 ἡ
2063 706 2107 750 γῆ
2124 702 2170 738 κλ
2186 697 2217 728 ’-

1204 751 1294 791 ζεται
1311 753 1370 785 OR
1387 749 1465 784 733.
1504 754 1566 796 τῆς
1585 749 1622 785 δὲ
1639 755 1702 797 γῆς
1719 750 1758 785 τὸ
1776 750 1858 796 πρὸς
1875 750 1974 784 νότον
1991 753 2074 791 Aeg.
2094 754 2135 784 fr.
2160 715 2214 792 19,

1204 797 1237 832 3.
1265 801 1420 840 inprimis
1437 804 1550 831 autem
1568 800 1680 831 crebro
1697 799 1829 841 quando
1847 799 2050 830 adiectivum
2067 799 2123 830 vel
2138 809 2216 841 pro-

1204 857 1326 879 nomen
1360 847 1659 879 demonstrativum
1693 856 1761 878 una
1793 846 1965 885 iungitur:
2009 856 2042 877 v.
2077 849 2135 892 γῆ,
2173 864 2214 870 --

1207 894 1220 937 Η
1238 893 1422 941 γλῶσσα.
1466 895 1527 926 τοῦ
1558 892 1621 938 μὲν
1651 891 1808 939 γλῶσσαν
1839 890 1952 939 ῥιπτεῖ
1980 893 2036 925 Ai.
2064 890 2134 926 238
2159 903 2213 926 an.

1204 940 1333 987 οὐτᾶρα
1351 940 1459 987 διήσει
1476 938 1631 986 γλῶσσαν
1652 942 1705 973 Tr.
1727 937 1795 972 323
1813 949 1882 972 non
1899 941 2058 981 loquetur.
2096 938 2134 974 οὐ
2153 939 2217 987 γάρ

1205 987 1238 1034 μΊ
1263 988 1399 1035 ἀρέσκει
1424 986 1562 1034 γλῶσσά
1589 999 1648 1022 σου
1674 985 1872 1033 τεθηγμένη
1891 988 1946 1019 Ai.
1967 983 2047 1020 584.
2091 987 2216 1025 παντὸς

1204 1034 1244 1070 ἂν
1262 1034 1364 1083 λόγου
1383 1034 1521 1082 γλώσσῃ
1539 1033 1677 1081 θιγόντα
1692 1035 1753 1068 Ph.
1771 1032 1852 1067 408.
1879 1033 1912 1067 τί
1929 1033 2044 1068 στάσιν
2061 1032 2218 1081 γλώσσης

1204 1081 1381 1129 ἐπήρασθε
1408 1083 1466 1116 OR
1489 1080 1568 1121 635.
1622 1082 1712 1120 ὅστις
1746 1081 1902 1129 γλῶσσαν
1937 1075 2110 1129 ἐγκλῄσας
2143 1080 2215 1129 ἔχει

1203 1133 1286 1163 Ant.
1309 1128 1387 1163 180.
1428 1130 1458 1163 εἰ
1478 1129 1526 1175 μὴ
1545 1127 1702 1176 γλῶσσαν
1721 1123 1884 1176 ἐγκλῄσαι
1903 1127 2008 1175 φόβος
2027 1126 2107 1162 505.
2147 1140 2217 1176 χα-

1205 1178 1336 1224 ρακτὴρ
1362 1176 1397 1210 ἐν
1421 1175 1558 1225 γλώσση
1585 1177 1661 1209 Hel.
1690 1179 1730 1209 fr.
1758 1175 1836 1217 186,
1857 1173 1889 1208 2.
1933 1178 2079 1209 Additur
2102 1178 2218 1210 eodem

1206 1236 1308 1258 sensu
1341 1226 1521 1257 articulus:
1542 1210 1581 1269 ’ἡ
1613 1223 1751 1271 γλῶσσά
1777 1235 1836 1259 σου
1865 1225 1917 1255 Ai.
1947 1221 2038 1256 1124
2062 1225 2105 1256 cf.
2134 1221 2213 1257 584.

1206 1272 1275 1319 ὁρῶ
1294 1271 1429 1318 βροτοῖς
1445 1271 1508 1317 τὴν
1526 1269 1694 1317 γλῶσσαν,
1724 1270 1803 1319 οὐχὶ
1819 1270 1929 1317 τᾶργα
1945 1265 2047 1305 πάνθ’
2064 1268 2218 1317 ἡγουμέ-

1205 1331 1267 1365 νην
1285 1321 1345 1352 Ph.
1358 1316 1413 1351 99.
1442 1319 1492 1365 τῷ
1509 1319 1559 1365 νῷ
1577 1313 1609 1354 θ’
1627 1317 1756 1364 ὁμοίως
1772 1318 1864 1354 κάπὸ
1881 1321 1944 1364 τῆς
1956 1316 2115 1364 γλώσσης
2127 1315 2218 1365 λέγω

1207 1368 1262 1400 OC
1280 1364 1366 1408 936,
1397 1368 1484 1408 quod
1502 1376 1539 1398 eo
1556 1371 1740 1399 memoratu
1758 1368 1910 1407 digniuS,
1941 1367 2029 1407 quod
2045 1367 2218 1399 adverbia-

1209 1416 1281 1447 seit.
1316 1412 1404 1460 ὀρθὴ
1425 1413 1487 1459 μὲν
1504 1413 1528 1459 ἡ
1546 1411 1671 1460 γλῶσσ’
1688 1411 1776 1447 ἐστίν
1795 1414 1909 1447 Oreus.
1930 1414 1972 1445 fr.
1994 1409 2074 1445 322.

1270 1463 1284 1505 ΙΙ
1302 1460 1319 1494 δ
1331 1460 1481 1506 αίμων.
1510 1463 1674 1502 Legitima
1691 1463 1761 1493 fere
1779 1461 1914 1494 omissio
1931 1465 1983 1492 est
2001 1470 2075 1493 cum
2096 1470 2219 1493 numen

1207 1515 1331 1542 sortem
1363 1510 1537 1541 hominum
1570 1510 1770 1550 dispensans
1803 1510 1858 1542 vel
1885 1517 1954 1540 sors
1981 1509 2055 1550 ipsa
2082 1508 2216 1541 dicitur.

869 1554 918 1599 [II
935 1566 969 1597 p.
991 1552 1071 1595 231,
1093 1553 1171 1598 28.)
1207 1555 1340 1601 δαίμων
1375 1555 1412 1589 δὲ
1435 1559 1507 1593 τοῖς
1535 1555 1596 1600 μὲν
1623 1554 1772 1603 εὐτυχὴς
1798 1551 1878 1591 καθ’
1902 1553 2051 1601 ἡμέραν,
2080 1554 2166 1600 ημῖν
2191 1549 2220 1587 δ’

223 1602 311 1635 Sunt
327 1606 440 1634 autem
457 1603 521 1634 alia
538 1603 700 1634 vocabula
723 1603 885 1635 crebriore
904 1613 968 1635 usu
985 1604 1076 1643 trita,
1094 1605 1170 1645 qui-
1207 1602 1352 1650 ἀπορρεῖ
1370 1605 1421 1635 El.
1436 1600 1517 1635 999.
1545 1603 1602 1637 καὶ
1622 1602 1659 1636 σὲ
1675 1603 1779 1649 τῆσδε
1793 1607 1854 1649 τῆς
1873 1599 1955 1639 ὁδοῦ
1973 1600 2104 1647 δαίμων
2119 1600 2220 1647 ἄμει-

155 1649 219 1682 bus
251 1650 430 1682 articulum
464 1659 529 1682 non
562 1650 639 1682 addi
671 1651 807 1690 tragicis
837 1660 907 1682 mos
936 1655 998 1682 est.
1044 1651 1172 1682 Horum
1205 1663 1263 1684 νον
1281 1649 1304 1696 ἢ
1323 1649 1377 1696 ’μὲ
1397 1650 1592 1707 φρουρήσας
1610 1649 1710 1697 τύχοι
1729 1651 1786 1683 OR
1806 1649 1906 1684 1479.
1940 1647 2086 1683 ἐλπίδων
2103 1647 2167 1695 γὰρ
2184 1647 2219 1686 ἐς

156 1694 266 1742 ἀνήρ,
297 1694 363 1731 ἄνθ

155 1754 243 1776 mus.
263 1762 309 1767 —
326 1743 348 1801 ΙΙα
366 1707 473 1802 βίος.
503 1742 593 1791 ὄφρα
610 1755 651 1789 με
671 1742 742 1799 βίος
760 1742 826 1790 ἔχῃ
845 1745 898 1776 ΕΙ.
919 1742 987 1777 225
1005 1756 1051 1799 ‚m‘
1074 1743 1171 1802 'dierat-

154 1788 215 1829 λος
241 1789 356 1825 αὐανω
375 1789 447 1837 βιον
466 1788 546 1824 819.
593 1789 746 1825 ἐκλιπειν
767 1790 839 1836 βίον
861 1789 962 1824 1131.
1017 1789 1170 1838 Ορεστην

156 1836 228 1882 βίον
253 1836 438 1872 λελοιπότα
465 1835 566 1870 1443.
611 1836 724 1872 κείνου
753 1837 824 1884 βίον
845 1839 1014 1876 σώσαντος
1034 1841 1087 1872 Tr.
1109 1838 1167 1873 85.

155 1882 229 1919 οἷον
245 1885 499 1931 κατακτήσαιτο
515 1883 692 1931 λυμαντὴν
711 1884 785 1931 βίου
800 1883 880 1918 793.
911 1886 1168 1933 ώρφανισμένος

155 1930 230 1977 βίου
249 1929 328 1965 942.
373 1931 408 1970 ἔς
424 1931 452 1966 τ’
477 1931 646 1979 ἀπέψυξεν
673 1930 744 1977 βίον
762 1934 819 1966 Ai.
841 1930 942 1966 1031.
989 1933 1036 1980 μὴ
1066 1932 1156 1980 φείσ,

154 1977 307 2061 βίοέυἸΞΙι.
328 1977 408 2013 749.
452 1978 519 2014 ἀπὸ
544 1978 608 2026 γὰρ
634 1977 706 2025 βίον
724 1978 845 2014 αὐτίκα
859 1978 968 2026 λείψω
989 1979 1090 2015 1158.
1133 1994 1152 2015 τ

155 2037 174 2059 σ
217 2037 237 2060 τ
280 2039 297 2060 ν

155 2071 290 2121 ἀλλαγᾷ
307 2025 339 2120 ξ’

387 1707 500 1738 ωπος,
528 1696 614 1743 γυνή
633 1698 695 1729 alio
712 1698 781 1729 loco
798 1698 1028 1729 animadversa
1045 1699 1174 1730 omitti·
1206 1697 1280 1732 τίνα
1307 1697 1437 1744 δαίμων
1465 1697 1599 1731 ἐλαυνει
1624 1692 1678 1731 OG
1700 1694 1790 1730 1750
1806 1707 1850 1730 m.
1895 1691 1988 1730 ταῦτ’
2011 1695 2070 1731 οὖν
2098 1695 2219 1731 ἔκλυεν

1209 1744 1339 1791 δαίμων
1373 1744 1474 1790 ἡμῶν
1503 1742 1592 1777 1766
1616 1756 1671 1778 an.
1715 1743 1811 1791 ὕβριν
1846 1743 1885 1779 οὐ
1914 1743 2108 1791 στέργουσιν
2139 1741 2219 1777 οὐδὲ

1208 1791 1365 1837 δαίμονες
1388 1794 1443 1825 Tr.
1464 1790 1545 1826 280.
1590 1790 1626 1826 εὖ
1650 1790 1923 1839 περιστέλλουσιν
1949 1789 2035 1825 αὐτὰ
2059 1790 2220 1838 δαίμονες

1207 1841 1267 1872 Ph.
1290 1838 1370 1872 447.
1414 1838 1472 1873 καί
1498 1850 1533 1872 σε
1559 1838 1716 1885 δαίμονες
1740 1839 1840 1874 νόσου
1867 1838 2113 1886 μεταστήσειαν
2135 1835 2215 1871 462.

1209 1885 1272 1934 ούγ
1293 1885 1393 1925 αὑτὸς
1411 1885 1475 1920 αἰεὶ
1494 1885 1665 1932 δαιμόνων
1684 1887 1738 1920 ΕΙ.
1761 1885 1841 1920 917.
1878 1886 1946 1933 ἐγὼ
1963 1885 2027 1933 γὰρ
2043 1882 2085 1919 ἂν
2103 1884 2221 1932 ψέξαι-

1212 1946 1249 1978 μι
1266 1926 1437 1979 δαιμόνων
1454 1933 1600 1979 νόμους;
1622 1936 1675 1966 Ai.
1694 1932 1784 1968 1130
1800 1935 1851 1966 fas
1869 1934 2035 1974 divinum,
2058 1935 2098 1966 ab
2112 1934 2219 1965 omni-

1210 1982 1269 2013 bus
1294 1984 1387 2024 quasi
1412 1982 1475 2013 diis
1500 1983 1678 2014 sancitum.
1724 1980 1804 2015 οὐδὲ
1829 1979 2001 2027 δαιμόνων
2028 1977 2090 2027 ἕδη
2111 1977 2220 2025 σέβων

339 2025 380 2074 ίῳ
400 2025 508 2068 τεύξω
529 2025 629 2060 1188.
674 2024 780 2074 Πάριν
798 2031 949 2075 νοσφιεῖς
968 2026 1041 2073 βίου
1062 2026 1163 2062 1427.
1210 2028 1266 2061 OR
1283 2026 1352 2062 886
1371 2030 1421 2062 ch.
1465 2028 1567 2067 ναοὺς
1588 2027 1719 2063 ἱκέσθαι
1736 2028 1906 2073 δαιμόνων
1924 2024 2004 2061 912.
2051 2026 2166 2073 ἱκέτης
2183 2025 2214 2060 δ.

331 2085 382 2108 ιου
399 2074 458 2107 OR
477 2071 566 2107 1206
585 2075 636 2107 ch.
682 2072 755 2119 βίου
775 2073 851 2108 δότε
869 2073 1008 2122 πέρασιν
1027 2074 1097 2122 ἤδη
1116 2076 1170 2109 OC
1208 2076 1262 2109 OC
1289 2073 1370 2109 634.
1415 2075 1584 2121 δαιμόνων
1611 2074 1708 2122 δίκην
1733 2078 1814 2109 Ant.
1841 2073 1919 2108 921.
1965 2073 2004 2109 οὐ
2029 2077 2119 2122 χρῆν
2143 2071 2216 2108 τοίδ7

156 2117 234 2153 102.
268 2120 367 2167 φύσιν
383 2119 647 2156 κατεικασθέντε
663 2120 722 2155 καὶ
739 2120 813 2167 βίου
824 2120 961 2168 ’τροφάς
980 2120 1059 2156 338.
1088 2134 1170 2169 τρο·
1206 2121 1297 2157 οὕτω
1316 2122 1480 2168 δαίμονας
1498 2122 1633 2169 θνητῶν
1653 2123 1729 2169 πέρι
1747 2121 1907 2170 πράσσειν
1924 2123 2016 2154 Alet.
2035 2126 2078 2155 fr.
2099 2118 2156 2162 94,
2176 2119 2210 2154 5.

156 2166 222 2214 φὰς
240 2166 312 2215 ἔχω
331 2165 405 2213 βίου
423 2165 503 2200 446.
540 2166 693 2214 λωβᾶται
712 2167 783 2214 βίον
801 2171 882 2202 Ant.
904 2167 961 2202 54.
992 2171 1098 2203 Adest
1115 2182 1167 2203 ar·
1204 2171 1267 2203 His
1287 2173 1400 2203 confer
1417 2171 1513 2203 haec:
1535 2169 1656 2251 τοίγαρ
1672 2169 1700 2203 σ’
1718 2170 1735 2204 ὁ
1755 2169 1885 2215 δαίμων
1902 2168 2017 2215 εἰσορᾷ
2033 2169 2089 2202 00
2109 2165 2209 2201 1370.

154 2216 282 2248 ticulus
307 2225 383 2248 cum
405 2217 495 2248 vitae
513 2218 670 2248 universe
687 2220 759 2248 tum
778 2218 880 2249 unius
897 2218 1043 2250 hominis
1061 2220 1167 2259 signi·
1204 2216 1343 2264 ἐπείπερ
1361 2215 1390 2251 εἷ
1406 2220 1578 2264 γενναῖος,
1610 2229 1633 2251 π

1657 2217 1700 2262 ἢν
1718 2220 1778 2251 τοῦ
1797 2216 1958 2262 δαίμονος
1977 2217 2031 2249 OC
2048 2213 2094 2248 76
2110 2217 2215 2248 caeci—

155 2263 323 2295 flcandae:
358 2261 415 2296 τὸν
434 2261 506 2308 βίον
525 2262 624 2302 σώζω
642 2264 694 2295 ΕΙ.
715 2260 794 2296 768.
838 2266 899 2297 τοῦ
918 2262 993 2310 βίου
1012 2262 1039 2297 δ’
1057 2263 1166 2303 οὐδεὶς
1207 2269 1271 2297 tate
1303 2270 1447 2305 eaecepta.
1498 2265 1546 2311 τῷ
1574 2276 1610 2298 τε
1643 2264 1778 2310 δαίμονι
1802 2264 1850 2311 τῷ
1879 2263 1907 2297 τ’
1930 2261 2024 2310 ἀνδρί
2047 2263 2105 2297 ΟΒ.
2128 2260 2208 2295 244.

157 2307 266 2348 πόθος
285 2306 365 2343 822.
410 2309 539 2356 πότερα
556 2304 635 2368 παρ’
652 2308 750 2344 οὐδὲν
767 2312 827 2344 τοῦ
847 2309 920 2354 βίου
937 2306 1078 2357 κήδεσθ’
1098 2311 1166 2354 ἔτι,
1203 2315 1311 2346 ταῦτα
1329 2307 1356 2345 δ’
1374 2311 1409 2345 ἐν
1425 2311 1474 2358 τῷ
1493 2311 1629 2356 δαίμονι
1646 2312 1700 2345 OC
1722 2310 1810 2345 1443
1824 2321 1924 2353 penes
1941 2312 2038 2343 deum
2054 2314 2110 2343 est.
2153 2309 2212 2344 τὸν

158 2353 260 2389 1327.
304 2354 468 2403 τελευτὴν
491 2359 552 2391 τοῦ
579 2355 652 2403 βιου
673 2355 791 2403 μέλλει
806 2356 918 2392 τελεῖν
936 2359 990 2391 Tr.
1013 2356 1068 2392 79.
1112 2358 1170 2393 τὸν

157 2401 229 2448 βίον
249 2406 389 2438 σκοπεῖν
406 2404 468 2436 Ph.
490 2401 570 2437 505.
610 2402 716 2452 ῥᾷστα
732 2404 789 2438 τὸν
809 2403 881 2450 βίον
900 2404 995 2452 φέρει
1012 2405 1069 2438 OR
1086 2404 1166 2440 983.

157 2448 196 2484 οὖ
225 2461 277 2485 σοι
300 2451 353 2496 τῷ
381 2449 444 2496 βίω
462 2449 643 2491 ξυνέσπετο
663 2449 764 2485 1523.
808 2452 851 2487 τὰ
866 2450 990 2488 λοίσθι’
1006 2452 1094 2487 αἰτεῖ
1107 2456 1169 2488 τοῦ
1206 2451 1285 2486 345.
1332 2452 1414 2487 ἔτλα
1437 2453 1496 2487 καὶ
1513 2450 1647 2491 Δανάας
1673 2452 1825 2500 ουράνων
1851 2457 1924 2500 φῶς
1948 2450 2089 2491 ἀλλάξαι
2106 2450 2213 2496 δέμας
2276 2450 2288 2484 έὲ

1207 2502 1288 2533 Ant.
1320 2498 1387 2533 945
1412 2501 1462 2533 ch.
1503 2501 1771 2533 Adx'erbiascunt
1794 2502 1847 2533 Tr.
1878 2497 1978 2533 1056.
2018 2503 2099 2531 Ant.
2128 2495 2207 2531 205.
2277 2520 2280 2521 ν

157 2495 231 2578 βίου
265 2497 322 2532 00
350 2484 434 2532 583.Δ
473 2497 530 2532 τὸν
565 2497 636 2544 βίον
666 2496 823 2544 λαμπρὸν
856 2497 1030 2535 ποιεῖσθαι
1065 2498 1166 2533 1143.

1207 2357 1312 2405 αὐτῆς
1340 2358 1472 2404 δαίμον’
1491 2357 1756 2405 ἀνακαλουμένη
1775 2360 1829 2392 Tr.
1851 2356 1930 2391 910.
1953 2376 1994 2382 —
2021 2358 2035 2400 ΙΙ
2061 2355 2210 2403 δέμας.

1208 2405 1243 2447 ἐξ
1269 2405 1348 2441 ὅτου
1372 2406 1451 2444 νέας
1468 2410 1599 2453 τροφῆς
1623 2404 1721 2464 ἔληξε
1738 2405 1796 2440 καὶ
1812 2404 2013 2452 κατίσχυσεν
2033 2404 2139 2449 δέμας
2156 2403 2211 2436 00

176 2556 237 2579 ταν
262 2543 370 2583 πέλας
393 2545 451 2580 τὸν
471 2538 597 2592 (Ἃιδην
625 2545 781 2592 εἰσορῶσι
805 2548 865 2580 τοῦ
890 2544 963 2592 βίου
981 2550 1062 2580 Ant.
1086 2546 1166 2581 581.
1206 2550 1245 2580 In
1274 2550 1393 2581 ceteris
1421 2549 1585 2589 exemplis
1614 2550 1815 2581 adiectivum
1843 2550 1942 2580 inest.
1971 2566 2015 2570 —
2039 2547 2053 2589 ΙΙ
2079 2545 2211 2590 δόμος
2272 2559 2273 2562 ’

155 2593 203 2624 At
234 2594 359 2625 victum
392 2594 585 2633 significans
619 2591 690 2638 βίος
714 2603 780 2626 non
806 2600 896 2626 earet
919 2596 1074 2628 articulo:
1103 2595 1165 2627 Ph.

1208 2605 1379 2637 nunquam
1413 2606 1487 2627 cum
1520 2596 1658 2628 articulo
1691 2597 1832 2636 dicitur,
1861 2596 1925 2627 etsi
1951 2594 2106 2635 plurimis
2130 2593 2212 2625 locis

157 2635 237 2671 931.
259 2636 340 2672 933.
362 2637 464 2673 1282.
493 2639 562 2673 ΟΒ.
586 2637 688 2673 1461.
711 2659 751 2664 -
779 2640 793 2683 ΙΙ
817 2640 951 2687 γένος.
988 2641 1066 2697 πρὶν
1084 2640 1170 2681 κάξ-
1206 2647 1329 2675 certam
1353 2645 1518 2684 quandum
1544 2643 1584 2674 de
1611 2653 1676 2684 qua
1704 2644 1826 2675 dicitur
1853 2643 1986 2674 domum
2015 2642 2068 2672 vel
2097 2640 2212 2672 sedem
2273 2662 2277 2681 3

156 2691 333 2732 ερημῶσαι
357 2686 454 2733 γένος
471 2687 526 2720 El.
550 2684 651 2720 1010.
696 2686 726 2721 εἰ
749 2687 851 2734 κείνῳ
898 2687 974 2727 ένος
1000 2701 1049 2736 μη
1077 2683 1170 2723 ’δυσ-

155 2731 306 2780 τύχησεν
320 2734 381 2767 ΟΒ
397 2731 478 2767 261.
507 2733 625 2780 γένους
641 2737 702 2769 τοῦ
719 2731 829 2769 Λαΐου
849 2733 866 2767 1
894 2733 950 2769 83.

1207 2691 1391 2731 significat:
1431 2688 1563 2734 δόμων;
1594 2690 1651 2722 OR
1674 2687 1752 2722 632.
1792 2692 1873 2722 Ant.
1900 2685 1980 2720 297.
2011 2685 2112 2721 1155.
2152 2687 2207 2718 Tr.
2270 2706 2275 2723 ς

982 2736 1045 2782 τὴν
1064 2734 1170 2770 πάλαι
1206 2734 1284 2770 392.
1306 2733 1371 2769 961
1388 2737 1438 2769 ch.
1469 2738 1521 2770 ΕΙ.
1537 2734 1592 2768 63.
1614 2734 1670 2768 72.
1691 2734 1770 2769 311.
1792 2735 1870 2769 324.
1889 2733 1968 2767 651.
1987 2731 2087 2767 1119.
2106 2730 2206 2766 1290.
2267 2734 2272 2746 ²

154 2779 274 2826 γένους
293 2779 424 2828 φθοράν
444 2781 498 2814 OC
518 2778 597 2814 369.
641 2780 762 2827 γένους
780 2781 959 2829 ἐπάρκεσιν
977 2781 1059 2825 447,
1080 2786 1168 2826 quod
1205 2783 1332 2829 δόμους
1349 2785 1402 2816 ΕΙ.
1427 2781 1527 2815 1297.
1551 2781 1651 2816 1325.
1675 2781 1775 2816 1352.
1798 2781 1898 2816 1493.
1928 2783 1985 2814 OB
2001 2779 2081 2814 861.
2105 2778 2206 2813 1006.
2267 2782 2276 2793 ⁴

155 2837 175 2859 a
199 2837 261 2860 sua
284 2830 361 2870 quis
388 2831 492 2871 stirpe
518 2833 695 2870 exspectet
716 2830 933 2870 praesidium.
978 2829 1001 2876 ἦ
1017 2830 1081 2876 τὴν
1098 2842 1168 2865 πα-
1204 2832 1258 2864 OC
1285 2828 1364 2863 784.
1400 2832 1482 2863 Ant.
1512 2828 1613 2863 1087.
1645 2828 1745 2863 1255.
1781 2832 1834 2863 Tr.
1857 2829 1935 2862 417.
1972 2831 2027 2862 Ai.
2049 2825 2104 2860 63.
2124 2825 2205 2860 305.

154 2871 253 2908 λαιὰν
277 2873 454 2921 ξυμφορὰν
477 2874 596 2920 γένους
623 2875 732 2922 ἐρεῖς;
753 2873 829 2925 ,596
854 2879 877 2910 i.
899 2888 931 2919 q.
951 2880 1011 2911 τοῦ
1031 2880 1091 2911 σοῦ
1108 2877 1168 2925 γέ-
1205 2877 1321 2923 δόμοις
1339 2879 1392 2910 ΕΙ.
1413 2875 1514 2910 1424.
1545 2878 1598 2909 Tr.
1615 2875 1692 2910 156.
1713 2875 1791 2910 625.
1813 2875 1880 2910 689
1897 2874 2035 2921 (intus).
2055 2876 2113 2907 ΟΒ
2125 2871 2205 2907 422.
2266 2894 2267 2897 =

153 2932 245 2959 νους.
291 2919 386 2960 θεοῖς
413 2923 590 2969 μηνίουσιν
615 2923 663 2960 εἰς
687 2922 784 2969 γένος
809 2922 915 2958 πάλαι
933 2921 1001 2956 965
1022 2925 1046 2956 i.
1067 2935 1099 2967 q.
1119 2924 1167 2963 εἰς
1203 2924 1283 2958 757.
1305 2922 1385 2958 818.
1418 2927 1501 2957 Ant.
1523 2921 1602 2957 651.
1638 2925 1777 2956 Nullum
1801 2925 1994 2966 exemplum
2018 2924 2205 2963 attulimus,
2263 2923 2272 2948 J·

152 2966 280 3014 τούμὸν
297 2968 405 3015 γένος.
447 2969 527 3007 τοὺς
545 2968 609 3009 ἔξω
627 2969 745 3017 γένους
762 2973 844 3003 Ant.
866 2968 934 3004 660
953 2981 998 3004 sc.
1019 2970 1162 3017 τούμοῦ.
1201 2974 1237 3004 in
1265 2982 1329 3014 quo
1355 2970 1398 3005 ἐν
1425 2970 1579 3015 δόμοις
1605 2982 1632 3004 s,
1661 2969 1814 3016 δόμοις
1839 2973 1927 3004 domi
1951 2972 2004 3002 vel
2027 2973 2063 3002 in
2081 2971 2206 3011 patria,
2260 3004 2263 3015 Ξ

153 3018 222 3048 τῶν
242 3012 323 3049 ὑπαὶ
340 3015 458 3063 γένους
479 3014 579 3050 1035.
622 3017 662 3050 τὸ
686 3015 844 3064 λαμπρὸν
867 3022 940 3065 φῶς
957 3016 1167 3063 ἀποσβεννὺς
1202 3020 1316 3052 necin
1343 3029 1408 3061 quo
1434 3017 1591 3064 δόμους
1617 3023 1652 3050 et
1676 3018 1740 3055 εἰς
1766 3017 1927 3064 δόμους
1951 3018 2085 3049 domum
2101 3018 2155 3048 vel
2172 3018 2208 3049 in
2270 3014 2271 3018 ’

152 3059 271 3107 γένους
291 3062 381 3103 Scyr.
407 3066 448 3097 fr.
461 3061 589 3105 497,1.
610 3065 857 3097 Adverbialiter
873 3067 961 3098 dicta
977 3076 1052 3098 cum
1072 3067 1168 3098 addi·
1198 3068 1346 3108 patriam
1369 3067 1583 3106 significaret.
1604 3084 1650 3089 —
1672 3068 1687 3103 ΙΙ
1712 3063 1843 3111 δῶμα.
1882 3064 1982 3110 δῶμα
1999 3063 2129 3098 πάκτου
2145 3065 2203 3096 Ai.

154 3113 228 3141 tum
245 3114 318 3142 tum
336 3111 549 3152 frequentius
566 3114 727 3144 omissum
740 3113 918 3144 articulum
930 3114 1162 3154 monstrantia,
1202 3110 1281 3146 579.
1325 3114 1481 3146 κενοῦ-ται
1500 3110 1600 3156 δῶμα
1618 3109 1794 3156 Καδμεῖον
1812 3114 1868 3145 0Ιί
1885 3109 1943 3144 29.

155 3155 196 3187 de
210 3165 276 3196 qua
289 3166 324 3188 re
338 3157 425 3189 dixit
433 3158 550 3190 Elmsl.
567 3159 608 3190 ad
622 3158 676 3191 OC
692 3155 735 3190 13
748 3163 832 3201 not.‚
847 3169 938 3192 nunc
951 3161 1166 3201 relinquo.—
1203 3159 1319 3205 μάτων
1344 3157 1524 3205 ὑπόστεγοι
1542 3161 1594 3191 El.
1618 3157 1718 3191 1386.
1762 3159 1847 3201 πρὸς
1866 3159 1902 3192 δὲ
1921 3157 2062 3204 δώματα
2078 3162 2205 3206 χωρῶ-
2255 3165 2258 3166 ’
2273 3195 2279 3207 ,3

155 3201 171 3244 ΙΙ
186 3205 238 3248 γῆ
257 3208 292 3235 et
315 3206 430 3251 γαῖα.
459 3201 538 3238 ὅταν
555 3203 708 3251 πορθῆτε
747 3209 825 3240 αῖαν
838 3207 899 3240 Ph.
916 3203 1005 3239 1427
1019 3207 1161 3239 Troiam.
1202 3218 1262 3252 μεν
1282 3207 1338 3239 Tr.
1360 3204 1439 3239 332.
1485 3205 1654 3251 δωμάτων
1680 3205 1762 3240 εἴσω
1780 3205 1859 3239 900.
1905 3205 2072 3251 δωμάτων
2097 3205 2206 3259 πάρος
2248 3209 2273 3251 ΑῘ·

1983 3110 2118 3157 βεβᾶσιν
2137 3109 2207 3144 δω-
2258 3111 2260 3127 ⁵
2285 3099 2288 3111 ¹

154 3250 198 3293 γᾶ
215 3247 385 3294 φθίνουσα
400 3248 517 3297 τρύχει
534 3250 647 3298 ψυχάν
662 3253 719 3285 OR
756 3250 866 3285 66011.
887 3263 932 3286 sc.
954 3251 978 3298 ἡ
996 3252 1161 3299 ἡμετέρα,
1201 3255 1255 3286 Ai.
1277 3250 1322 3285 73
1347 3258 1424 3286 ante
1447 3256 1622 3285 tentorium
1643 3254 1791 3294 procede.
1837 3252 2006 3298 δωμάτων
2033 3251 2097 3293 ἔξω
2118 3262 2206 3298 περα
2247 3248 2277 3287 ·?

154 3299 271 3335 patria.
317 3296 358 3331 ἐκ
383 3296 421 3331 δὲ
447 3301 511 3344 γῆς
538 3297 617 3333 ὅθεν
642 3298 823 3345 προύκειτο
851 3301 906 3333 Tr.
927 3297 996 3333 698
1022 3301 1081 3332 illa
1104 3302 1165 3332 solz·
1200 3299 1258 3333 OR
1274 3297 1353 3334 531.
1399 3299 1440 3333 ἐκ
1465 3298 1503 3333 δὲ
1529 3298 1697 3345 δωμάτων
1718 3299 1807 3347 περᾷ
1826 3303 1906 3332 Ant.
1930 3298 2031 3332 1181.
2068 3286 2203 3331 Articuss

149 3346 253 3381 parte.
293 3341 451 3381 ἅπωστος
468 3347 530 3390 γῆς
548 3343 854 3392 ἀπορριφθήσομαι
871 3348 927 3380 Ai.
951 3344 1040 3379 1019
1066 3347 1164 3380 Sala·
1199 3349 1269 3380 lum
1295 3357 1361 3380 non
1378 3349 1534 3381 adsciscit
1550 3349 1617 3379 nisi
1635 3349 1774 3389 insuper
1791 3349 1901 3380 addito
1919 3349 2084 3389 genitivo,
2109 3347 2203 3378 velut

151 3391 238 3421 'mim
261 3393 372 3429 patria
393 3392 508 3433 pellar·
554 3395 618 3438 γῆς
645 3387 673 3426 δ’
697 3391 827 3427 ἄπεισιν
846 3391 1001 3439 ἀβλαβής
1019 3394 1077 3427 OR
1093 3390 1162 3427 229
1198 3394 1256 3428 ΟΒ
1273 3391 1361 3436 925,
1380 3399 1439 3428 aut
1455 3404 1531 3427 cum
1549 3395 1712 3427 adiectivo
1731 3396 1964 3435 coniunctum,
1988 3395 2074 3435 quod
2091 3394 2129 3426 fit
2146 3393 2203 3426 ΟΒ
2250 3396 2274 3438 ⁴{1
