2288 3600
271 93 369 141 718

265 206 335 253 ἤδη
366 206 492 254 δρόμον
522 205 602 240 726.
642 204 781 240 πολλῶν
812 209 961 252 στυγνῶν
990 201 1017 239 τ’
1040 204 1155 253 ἀχέων
1181 205 1278 240 αἰῶνι

265 254 335 288 852
352 266 396 287 m.
434 252 582 288 ἐλπίδων
606 252 814 287 κοινοτόκων
840 251 1051 298 εὐπατρίδων
1074 265 1110 287 τε
1135 251 1203 286 859
1229 264 1274 285 m.

266 300 333 340 ἕως
363 301 425 347 μὲν
453 301 510 335 τὸν
534 299 613 334 κασί
635 312 736 346 νητον
762 299 825 347 βίῳ
844 298 1018 335 θάλλοντά
1040 294 1068 334 τ’
1095 299 1277 345 εἰσήκουον

265 346 344 382 952.
370 349 430 392 [sic
448 350 525 380 LA:
555 346 623 382 θάλ
648 348 714 382 οντ’
735 346 777 382 ἔτ’
797 349 901 380 Dind.
918 357 946 380 c.
961 349 1108 380 Reiskio.
1155 346 1276 387 ζώσαιν

264 394 447 430 θανούσαιν
464 407 499 428 τε
514 393 592 429 985.
614 394 696 429 αὐτο
725 393 788 440 ειρί
807 405 864 440 μοι
880 393 968 443 μόνῃ
986 406 1022 428 τε
1041 393 1104 427 101
1136 421 1143 427 .
1165 393 1186 427 ἀ
1216 393 1278 441 ρά-

265 454 352 481 στως
381 441 539 480 ἀέλπτως
560 454 597 475 τε
623 440 689 475 126
730 452 777 476 m.
817 440 920 480 ἵλεως
947 440 1066 476 αύτοῖν
1089 439 1173 475 κλύε
1210 444 1277 488 μοῦ

263 501 300 523 τε
327 488 428 522 1377.
465 488 654 528 δεινότατος
681 488 887 535 ἀπομοίκτης
911 500 947 522 τε
973 490 1014 522 fr.
1044 489 1141 531 Capt.
1162 487 1219 529 32,
1239 487 1272 522 2.

263 536 343 575 τοὺς
374 533 401 570 δ’
434 535 533 575 ὄντας
557 535 702 574 ἐσθλοὺς
726 535 766 570 ἔκ
789 548 825 570 τε
850 535 1010 583 γενναίων
1029 533 1103 581 ἅμα
1147 541 1276 583 εγῶτας

265 582 355 617 Alet.
376 582 431 626 94,
454 582 485 617 3.
515 582 604 617 λέων
623 583 758 630 δράκων
775 595 812 617 τε
828 584 911 616 Ach.
932 585 1008 616 Am.
1032 581 1111 624 163,
1158 609 1164 616 .
1193 581 1277 618 Πίν-

265 629 325 665 δου
343 628 490 676 Λάκμου
507 642 543 664 τε
560 633 674 664 Inach.
695 628 784 672 265,
805 628 839 663 2.
880 630 1043 678 τρίγωνος
1067 629 1277 665 ἀντίσπαστά

264 690 300 711 τε
318 677 464 724 ἐφυμνεῖ
480 677 667 726 συγχορδία
682 679 768 718 Mys.
785 675 865 719 361,
883 677 915 712 1.
944 677 1088 716 πεσσοὺς
1098 677 1224 724 κύβους
1240 689 1276 711 τε

266 727 386 767 Naupl.
409 724 489 767 380,
509 724 544 758 4.
570 723 660 760 θεῶν
677 726 846 771 πατρώων
872 730 940 759 τῶν
958 736 994 759 τε
1012 724 1191 772 φυσάντων
1209 723 1276 759 ἄπο

267 774 343 806 Ter.
361 771 446 814 517,
465 770 497 805 8.
991 771 1042 816 (ΙΙ
1055 784 1089 815 p.
1106 770 1278 817 792,18.)

335 818 369 853 2.
398 822 511 861 Longe
538 822 645 853 rarius
664 822 808 860 inteyras
825 822 1002 852 sententias
1021 821 1195 860 coniungit
1219 831 1274 860 τε,

266 872 301 899 et
317 869 446 909 duplici
463 869 598 909 quidem
616 868 731 908 m0d0;
760 878 835 900 cum
859 869 951 900 enim
968 872 1119 900 tenorem
1137 872 1277 900 senten-

265 917 389 947 tiarum
419 919 596 957 propagat,
639 919 713 947 tum
749 925 849 947 novas
881 916 1076 947 introducit.
1135 917 1190 948 Ex
1221 916 1278 947 illo

266 972 387 1003 genere
403 963 485 994 hacc
502 966 594 995 sunt.
624 961 727 1007 μόνον
746 960 821 996 θεοὶ
838 960 976 1000 σώζοιεν
995 960 1035 995 ἔκ
1051 973 1088 1009 γε
1107 962 1159 1004 [τε
1171 963 1274 994 Dind.

265 1021 293 1042 c.
315 1008 519 1055 Gernhard]
551 1009 654 1055 τῆσδε
697 1012 736 1047 ’ς
752 1007 865 1054 ἡμᾶς,
894 1008 973 1043 ὅποι
987 1005 1015 1043 τ’
1036 1007 1177 1044 ἐνθένθε
1195 1007 1278 1054 βου-

265 1054 435 1102 λοίμεσθα
451 1055 550 1090 πλεῖν
568 1058 628 1090 Ph.
650 1055 671 1089 5
692 1021 729 1089 3.
758 1057 805 1094 ὡς
825 1053 940 1103 μάθῃς
958 1055 1015 1103 ἀφ’
1033 1057 1079 1090 ὦν
1097 1055 1216 1096 διέζων
1232 1056 1278 1094 ὥς

265 1105 292 1137 τ’
310 1103 393 1150 ἔφυν
411 1102 590 1150 εὐκάρδιος
607 1102 686 1137 535.
716 1103 890 1151 φορβάδος
908 1105 948 1139 ἔκ
964 1115 1000 1137 τε
1021 1107 1083 1152 γᾶς
1101 1102 1192 1137 ἑλεῖν
1211 1101 1278 1136 700

267 1152 318 1184 ch.
340 1162 417 1184 cum
435 1153 651 1193 anacolutho3
688 1163 720 1184 v.
741 1153 858 1184 Herm.
899 1154 1019 1196 [deleto
1043 1162 1079 1184 τε
1103 1152 1206 1185 Dind.
1239 1149 1278 1184 ἐκ

289 1197 363 1237 αίας
391 1198 557 1242 scripsit]
592 1196 697 1244 ἵδρως
721 1198 922 1239 καταστάζει
948 1198 1054 1243 δέμας
1082 1197 1226 1243 μέλαινά
1250 1198 1277 1231 τ’

267 1257 376 1292 ακρου
401 1258 451 1284 τις
467 1245 685 1294 παρέρρωγεν
711 1245 814 1284 ποδὸς
838 1245 1054 1293 αἱμορραγὴς
1080 1244 1172 1292 φλέψ
1196 1243 1275 1277 824.

267 1294 316 1332 ὡς
333 1293 450 1341 παρὼν
468 1292 507 1327 σύ
532 1289 560 1340 γ’
586 1292 748 1338 ἐμποδὼν
773 1292 891 1342 ὀχλεῖς
910 1291 1022 1332 συθείς
1047 1289 1071 1326 τ’
1100 1290 1140 1326 ἂν
1159 1292 1222 1327 οὐκ
1238 1290 1278 1326 ἂν

269 1339 430 1388 ἀλγύναις
456 1338 562 1375 πλέον
587 1341 644 1373 OR
660 1338 741 1373 446.
775 1334 876 1388 χρείη
902 1345 1042 1388 μιγῆναι
1059 1339 1163 1386 μητρὶ
1241 1338 1279 1373 τό

270 1481 308 1520 ὅς
338 1481 372 1528 μ’
400 1482 449 1517 ἀπ
486 1481 604 1529 ἀγρίας
630 1481 736 1520 πέδας
761 1481 881 1529 ἔλαβεν
905 1483 974 1518 ἀπό
1002 1495 1039 1517 τε
1058 1482 1164 1531 φόνου
1183 1481 1282 1528 ἔρυτο

274 1527 365 1563 1350
381 1531 433 1563 ch.
462 1528 557 1564 ἄκων
587 1529 624 1577 ἔγ
653 1542 701 1575 μα
730 1529 924 1578 φθέγγομαί
949 1527 977 1564 τ’
1004 1529 1101 1565 ἄκων
1122 1528 1203 1564 τάδε
1229 1529 1284 1562 OC

272 1575 353 1610 987.
399 1575 547 1623 μέθεσθε
577 1576 605 1610 δ’
661 1576 703 1624 δη
756 1577 888 1624 αἱρετόν
909 1590 946 1612 τε
973 1576 1075 1610 1437.
1113 1579 1281 1625 χωρεῖ

273 1622 363 1658 θεῶν
379 1636 417 1658 τε
433 1623 494 1659 τάν
512 1622 720 1670 ὑπερτάταν,
770 1627 809 1659 ἄν
887 1623 1091 1673 ἀποτρύεται
1106 1628 1187 1658 Ant.
1200 1621 1280 1657 338.

301 1671 370 1718 έρει
386 1671 480 1706 κόνιν
507 1670 547 1705 ἔκ
567 1670 595 1704 τ’
613 1671 819 1719 εὐκροτήτου
908 1672 1040 1720 πρόχου
1068 1671 1183 1719 στέφει
1201 1669 1281 1704 430.

270 1717 440 1767 αρχεσθαι
457 1717 569 1754 θέλειν
582 1745 590 1761 ,
619 1717 718 1766 δορός
734 1732 754 1753 τ
780 1717 820 1753 ἂν
846 1719 881 1754 ἐν
898 1725 1046 1768 χειμῶνι
1073 1719 1184 1765 μένειν
1202 1716 1281 1751 670.

274 1764 366 1826 ἔχεις
392 1765 454 1812 μὲν
475 1770 543 1800 τῶν
569 1764 639 1800 ἄνω
659 1765 781 1846 gethim
799 1766 894 1801 κάτω
918 1767 1033 1815 ψυχήν
1057 1769 1084 1801 τ’
1101 1765 1232 1812 ἀτίμως
1251 1764 1285 1799 ἐν

272 1826 315 1848 τα
343 1826 372 1859 ῳ
395 1807 587 1861 κατῴκισας
616 1811 658 1846 10
683 1812 716 1847 9.
752 1813 795 1860 ῆν
822 1813 976 1860 ζηλωτὸς
1007 1816 1118 1852 σώσας
1138 1813 1200 1858 μὲν

273 1860 316 1896 λα
340 1861 388 1895 ών
404 1872 441 1894 τε
521 1860 708 1909 μοναρχίαν
722 1859 852 1908 ηὔθυνε
866 1859 969 1894 1163.
991 1860 1056 1900 ἕως
1072 1873 1122 1899 τις
1200 1860 1285 1907 γυνὴ

273 1906 395 1956 κληθῇ
406 1936 414 1951 ,
441 1906 531 1956 λάβῃ
548 1908 576 1941 τ’
601 1908 636 1942 ἐν
662 1908 759 1943 νυκτὶ
783 1907 970 1956 φροντίδων
993 1908 1097 1956 μέρος
1128 1910 1182 1941 Tr.
1206 1905 1283 1941 149.

271 1954 506 2003 ἐπιστρατεύει
537 1954 685 2002 πατρίδα
812 1954 960 1990 *κτείνει
991 1954 1018 1990 τ’
1043 1955 1174 1990 ἄνακτα
1202 1954 1282 1988 364.

278 2004 442 2046 [extrema
459 2003 597 2036 seclusit
621 2004 802 2046 Hartung.]
826 2002 896 2037 τόδ’
919 2002 1022 2052 ἄγγος
1045 2001 1151 2042 δεῖξαι
1174 2002 1286 2050 λόγων

273 2062 310 2085 τε
327 2049 437 2085 πίστιν
455 2048 648 2096 ἐφαρμόσαι
666 2048 746 2083 623.
782 2049 957 2096 τόλμησον
983 2050 1151 2096 οἴκτειρόν
1176 2049 1214 2084 τέ
1244 2061 1286 2096 με

281 2095 383 2130 1070.
417 2095 442 2143 ἥ
471 2108 530 2143 μοι
556 2096 658 2145 μητρὶ
684 2097 746 2143 μὲν
765 2096 881 2132 θανεῖν
899 2098 973 2144 μόν’
1015 2096 1204 2144 μεταίτιος,
1235 2095 1286 2131 σοί

273 2110 1089 2239 &aifre{reit3232122.5';.5’.3.22ff
1114 2143 1281 2239 ‘gissa’

277 2237 357 2272 831.
386 2237 471 2286 γελᾷ
554 2237 662 2273 πολὺν
679 2238 814 2286 γέλωτα
828 2267 835 2280 ,
871 2237 928 2279 ξύν
949 2252 985 2274 τε
1007 2238 1124 2274 διπλοῖ
1141 2237 1284 2285 βασιλῆς

275 2283 346 2320 958
363 2287 415 2319 ch.
454 2284 555 2323 σέλας
580 2284 653 2332 ἑῷα
676 2289 766 2320 κινεῖ
816 2282 991 2333 θέγματ’ὀ
1015 2285 1121 2321 νίθων
1141 2285 1284 2332 μέλαινά

273 2329 299 2367 τ’
319 2331 453 2381 ἄστρων
480 2331 679 2368 ἐκλέλοιπεν
704 2333 789 2381 εὐφρ
812 2345 855 2380 νη
881 2335 934 2366 El.
966 2333 982 2366 1
1013 2361 1020 2368 .
1056 2331 1181 2381 ἐχθρὸς
1207 2331 1284 2367 οὔτε

272 2375 1284 2475 arestaris3.f‡.‘5.⁶.2ssz‘.2122.0³”22;..2333233

270 2473 449 2522 διατριβὰς
467 2454 667 2522 σοφωτάτας
685 2474 807 2522 ἐφεῦρε
824 2477 947 2518 Naupl.
967 2473 1046 2517 380,
1068 2474 1101 2509 2.
1120 2470 1166 2499 ”-
1191 2477 1287 2507 Alte-

276 2524 346 2555 rius
360 2523 504 2554 oeationis
521 2523 603 2555 haec
621 2524 777 2564 exempla
794 2525 922 2564 reperi,
950 2533 1093 2565 quorum
1110 2524 1282 2565 plerisque

270 2567 315 2603 δέ
332 2579 398 2602 non
416 2571 531 2602 minus
549 2570 833 2602 accommodatum
851 2574 915 2603 est.
952 2569 1115 2617 προσθείς
1131 2581 1167 2603 τε
1184 2573 1286 2617 χεῖρα

276 2614 385 2656 δεξιὰν
402 2615 444 2650 τὰ
466 2614 549 2655 τόξα
567 2628 633 2661 μου
721 2615 794 2663 ἔχει
816 2618 876 2650 Ph.
898 2614 978 2650 942.
1016 2619 1076 2651 νῦν
1101 2611 1124 2650 τ’
1154 2611 1285 2651 ...ἷκε-

274 2661 418 2709 τεύομέν
437 2674 473 2696 σε
490 2662 613 2702 πάντες
636 2661 709 2698 οἵδε
725 2675 751 2697 π
773 2662 935 2711 όστροποι
952 2665 1009 2697 OR
1022 2661 1080 2697 40.
1114 2660 1223 2710 Ἀρέα
1248 2675 1284 2697 τε

270 2709 332 2744 τὸν
352 2709 499 2756 μαλερόν
578 2709 717 2744 νωτίσαι
765 2708 811 2743 90
828 2713 880 2744 ch.
916 2711 974 2745 τὸν
999 2710 1230 2758 χρυσομίτραν
1248 2722 1285 2743 τε

274 2755 355 2791 κικλ
384 2769 456 2791 σκω
548 2755 691 2805 Βάκχον
723 2755 792 2791 209
816 2759 869 2791 ch.
907 2757 947 2792 τό
975 2769 1012 2792 τε
1039 2757 1284 2804 κατάμεμπτον

277 2803 375 2838 ἐπιλέ
399 2816 482 2852 ογχε
527 2807 616 2852 ῆρας
640 2804 695 2838 OG
717 2802 807 2838 1234
824 2807 876 2839 ch.
898 2803 931 2839 οἵ
955 2803 983 2838 τ’
1001 2804 1146 2843 ὀπάονες
1226 2804 1285 2850 ὁρ-

269 2849 388 2897 μᾶσθε
405 2853 488 2884 Ant.
533 2850 600 2885 108
616 2853 668 2886 ch.
689 2863 722 2886 v.
743 2850 791 2890 ὃς.
812 2850 874 2886 οἵτ’
886 2853 954 2885 ΡΑ.
975 2853 1123 2885 Brunck.
1146 2850 1284 2897 [Dind.]

276 2909 304 2956 ρ.
327 2899 427 2932 Trici.
447 2892 491 2932 ἴτ’
506 2893 549 2932 ἴτ’
565 2897 711 2937 ὀπάονες
729 2900 906 2954 scribendo
924 2901 1034 2932 locum
1047 2903 1280 2941 corruperunt.

275 2944 688 3035 Ἇῗῗῗιέἓ.μᾎῃξῗᾷξζῖιῗ
702 2944 1286 3026 2231&ssssssffihiffskfissmffssssffssssff

276 3049 372 3072 verso
395 3041 509 3072 malim
526 3041 627 3072 scribi
651 3037 751 3085 ὑμεῖς
776 3039 826 3074 δέ.
861 3038 926 3086 ἥδε
942 3036 966 3074 τ’
988 3038 1058 3075 οὐδ’
1075 3037 1116 3074 ἂν
1144 3039 1174 3074 εἰ
1189 3036 1281 3097 κάρτ’

268 3083 433 3132 ’ἐντακείη
456 3087 505 3134 τῷ
521 3085 632 3134 φιλεῖν
659 3097 705 3119 sc.
725 3085 828 3134 λόγον
852 3086 961 3121 κακὸν
980 3085 1108 3121 οἴσεται
1126 3088 1180 3120 Tr.
1201 3086 1281 3122 462.

276 3131 381 3178 πῆξαι
398 3137 570 3180 σκῆπτρον
646 3132 691 3168 ἐκ
705 3146 742 3167 τε
758 3130 844 3168 τοῦδ’
865 3132 937 3168 ἄνω
962 3132 1121 3180 βλαστεῖν
1139 3132 1286 3181 βρύοντα

276 3177 406 3214 θαλλόν
425 3182 477 3213 El.
497 3178 578 3213 421.
616 3179 653 3214 δέ
677 3182 802 3223 optime
820 3183 973 3221 congruit
995 3192 1071 3214 cum
1100 3183 1280 3215 sententia.

272 3228 404 3259 Horum
416 3253 424 3269 ,
452 3238 539 3269 quae
564 3238 640 3260 cum
658 3230 830 3260 sententia
854 3230 1007 3261 absoluta
1025 3229 1153 3260 dictum
1169 3239 1206 3262 τε
1223 3230 1282 3262 ha-
1320 3226 1397 3261 353.
1428 3226 1461 3262 οἵ
1476 3240 1512 3261 τε
1531 3228 1658 3273 μέσσαν
1676 3226 1815 3275 Μηλίδα
1833 3229 1899 3275 πὰρ
1918 3229 2039 3288 λίμναν
2063 3226 2219 3278 χρυσαλα
2234 3247 2241 3254 —

269 3274 377 3314 -bent,
407 3275 547 3306 minime
564 3276 676 3306 omnia
705 3284 764 3316 que
781 3279 817 3307 et
833 3279 862 3307 et
885 3276 998 3308 latinis
1016 3276 1187 3316 particulis
1205 3286 1285 3309 con·
1318 3273 1346 3309 τ’
1362 3273 1467 3310 ἀκτὰν
1483 3274 1526 3309 κό
1550 3288 1589 3314 ας
1607 3274 1674 3308 635
1693 3278 1744 3309 ch.
1781 3276 1908 3321 πατρός
1930 3289 1950 3311 τ
1984 3276 2117 3323 ἐκείνης
2139 3272 2180 3316 τ’,
2205 3273 2233 3308 ὁ

275 3322 438 3362 verteris3
476 3323 588 3363 aliqua
611 3323 702 3353 enim
720 3332 771 3354 res
788 3324 1015 3364 exprioribus
1033 3328 1282 3364 consequentes
1317 3320 1475 3368 νισμένος
1504 3320 1673 3368 βιον942.
1713 3322 1755 3357 τά
1783 3318 1811 3357 τ’
1841 3321 1900 3357 οὗν
1918 3323 2024 3370 πάρος
2040 3323 2082 3358 τά
2105 3335 2124 3356 τ
2157 3318 2224 3359 εἷσέ

276 3369 497 3399 monstrantia
509 3372 676 3408 praeterea
693 3379 720 3401 s.
737 3379 835 3409 porro
849 3370 1094 3411 interpreteris,
1115 3371 1208 3401 velut
1224 3371 1278 3402 El.
1316 3371 1372 3401 -Αὶ,
1394 3367 1449 3401 34.
1490 3368 1574 3415 πρός
1602 3381 1638 3402 τε
1667 3368 1812 3414 ποίμνας
1842 3370 1996 3416 ἐκτρέπω
2026 3367 2197 3415 σύμμικτά
2225 3358 2273 3403 τέ,

1269 87 1329 139 Τε

1986 105 2030 148 [Π
2046 115 2080 148 p.
2101 102 2282 140 792-704

1313 204 1394 240 421.
1423 207 1478 241 OC
1498 206 1621 250 1234.;
1651 211 1717 241 alia
1731 219 1775 241 ex
1802 211 1967 251 prioribus
1993 212 2282 252 argumentatione

1314 256 1522 288 continentia
1546 258 1592 287 sic
1617 258 1730 297 iyitur,
1762 258 1857 290 velut
1873 258 1929 290 Tr.
1949 255 2030 291 462.
2062 259 2121 291 OB
2143 256 2202 291 40.
2229 259 2283 292 An

1316 299 1417 335 1108.
1447 321 1490 327 —
1524 304 1651 336 Eodem
1677 305 1771 336 modo
1799 305 1978 338 iudicanda
2002 306 2159 349 exempla
2175 309 2257 338 sunt
2278 318 2282 327 ¹

1313 350 1348 380 in
1366 351 1526 391 colloquio
1556 352 1596 382 ad
1625 352 1763 383 alterius
1788 353 1997 385 collocutoris
2020 362 2208 386 sermonem
2231 354 2281 386 rel

1314 400 1387 428 tum
1403 398 1628 430 ostendentia.
1658 397 1784 443 πατρός
1807 409 1843 432 τε
1860 393 2000 447 χρῄζων
2017 399 2067 446 μὴ
2087 398 2210 446 φονεὺς
2231 397 2281 433 εἶν

1313 443 1371 475 OR
1390 441 1489 476 1001.
1519 445 1562 476 Et
1576 449 1745 486 praeterea
1763 447 2003 489 interpretare,
2022 458 2054 479 ν.
2077 446 2207 481 Sohaef.
2251 447 2283 480 S«

1313 491 1398 531 quod
1417 492 1533 523 Herm.
1556 493 1690 533 scripsit
1707 497 1821 525 contra
1837 495 1938 526 libros
1961 492 2064 539 τήνδε
2080 488 2109 528 τ’
2125 493 2166 528 οὐ
2185 504 2284 539 μακρ·

1311 537 1437 584 χρόνου
1456 538 1510 570 OC
1528 536 1608 572 821.
1624 565 1632 580 ,
1653 541 1779 572 rectius
1797 542 1913 582 corrigi
1929 540 1993 587 τὴν
2010 539 2048 575 δέ
2064 540 2094 588 γ’
2110 539 2150 575 οὐ
2165 542 2203 573 in
2220 552 2252 573 v.
2270 539 2283 572 ἑ

1312 586 1474 618 diximus.
2041 586 2093 632 (Π
2102 599 2136 630 p.
2149 585 2230 630 793,
2242 584 2284 620 24

1383 630 1415 664 3.
1446 633 1617 672 Quomodo
1634 644 1709 666 cum
1727 635 1801 666 aliis
1819 636 1994 677 particulis
2011 637 2133 668 similis
2151 636 2283 676 signissc

1313 681 1418 712 tionis
1436 681 1627 722 colligetur,
1657 691 1777 721 magna
1793 692 1836 714 ex
1853 686 1946 724 parte
1962 684 2038 715 aliis
2062 684 2143 715 locis
2159 692 2284 724 exposu

1313 738 1400 760 mus.
1427 729 1467 759 In
1486 738 1517 759 v.
1538 726 1596 761 καί
1613 730 1830 761 tractavimus
1854 740 1900 762 τε
1924 728 1998 764 καί
2023 740 2100 762 cum
2116 731 2214 762 iuxta
2227 738 2284 772 ,pos

1313 779 1405 816 tum,
1433 779 1506 807 tum
1523 776 1598 807 aliis
1615 777 1750 808 vocibus
1768 777 1991 818 diremptum,
2020 779 2103 809 item
2119 775 2179 811 καί
2197 803 2204 809 .
2221 802 2228 809 .
2242 802 2249 810 .
2269 788 2284 810 τ

1312 833 1349 855 τε
1427 833 1463 854 τε
1479 820 1556 863 καί,
1588 834 1624 855 τε
1653 822 1711 856 καὶ
1731 850 1738 857 .
1753 849 1759 856 .
1777 851 1784 857 .
1810 822 1868 857 καί
1898 828 1931 856 et
1955 825 2126 866 quidquid.
2148 828 2283 865 praeter

1314 879 1429 902 earum
1446 871 1685 910 particularum
1709 871 1800 902 varie
1824 872 1915 903 inter
1938 881 1974 903 se
1996 873 2252 914 compositarum
2269 881 2284 903 r

1314 918 1457 958 peritur.
1488 917 1656 956 Quomodo
1674 916 1783 963 μήτε
1809 923 1845 950 et
1869 917 1969 952 οὔτε
1994 923 2071 961 post
2086 920 2180 951 illato
2197 930 2242 952 τε
2259 927 2283 951 ez

1314 965 1460 1005 cipiatur
1472 990 1479 1004 ,
1507 965 1542 996 in
1562 963 1650 1009 μήτε
1668 969 1702 997 et
1720 962 1796 998 οὔτε
1814 966 1972 998 vidimus.
2279 989 2281 993 .

1386 1010 1453 1043 Sed
1476 1023 1521 1044 τε
1548 1021 1647 1053 saepe
1666 1013 1731 1053 bis,
1754 1016 1819 1054 ter,
1842 1017 1975 1054 quater,
1998 1015 2168 1056 quinquies
2183 1014 2284 1046 dicite

1315 1062 1349 1090 et
1365 1060 1401 1090 in
1419 1060 1674 1091 enumeratione
1694 1060 1901 1100 singulorum
1919 1065 1955 1093 et
1972 1061 2118 1102 simplici
2134 1065 2170 1093 et
2186 1070 2235 1103 ea,
2257 1070 2282 1103 q·

1314 1104 1371 1139 καί
1397 1107 1538 1138 iteratur
1561 1107 1615 1137 vel
1641 1108 1789 1139 crebrius
1812 1109 1967 1149 ponitur,
1995 1109 2255 1149 significatione,

1315 1154 1355 1185 de
1373 1154 1528 1194 pluribus
1551 1154 1660 1195 idem,
1690 1155 1743 1186 vel
1767 1155 1807 1186 de
1826 1165 1893 1187 uno
1914 1156 2012 1197 plura
2037 1157 2213 1189 coniuncta
2228 1165 2283 1198 prs

1315 1201 1422 1241 dicet3
1453 1204 1525 1232 tum
1550 1202 1585 1232 in
1612 1203 1793 1233 sententiis
1814 1203 1969 1243 integris.
1998 1203 2057 1235 Bis
2081 1204 2219 1245 ponitur
2235 1205 2272 1234 et

1316 1250 1558 1280 enumeratione
1588 1249 1742 1289 quidem:
1772 1248 1807 1282 ἔν
1836 1245 1861 1282 τ’
1896 1248 2031 1288 ὀδύναις
2059 1248 2147 1295 ὁμοῦ
2176 1248 2271 1296 λιμῷ

1317 1293 1453 1340 οἰκτρός
1478 1296 1539 1327 Ph.
1563 1293 1628 1327 185
1654 1297 1705 1328 ch.
1741 1295 1784 1330 τά
1800 1291 1833 1331 θ’
1850 1291 1928 1330 ὅπλ’
1945 1290 2098 1343 ἀπῄτουν
2120 1291 2182 1332 τοῦ
2198 1306 2288 1343 πιιιτρ1

1290 1332 1293 1380 ἶ,
1315 1340 1358 1375 τά
1373 1339 1396 1375 τ’
1418 1338 1489 1375 ἄλλ’
1512 1337 1557 1375 ὅσ
1585 1342 1628 1387 ἦν
1654 1340 1733 1376 362.
1779 1341 1896 1384 Φοῖνίξ
1924 1340 1953 1378 θ’
1986 1339 2035 1389 [θ’
2051 1346 2145 1377 abest
2162 1355 2182 1377 a
2198 1342 2282 1389 LA<

267 1399 304 1422 τε
321 1387 475 1435 πατρῷον
499 1386 587 1433 αἷμα
610 1386 708 1436 χερσὶ
732 1392 809 1427 ταῖς
827 1387 927 1435 ἐμαῖς
953 1387 1044 1423 ἑλεῖν
1062 1386 1141 1421 995.
1184 1382 1293 1435 ὅντινᾎ

268 1434 394 1482 ἀρτίως
423 1433 545 1490 μρλεῖν
574 1431 762 1482 ἐφιέμεσθα
788 1435 847 1470 τόν
873 1431 905 1471 θ’
930 1435 1029 1474 οὗτος
1057 1434 1150 1482 λέγει
1177 1433 1279 1467 1055.

1317 1387 1463 1436 πρέσβυς
1483 1387 1566 1423 οἵτε
1584 1387 1726 1436 Θησέως
1742 1389 1839 1436 κόροι
1855 1388 1934 1424 562.
1968 1390 2043 1426 ὅσιά
2059 1403 2094 1426 τε
2113 1393 2240 1438 φωνεῖς
2258 1389 2288 1425 ἔιῖ

1316 1435 1356 1478 τ’,
1385 1437 1412 1471 ὧ
1436 1435 1576 1478 τέκνον,
1608 1435 1708 1482 θέμις
1725 1435 1804 1471 662.
1850 1436 1940 1473 οὕτω
1964 1438 2017 1473 σοί
2039 1437 2068 1473 τ’
2093 1434 2179 1478 ἔδοξ’
2197 1436 2275 1484 ἐμοί

1320 1483 1401 1531 δρᾶν
1420 1481 1500 1517 888.
1538 1482 1589 1522 οἷς
1612 1479 1640 1517 τ’
1664 1483 1765 1523 αὑτὸς
1793 1483 1980 1533 ἐξήμαρτεν
2008 1484 2059 1525 οἷς
2074 1480 2103 1519 τ’
2120 1485 2188 1533 ἐγὼ
2205 1482 2288 1521 ’παθί

1322 1529 1422 1565 1012.
1458 1529 1543 1578 ὑπέρ
1567 1527 1595 1564 τ’
1620 1526 1680 1565 Ἀτ
1703 1531 1801 1566 ειὸῶν
1825 1535 1886 1567 τοῦ
1911 1544 1948 1567 τε
1965 1532 2160 1579 σύμπαντος
2185 1543 2288 1579 στρα·ιι

1322 1577 1422 1612 1294.
1459 1577 1517 1612 ἐάν
1533 1573 1557 1612 τ’
1581 1543 1776 1625 Ἀχιλςιέως
1802 1583 1883 1618 παῖς
1907 1579 1966 1614 ἐάν
1989 1593 2026 1615 τε
2049 1581 2098 1629 μὴ
2116 1579 2204 1640 θέλῃ
2225 1577 2288 1614 129

1318 1624 1446 1721 ῗῖἓῖίῖι
1458 1625 1664 1716 ἷῖζέρέὐῖἷν
1675 1624 1726 1707 [ξὲ
1743 1628 2092 1719 ζξθῗέιῖ.”ἓε”ίῖῖῗζ
2109 1625 2288 1710 35ςῖἒέιὲἷῖ

1319 1724 1393 1759 τοῖς
1425 1721 1452 1753 τ’
1478 1719 1576 1765 ἐμοῖς
1603 1719 1718 1767 λόγοις
1749 1719 1851 1755 1374.
1896 1721 2005 1769 αὐδὴν
2027 1722 2091 1770 τὴν
2119 1717 2162 1758 Ἡ
2186 1721 2288 1757 ακλέιὲ

1323 1767 1414 1815 ἀκοῇ
1436 1778 1472 1800 τε
1494 1765 1610 1801 κλύειν
1634 1765 1784 1802 λεύσσειν
1808 1763 1837 1802 τ’
1861 1767 1936 1816 ὄψιν
1957 1767 2046 1803 1412
2063 1781 2108 1804 m.
2143 1783 2162 1804 τ
2202 1767 2288 1816 Διόςξ

1323 1814 1462 1862 φράσων
1490 1813 1707 1860 βουλεύματά
1733 1827 1802 1858 σοι,
1830 1815 2070 1863 κατερητύσων
2094 1811 2127 1852 θ’
2143 1817 2224 1852 ὁδόν
2243 1814 2288 1859 1⁴4}

1323 1873 1375 1895 an.
1405 1861 1539 1908 πέρσεις
1554 1873 1591 1895 τε
1599 1860 1731 1921 ’Τροίαν
1742 1891 1749 1905 ,
1772 1862 1881 1921 σκέλά
1889 1876 1916 1921 ξι·
1940 1863 1990 1902 είς
2008 1863 2166 1911 μέλαθρα
2182 1863 2225 1921 σᾷ
2239 1861 2288 1902 n&

1322 1909 1397 1991 ἳῖῗές
1409 1907 1627 2003 1ἒ2ἔάνζὲῖῗ
1637 1908 2026 2003 ἷξοῑξξλθοιῗῗοῗ“ἓλνοὲἰ
2034 1909 2288 2040 ἒῖἶῖἶρῖξαῑίέί

1323 2003 1358 2038 ἔν
1383 2016 1419 2038 τε
1445 2002 1614 2049 δαιμόνων
1640 2002 1866 2052 ξυναλλαγαῖς
1890 2003 1947 2038 33.
1984 2005 2024 2040 σύ
2046 2001 2075 2040 τ’
2098 2005 2197 2044 εἶπας
2215 2018 2233 2040 ο
2283 2002 2288 2038 ί

1321 2050 1445 2097 ἀρτίως
1468 2047 1625 2097 Κρέοντα
1721 2051 1923 2098 σημαίνουσί
1949 2065 2006 2098 μοι
2023 2051 2078 2087 78.
2114 2053 2158 2087 τά
2173 2065 2210 2087 τε
2227 2041 2288 2138 aab]

1322 2097 1423 2144 βέλεα
1501 2098 1562 2136 τάς
1577 2110 1613 2132 τε
1630 2098 1826 2146 πυρφόρους
1844 2097 1965 2146 αἴγλας
1982 2098 2050 2133 203
2067 2101 2118 2135 ch.
2138 2101 2188 2148 τῷ
2203 2112 2240 2134 τε
2263 2138 2266 2139 ⁷

1321 2158 1397 2192 μονι
1421 2145 1471 2192 τῷ
1491 2140 1520 2179 τ’
1546 2144 1640 2192 ἀνδρὶ
1727 2145 1910 2194 σύμμαχος
1928 2145 2023 2181 πέλω
2044 2145 2123 2180 244.
2160 2146 2224 2182 οὐκ
2238 2144 2280 2184 df

1318 2190 1342 2226 τ’
1372 2191 1490 2230 οἴκους
1513 2192 1552 2227 σύ
1575 2204 1631 2235 τε,
1653 2190 1766 2240 Κρέον
1781 2221 1789 2235 ,
1815 2193 1904 2228 κατὰ
1921 2193 1978 2228 στέ
2001 2207 2040 2233 ας
2058 2192 2137 2229 637.
2164 2193 2231 2242 κρά
2256 2195 2278 2218 ‘—

1317 2236 1342 2274 τ’
1364 2237 1423 2274 εἶδ’
1444 2239 1569 2286 ἔχοντα
1586 2237 1694 2274 Λάϊον
1711 2239 1742 2275 τ’
1766 2239 1922 2275 ὀλωλότα
1938 2241 1982 2275 75
2012 2268 2019 2274 .
2054 2237 2090 2288 μ’
2108 2240 2125 2276 ὅ
2142 2238 2171 2277 θ’
2191 2240 2215 2287 ἡ

1320 2286 1420 2325 αὐτός
1445 2283 1477 2322 θ’
1504 2286 1521 2321 ὁ
1547 2286 1696 2344 πρέσβυς
1714 2287 1798 2334 πρὸς
1817 2286 1890 2333 βίαν
1907 2287 2100 2336 ἠλαυνέτην
2121 2286 2201 2322 804.
2264 2295 2276 2337 'r

1319 2333 1347 2368 τ’
1379 2334 1427 2373 εἰς
1461 2333 1571 2368 ἔπαυλ
1617 2334 1684 2382 ἐγὼ
1709 2333 1879 2380 ἤλαυνον,
1907 2333 2007 2374 οὗτός
2031 2333 2055 2369 τ’
2081 2336 2131 2375 είς
2148 2334 2198 2370 ’τὰ
2219 2333 2275 2379 A‘

1322 2380 1462 2440 σταθμοί
1485 2380 1584 2436 1138.
1616 2381 1741 2440 ,μήτηρ
1763 2381 1801 2416 τέ
1829 2394 1887 2428 μοι
1903 2381 2017 2431 πατήρ
2031 2381 2213 2439 τε,1452.”
2255 2391 2272 2432 J

1319 2441 1382 2474 της
1399 2440 1486 2475 υπερ
1503 2441 1522 2462 τ
1550 2427 1635 2475 ἐμου
1654 2441 1759 2475 αυτης
1775 2442 1810 2463 τε
1837 2430 1890 2462 OC
1909 2428 1965 2463 33.
2004 2441 2048 2477 τῃ
2062 2429 2086 2466 θ
2121 2429 2216 2464 αἰτου
2251 2448 2275 2470 ες,

1321 2475 1399 2521 ἐμοί
1414 2487 1450 2509 τε
1469 2474 1548 2509 308.
1591 2475 1695 2522 τῆσδέ
1722 2488 1758 2510 τε
1788 2479 1931 2519 μαντεῖα
2022 2476 2065 2511 τά
2087 2474 2112 2511 τ’
2141 2475 2176 2516 ἐξ
2204 2475 2267 2523 [w

1322 2525 1424 2555 Dind.
1446 2534 1474 2556 c.
1491 2523 1631 2568 Heath.]
1651 2522 1735 2569 ἐμοῦ
1753 2522 1952 2571 παλαίφατα
1965 2523 2044 2558 452.
2074 2523 2175 2562 αὐτός
2191 2535 2228 2557 τε
2255 2527 2276 2569 Λ,-

1322 2570 1376 2608 δες
1394 2566 1422 2604 θ’
1444 2569 1518 2604 αἵδε
1536 2568 1615 2603 462.
1653 2570 1752 2604 αὐτόν
1777 2571 1805 2604 τ’
1830 2569 1966 2619 ἐχειροῦ
1983 2571 2044 2610 τὰς
2065 2571 2170 2618 κοράς
2187 2572 2214 2604 τ’

1321 2615 1437 2662 λαβών
1458 2615 1557 2650 1009.
1586 2617 1628 2664 τῇ
1650 2614 1678 2651 θ’
1699 2616 1803 2652 αὑτοῦ
1824 2618 1919 2664 φρενὶ
1996 2619 2046 2666 τῷ
2064 2616 2138 2665 θεῷ
2161 2629 2198 2652 τε

1321 2663 1435 2702 διδοὺς
1454 2663 1531 2709 ἐμοὶ
1549 2662 1643 2704 λέξαι
1658 2659 1682 2697 τ’
1702 2664 1846 2699 ἀκοῦσαί
1862 2676 1899 2699 τε
1919 2663 2020 2699 1288.
2048 2664 2142 2704 λιτὰς
2159 2664 2261 2712 &Xer-'A‘

1319 2710 1376 2749 τός
1392 2705 1420 2744 τ’
1439 2711 1588 2757 ἐμαυτοῦ
1615 2711 1806 2759 ξυμμάχων
1828 2724 1864 2745 τε
1889 2718 1957 2746 τῶν
1980 2712 2072 2758 ἐμῶν
2092 2711 2193 2746 1310.
2246 2718 2277 2758 ξ]

1322 2757 1422 2796 αὐτός
1439 2770 1487 2805 γε.
1518 2760 1630 2791 Reisk.
1653 2762 1805 2791 correxit.
1842 2758 1971 2805 πρόσθε
1987 2755 2016 2793 τ’
2032 2755 2164 2807 ἐξανῆκ’
2185 2758 2208 2802 ἐ7
2231 2760 2266 2790 ..ἲ

1319 2800 1344 2839 τ’
1364 2804 1602 2850 ἀνακαλοῦμαι
1622 2803 1722 2839 1375.
1758 2805 1916 2852 λουτροῖς
1938 2805 1976 2840 τέ
1999 2819 2049 2842 νιν
2068 2805 2190 2852 ἐσθῆτί
2204 2803 2232 2839 τ’
2250 2808 2277 2854 *a*

1322 2863 1450 2933 σκέσαν
1471 2850 1583 2908 1601*
1592 2851 1800 2900 λασιαύχενά
1811 2852 1849 2912 ’θ’
1866 2851 1972 2912 ἵππρν
1989 2852 2120 2893 ἀέξεται
2197 2865 2215 2888 ο
2231 2862 2275 2906 291

1319 2949 1377 2980 ψ’..
1389 2902 1759 3001 ῖξῗέξῗςζζεέρθέρὲἒεῖξ
1780 2899 1864 2980 ἶξῖζ
1898 2912 2019 3002 ᾗῖῖεῖῗ
2042 2899 2206 2982 έὲρόὲξῗῖ
2225 2918 2278 2931 ’

1320 2992 1468 3028 θανόντα
1500 2993 1524 3028 θ
1555 2993 1687 3039 ἁγνίσαι
1704 2992 1782 3027 545.
1822 2993 1858 3028 σέ
1882 3006 1901 3027 τ
1937 2994 2027 3033 είκός
2121 2993 2159 3029 σέ
2181 3005 2218 3028 τε

1319 3041 1405 3088 χιών
1421 3039 1450 3074 τ’
1468 3039 1603 3085 οὐδαμὰ
1619 3040 1726 3075 λείπει
1742 3041 1852 3088 τέγγει
1867 3052 1904 3074 τε
1920 3039 2050 3075 830-111.
2081 3039 2114 3075 οἵ
2130 3044 2158 3075 τ’
2173 3039 2194 3075 ὅ

1319 3090 1349 3121 τ’
1365 3086 1510 3125 ἀπόντες
1531 3081 1630 3121 1109.
1662 3088 1698 3122 σέ
1714 3084 1737 3122 τ’
1760 3088 1825 3135 οὑχ
1843 3087 1929 3121 ἑκὼν
1946 3088 2152 3129 κατέκανον,
2182 3087 2217 3122 σέ

1319 3130 1412 3168 τάνδ’
1432 3132 1520 3167 1340
1538 3145 1582 3167 m.
1624 3133 1659 3169 αἵ
1685 3129 1713 3168 τ’
1737 3134 1820 3169 ε’ίσω
1839 3135 1894 3169 στέ
1917 3148 1958 3182 ης
1984 3134 2020 3170 αἵ
2047 3138 2075 3170 τ’
2099 3135 2197 3173 ἐκτὸς
2212 3153 2228 3163 ·
2243 3139 2281 3191 2:5⁴5

1321 3182 1376 3214 Tr.
1396 3179 1476 3214 202.
1506 3178 1657 3227 Εὔρυτόν
1682 3193 1717 3215 τε
1804 3182 1867 3228 τήν
1894 3147 1921 3216 θ’
1950 3181 2136 3229 ὑψίπυργον
2162 3172 2280 3228 Otr-f«

2249 3249 2251 3251 ,
2260 3212 2281 3252 f!

2249 3301 2279 3330 11

1320 2912 1339 2933 τ

2125 3317 2133 3330 5

2247 3514 2267 3535 ,ι

2233 3575 2236 3583 ,
2272 3577 2275 3580 ,
