2288 3600
246 96 310 145 92

244 223 313 246 non
330 217 420 246 esset
438 224 533 255 usus,
553 217 668 247 contra
683 215 919 247 Hermannum
936 224 979 247 ne
996 214 1172 246 Erfurdtio
1190 215 1267 256 qui-

246 262 322 293 dem
345 262 548 303 persuadere
571 262 694 303 potuit.
733 262 833 294 Nunc
857 263 973 294 Herm.
995 262 1266 294 emendationem

246 312 368 349 tentat,
397 306 586 354 ἄρκτέος
608 310 637 354 γ’
655 307 763 352 ὅμως.
791 309 841 341 Ea
859 319 925 341 non
944 319 1047 350 opus,
1078 306 1266 354 ἀρκτέον

247 360 338 388 recte
355 356 456 387 habet
467 381 475 397 ,
508 365 576 387 non
593 356 689 388 modo
707 360 844 397 propter
859 357 947 388 illud
964 367 982 387 a
1000 356 1177 389 Schaefero
1195 366 1266 387 mo-

247 403 360 435 nitum
378 403 467 444 quod
483 400 629 448 ἄρξομαι
647 403 839 442 significare
856 408 969 444 potest
989 403 1128 443 parebo,
1160 403 1268 443 feram

248 451 435 490 imperium,
470 452 528 482 sed
562 454 700 492 propter
733 451 928 492 exemplum
961 451 1061 492 plane
1080 451 1268 491 genuinum

245 497 409 529 Dinarchi
434 507 461 529 c.
482 497 658 530 Demosth.
687 507 721 539 p.
745 495 830 538 176,
854 495 921 530 108
956 499 1062 529 Bekk.
1092 495 1130 530 οὐ
1159 508 1268 531 κατα-

247 541 420 590 πληκτέον
440 542 541 585 ἐστίν,
563 543 591 578 ὦ
608 541 728 590 ἄνδρες
746 538 943 589 Ἀθηναῖοι.

311 595 497 648 ’Ἄρκτος
533 600 644 647 [Curt.
674 604 729 635 Et.
761 600 843 647 124]
878 607 998 644 septem
1025 605 1158 636 triones,
1195 601 1268 636 οἷον

247 647 375 696 ἄρκτου
410 648 598 696 στροφάδες
630 648 793 684 κέλευθοι
827 651 883 682 Tr.
907 648 970 682 131
991 651 1042 682 ch.
1084 651 1269 692 Utramque

247 707 360 729 ursam
385 697 535 738 intelligi
560 702 659 739 putat
683 698 785 729 schol.
807 699 847 729 ab
864 698 1059 730 Hermanno
1085 699 1264 730 refutatus.

247 741 375 790 ἄρκτου
394 743 542 791 στροφάς
559 755 596 777 τε
612 742 672 778 καὶ
688 743 790 781 κυνὸς
808 742 944 791 ψυχρὰν
962 742 1055 778 δύσιν
1074 746 1268 777 Palamedes

249 792 423 823 invenisse
450 793 559 823 fertur
582 792 703 834 Naupl.
734 794 774 823 fr.
796 789 877 833 379,
901 789 955 824 11.
978 810 1019 816 —
1048 793 1100 824 De
1128 797 1268 824 accentu

249 839 384 878 generis
407 850 440 870 v.
459 840 538 871 Arc.
558 849 592 880 p.
613 835 669 880 79,
692 836 724 871 9.
918 838 950 883 (1
967 850 1000 881 p.
1022 836 1091 871 230
1109 850 1143 880 p.
1161 838 1270 882 med.)

319 890 503 942 Ἀρκτοῦ
516 908 588 942 ρος
614 898 775 930 Arcturus
799 898 904 930 sidus.
947 896 982 938 ἐξ
999 896 1083 944 ἦρος
1109 896 1156 935 εἰς
1184 895 1271 945 Ἀρ-

248 946 395 990 κτοῦρον
413 944 471 977 OR
491 942 580 977 1137
598 955 618 976 α
642 954 715 976 vere
732 945 776 976 ad
792 949 1010 977 auctumnum
1026 955 1137 986 usque.
1169 946 1270 978 Sidus

249 992 341 1023 enim
358 992 496 1023 Arcturi
521 993 591 1024 illis
616 993 697 1024 locis
715 993 824 1033 pridie
846 993 927 1024 Idus
952 993 1166 1035 Septembres
1190 994 1269 1025 oriri

249 1039 376 1079 Musgr.
397 1039 493 1070 docet
520 1049 563 1071 ex
580 1039 670 1071 Plin.
699 1040 763 1072 HN
783 1037 837 1081 18,
853 1037 910 1071 47.
935 1059 975 1064 —
1001 1041 1053 1072 De
1077 1044 1156 1072 tono
1175 1041 1271 1072 docet

249 1086 369 1118 Arcad.
394 1095 428 1127 p.
449 1083 507 1118 73.
531 1083 586 1118 10.

321 1140 618 1191 Ἀρκύστατον
651 1147 762 1177 cassis.
797 1142 937 1192 ἄρκυς
970 1147 1009 1179 τὸ
1044 1144 1200 1187 δίκτυον,
1231 1145 1271 1180 ἐκ

248 1189 372 1225 τούτου
391 1190 428 1225 δὲ
445 1190 484 1226 τὸ
508 1190 740 1238 ἀρκύστατον,
771 1193 873 1225 schol.
895 1194 949 1225 El.
975 1191 1076 1234 1476,
1105 1194 1165 1225 ubi
1183 1195 1270 1234 figu-

251 1242 322 1271 rate
340 1240 485 1271 dicitur:
513 1239 615 1275 τίνων
641 1237 715 1274 ποτ’
738 1238 870 1286 ἀνδρῶν
898 1239 933 1274 ἐν
961 1239 1079 1284 μέσοις
1097 1239 1272 1287 ἀρκυστά-

248 1296 321 1324 τοις
340 1281 496 1334 πέπτωχ’
514 1287 531 1322 ὁ
549 1285 713 1332 τλήμων,
730 1306 771 1311 -
783 1288 941 1329 Asperari
958 1289 1080 1320 iubent
1096 1290 1196 1329 vulgo
1210 1287 1272 1322 ἀτ-

248 1338 375 1372 τικῶςι
402 1345 434 1367 v,
462 1335 623 1368 Moeridis
648 1335 762 1377 Intpp.
798 1345 832 1377 p.
858 1332 935 1367 179.
973 1336 1072 1367 Eust.
1101 1346 1134 1377 p.
1167 1333 1267 1376 1535,

253 1378 313 1423 18;
351 1381 410 1414 sed
435 1384 543 1415 rarius
570 1383 770 1414 vocabulum
795 1386 864 1423 est,
902 1393 1003 1424 quam
1026 1384 1066 1415 de
1092 1392 1157 1425 quo
1184 1387 1273 1415 certa

249 1429 466 1470 pronuntiari
483 1431 594 1462 liceat.

315 1480 460 1535 ‘'App-ot
484 1498 612 1531 curru-³,
640 1489 797 1530 inprimis
831 1489 942 1521 curuli
968 1490 1145 1521 certamini
1173 1490 1274 1521 insti-

250 1536 388 1568 tuendo.
426 1534 589 1582 ζυγωτῶν
622 1533 786 1581 ἁρμάτων
810 1535 988 1570 ἐπιστάται
1021 1537 1074 1568 El.
1104 1533 1183 1569 702.
1207 1539 1274 1574 πᾶς

250 1580 435 1664 ἐμεστώῗη
459 1582 587 1630 δρόμος
612 1582 745 1618 κτύπου
771 1588 950 1630 κροτητῶν
969 1582 1134 1629 ἁρμάτων
1153 1581 1221 1616 714
1239 1595 1270 1616 v.

276 1641 390 1735 ροῒΧτρ
403 1641 669 1736 ζατηλόιτης
709 1689 950 1731 quadriyarum
972 1693 1087 1722 notor.
1132 1687 1274 1734 εἰσῆλθε

254 1733 394 1770 πολλῶν
413 1735 669 1783 ἁρματηλατῶν
689 1734 777 1781 μέτα
794 1738 847 1768 El.
868 1734 948 1769 700.

321 1789 392 1842 ‘Ap
404 1794 522 1841 μόζω
547 1794 658 1841 [Gurt.
681 1796 739 1828 Et.
759 1793 844 1840 305]
860 1805 870 1838 μ
888 1797 1067 1828 transitive
1085 1798 1269 1837 compinyo,

251 1843 332 1875 inde
356 1844 475 1884 iunyo,
512 1847 600 1884 apto.
638 1841 733 1888 βάσει
768 1841 864 1888 βάσιν
898 1839 1048 1889 ἅρμοσαι
1081 1841 1146 1887 [sic
1170 1844 1212 1874 D.
1243 1853 1272 1875 c.

253 1889 374 1922 Elmsl.
390 1902 398 1922 ι
420 1889 568 1937 ἁρμόσαι
586 1888 672 1935 LA].
695 1890 750 1923 OC
771 1887 838 1922 198
854 1900 899 1922 m.
922 1891 1031 1924 Schol.
1048 1902 1054 1922 ε
1083 1889 1122 1923 τὸ
1141 1888 1276 1947 ὁδηγῇ-

254 1935 310 1970 σαί
343 1947 380 1970 σε
411 1937 471 1972 καὶ
499 1937 538 1971 τὸ
564 1936 714 1983 ἁρμόσαι
739 1947 798 1971 σου
823 1936 887 1982 τὴν
914 1936 1011 1984 βάσιν
1034 1937 1078 1984 τῇ
1103 1936 1271 1984 καθέορᾳ.

254 1985 394 2017 Rectius
411 1985 617 2026 intelligitur
634 1986 806 2026 Antigone
830 1985 904 2026 ipsa
921 1995 1074 2025 gressum
1092 1995 1191 2017 suum
1210 1986 1275 2018 Oe-

252 2032 599 2074 dipoaccommodans.
618 2029 684 2071 ἕως
699 2043 749 2066 νιν
768 2030 984 2079 ἀρτίχριστον
1002 2031 1193 2079 ἀρμόσαιμί
1211 2044 1276 2066 που

180 2095 186 2101 ·
253 2077 365 2123 [virus
382 2078 499 2123 Nessi)
517 2081 574 2112 Tr.
595 2077 665 2112 687
682 2081 722 2112 de
740 2081 905 2112 illinendo
924 2090 1065 2112 veneno.
1099 2081 1182 2112 Inde
1196 2091 1276 2121 pas-

253 2128 342 2158 sive:
368 2124 536 2161 τούτοισιν
562 2125 725 2173 (νόμοις),
756 2125 819 2160 οὐκ
835 2124 990 2160 ἄλλοισιν
1017 2125 1276 2173 ἁρμοσθησεται

254 2173 309 2206 00
328 2170 398 2207 908
422 2175 446 2206 i.
474 2184 505 2207 e.
534 2174 744 2208 iudicabitur.
774 2172 837 2221 οὐγ
865 2173 912 2212 ὥς
937 2169 966 2221 γ’
992 2172 1114 2221 ἐκείνῳ
1131 2173 1214 2222 τῇδε
1239 2169 1276 2208 τ’

253 2218 298 2265 ἦν
323 2218 530 2267 ἡρμοσμένα
552 2223 633 2254 Ant.
655 2219 744 2262 570,
775 2222 815 2254 de
831 2216 1018 2254 Haemonis
1037 2227 1070 2254 et
1088 2223 1275 2262 Antigones

254 2269 485 2302 matrimonio:
515 2267 664 2316 ἁρμόδια
687 2268 746 2303 καὶ
771 2269 992 2316 προσήκοντα
1016 2270 1118 2302 schol.
1161 2271 1276 2302 Minus

255 2319 333 2357 apta
359 2315 542 2349 camerarii
571 2317 673 2349 ratio:
709 2326 778 2349 non
810 2319 855 2348 sic
887 2319 972 2348 inter
1004 2317 1090 2348 hunc
1123 2318 1277 2358 illamque

255 2366 460 2395 transactum
485 2367 544 2405 est,
572 2365 608 2395 in
628 2374 694 2405 qua
712 2363 759 2401 ὡς
777 2365 968 2406 explicatur
984 2374 1104 2406 parum
1121 2366 1277 2406 probabi-

254 2411 347 2443 liter.
367 2428 409 2434 —
429 2411 444 2454 Ι]
460 2411 676 2443 intransitive
693 2411 818 2443 dicitur
843 2415 959 2452 aptum
975 2421 1050 2452 esse,
1081 2414 1275 2443 convenire:

255 2458 298 2489 cf.
321 2458 452 2491 Schaef.
474 2459 514 2491 ad
533 2459 634 2491 Dion.
655 2459 696 2490 de
715 2458 751 2491 C.
769 2459 810 2490 V.
831 2469 864 2500 p.
882 2456 939 2491 46.
967 2453 1041 2492 τάδ’
1059 2456 1123 2492 οὐκ
1140 2453 1192 2492 ἐπ’
1211 2457 1279 2492 ἄλ·-

254 2502 315 2538 λον
335 2502 466 2550 βροτῶν
485 2503 572 2551 ἐμᾶς
590 2503 733 2552 ἁρμόσει
750 2499 824 2539 ποτ’
842 2503 877 2545 ἐξ
894 2503 1004 2543 αἰτίας
1022 2507 1104 2538 Ant.
1128 2503 1273 2538 1318111.

257 2552 440 2584 Scholiasta
457 2554 636 2585 transitive
661 2553 809 2595 explicat
826 2554 1056 2586 subaudiendo
1072 2551 1123 2591 τίς
1137 2579 1144 2595 ,
1174 2555 1272 2585 male.

257 2599 384 2632 Sensus
402 2603 472 2632 est:
502 2600 559 2632 hoc
575 2612 597 2633 α
612 2610 685 2632 mea
710 2601 809 2641 culpa
824 2610 998 2641 nunquam
1023 2602 1058 2632 in
1076 2602 1180 2632 alium
1196 2610 1276 2632 con-

255 2648 373 2687 veniet,
387 2647 411 2678 i.
425 2657 454 2679 e.
471 2649 707 2690 transferetur,
722 2644 1062 2694 μεθαρμοσθήσεται.
1082 2646 1110 2681 εἰ
1129 2647 1177 2693 μὴ
1196 2646 1276 2681 τάδε

256 2691 473 2740 χειρόδεικτα
498 2697 598 2728 πᾶσιν
624 2693 767 2740 ἁρμόσει
791 2693 928 2741 βροτοῖς
953 2695 1011 2727 OR
1039 2692 1108 2727 903
1126 2695 1178 2727 ch.
1213 2697 1279 2727 nisi

258 2742 334 2773 haec
358 2742 393 2773 in
409 2742 624 2782 manifestum
646 2743 830 2782 exemplum
847 2742 965 2774 cedant
982 2742 1131 2774 omnibus
1148 2744 1278 2774 eventui

259 2790 485 2829 commentia.
515 2790 570 2822 Sic
586 2790 653 2821 iam
671 2789 775 2822 schol.
790 2801 796 2821 ε
827 2787 857 2822 εἰ
876 2788 925 2835 μὴ
945 2788 1075 2836 φανερὰ
1091 2787 1151 2822 καὶ
1167 2787 1278 2822 κατά-

259 2833 349 2882 δηλα
364 2834 516 2882 γένηται.
539 2854 580 2860 -—
608 2837 702 2883 σιγᾶν
729 2833 769 2869 ἂν
796 2834 942 2882 ἁρμόζοι
969 2846 1005 2870 σε
1024 2837 1078 2868 Tr.
1102 2834 1180 2868 731.
1211 2833 1232 2869 ἃ
1251 2830 1278 2868 δ’

259 2881 403 2928 ἁρμόσει
436 2894 494 2928 μοι
526 2882 579 2929 τῷ
595 2882 738 2929 παρόντι
761 2885 820 2916 νῦν
845 2882 961 2930 χρόνῳ
995 2884 1049 2915 El.
1083 2880 1172 2916 1293
1198 2893 1279 2925 quae

258 2930 339 2961 mihi
371 2933 541 2963 convenire
572 2930 780 2963 videbuntur.
819 2949 859 2955 —
896 2931 1049 2963 Formam
1083 2931 1279 2963 recentioris

259 2978 432 3010 Atticismi
448 2979 633 3011 molliorem
650 2990 668 3011 a
691 2978 825 3019 tragicis
843 2979 959 3010 abesse
976 2981 1115 3011 constat.
1137 2980 1180 3011 V.
1195 2979 1276 3010 Lob.

260 3025 302 3056 ad
317 3025 442 3064 Phryn.
468 3035 502 3067 p.
522 3022 603 3057 241.

331 3076 402 3128 Ἀρ
413 3081 545 3127 μονία
562 3093 744 3124 compa9e3.
775 3081 898 3163 ρτὲγνὺς
925 3081 1092 3129 ἁρμονίαν
1109 3081 1279 3163 χοὲδοτό-

261 3140 322 3163 νου
339 3127 446 3175 λύρας
465 3131 583 3162 Tham.
605 3133 645 3163 fr.
666 3128 735 3163 232
753 3142 783 3171 a,
831 3156 838 3163 .
1024 3130 1055 3174 (Ι
1073 3141 1107 3172 p.
1128 3129 1150 3163 2
1179 3128 1194 3162 1
1215 3128 1280 3174 m.)

331 3181 372 3223 ‘A
383 3199 400 3233 ρ
412 3187 463 3233 μό
474 3200 490 3226 ς
515 3198 697 3230 compayes.
732 3187 765 3233 [ἡ
785 3188 943 3235 ἁργμογὴ
969 3188 1029 3222 καὶ
1047 3187 1211 3232 συνάφεια

261 3234 354 3280 παρὰ
370 3236 408 3269 τὸ
433 3234 519 3281 ἀρῶ.
541 3236 618 3268 ΕΜ.
633 3237 794 3268 Laurent.
816 3239 868 3269 ed.
891 3237 1001 3268 Miller
1018 3235 1114 3280 (Mel.
1136 3238 1177 3268 de
1195 3234 1283 3279 litt.)
1317 3236 1400 3267 sima
1417 3239 1531 3267 autem
1548 3234 1737 3274 tralatione,
1765 3243 1827 3264 nec
1844 3233 1991 3264 sermoni
2009 3232 2115 3264 solum
2133 3231 2264 3270 tragis

261 3292 295 3323 p.
309 3279 351 3315 41
363 3286 398 3314 et
413 3279 491 3322 144,
504 3280 580 3327 41.]
599 3277 782 3329 ἀθρήσαθ’,
804 3282 914 3329 ἁρμὸν
931 3284 1096 3329 χώματος
1109 3281 1281 3317 λιθοσπα-

263 3327 306 3374 δῆ
325 3327 441 3367 δύντες
458 3331 540 3362 Ant.
558 3327 657 3362 1216.
689 3331 797 3362 Schol.
814 3343 820 3362 ε
852 3331 898 3369 ὡς
915 3328 1017 3364 λίθου
1036 3327 1282 3364 ἀποσπασθέν-

260 3387 338 3419 τος,
360 3374 455 3416 ὅπως
478 3374 620 3426 εἰσέλθῃ
647 3375 664 3412 ὁ
682 3373 824 3424 Αἵμων,
852 3375 875 3423 ἢ
903 3375 1003 3424 ὑμεῖς
1020 3375 1280 3415 ἀποσπάσαντες
1318 3373 1419 3414 αὐτὸς
1438 3373 1572 3422 έσπάρη
1587 3375 1645 3408 OR
1665 3371 1765 3406 1497.
1795 3371 1875 3418 ὑμὶν
1901 3370 2016 3418 πατὴρ
2034 3369 2207 3418 ἐφάνθην,

1061 88 1324 165 ’Ἃρκτος-
1348 92 1506 164 Ἀρόω

2012 108 2042 152 [1
2057 118 2092 151 p.
2103 105 2220 143 2304

1303 211 1489 260 ἀθρήσατε.
1519 214 1617 246 Prius
1634 215 1721 247 illud
1737 224 1875 247 verum:
1904 225 1965 257 per
1988 215 2205 248 intervallum
2243 218 2246 221 ’

1303 263 1454 303 lapidum
1471 262 1679 294 divulsorum
1693 262 1845 294 Haemon
1864 262 1905 295 ad
1917 263 2114 303 Antigonen
2130 272 2218 304 pene
2244 281 2252 291 .

1303 314 1337 340 et
1355 318 1432 341 mox
1449 308 1602 340 aditurus
1626 313 1678 341 est
1696 309 1816 341 Creon.
1861 310 2014 341 Alteram
2037 310 2202 342 rationem
2230 335 2232 338 v
2252 326 2257 338 ι

1303 356 1519 396 distinguens
1538 356 1670 389 Schaef.
1692 357 1859 398 sequitur.

1367 406 1571 460 ”Αρνειος
1591 412 1702 458 [Gurt.
1728 416 1782 447 Et.
1803 411 1882 456 310]
1913 415 1999 456 quod
2023 417 2136 448 arietis
2151 418 2210 448 est.

1304 459 1466 507 ἐρειπίοις
1491 466 1622 507 νεκρῶν
1648 460 1820 508 ἐρειφθεὶς
1851 455 1935 501 ἕζετ’
1961 459 2096 508 ἀρνείου
2123 460 2229 509 φόνου

1306 507 1375 541 308
1400 510 1490 540 inter
1516 510 1674 541 cadavera
1698 510 1878 550 pecudum.
1923 510 2034 542 Affert
2058 510 2152 543 Suid.
2178 521 2210 543 v.
2258 529 2260 531 ·

1305 554 1407 594 πίοις.
1429 557 1482 588 De
1499 559 1640 588 accentu
1665 557 1799 596 generis
1816 567 1847 588 V.
1869 557 1990 589 Arcad.
2011 567 2044 599 p.
2066 554 2124 599 44,
2144 554 2179 590 8.

1375 619 1417 659 ’A
1428 636 1472 671 ρν
1484 622 1500 658 έ
1511 636 1528 658 ο
1540 637 1564 670 μ
1575 637 1615 659 αι
1633 626 1647 668 ΙΙ
1665 626 1800 668 infitior.
1830 625 1860 660 εί
1885 625 1949 672 γὰρ
1968 623 2046 661 οἶδά
2062 621 2104 673 γ’,
2134 625 2198 661 οὐκ
2213 611 2268 670 ἀι,

1307 681 1410 717 σομαι
1429 673 1486 704 OR
1503 670 1582 705 571.
1613 671 1647 707 οἵ
1664 684 1700 706 τε
1719 671 1839 719 φύντες
1857 671 2014 721 (ἐχθροί)
2039 672 2218 720 ἀρνοῦνται
2246 671 2269 707 «ί

1305 723 1376 765 γεῖν
1402 721 1521 752 Alead.
1541 721 1583 752 fr.
1608 717 1684 761 109,
1706 718 1739 753 5.
1763 739 1804 744 —
1831 724 1846 760 ΙΙ
1870 731 1994 755 recum.
2024 720 2147 767 μαθὼν
2170 719 2234 769 γὰρ

1307 766 1346 802 ἂν
1366 765 1534 813 ἁρνοίμην
1551 766 1589 801 τὸ
1604 765 1686 813 δρᾶν
1704 769 1764 800 Ph.
1789 765 1868 801 118.
2264 775 2278 819 δ’,

1376 819 1506 870 Ἀρνή
1519 836 1649 871 σιμος
1676 826 1882 868 infitiandus.
1911 825 1989 873 ἐμοὶ
2015 825 2053 860 δὲ
2078 825 2209 862 τούτων
2225 826 2265 863 ινΛῚ

1307 867 1374 907 ἐστ’
1392 872 1582 919 ἀρνήσιμον
1605 874 1664 906 Ph.
1688 871 1744 906 74.
2266 913 2279 922 Γ

1370 924 1418 966 ”A
1430 943 1503 978 ρνη
1516 942 1579 969 σις
1605 932 1772 974 infitiatio.
1801 929 1941 979 ἄρνησις
1959 930 2022 966 ούκ
2040 930 2166 967 ἔνεστιν
2185 933 2231 968 ὦν
2276 935 2280 956 :

1308 982 1440 1026 στορεῖς
1458 979 1515 1012 OR
1524 977 1603 1012 578.
1623 977 1722 1013 τῶνδ’
1739 977 1880 1026 ἄρνησις
1898 978 1962 1014 ούκ
1980 977 2088 1014 ἔνεστί
2105 991 2165 1026 μοι
2177 981 2229 1014 El.
2261 998 2270 1029 v3

1371 1043 1419 1084 ”A
1430 1060 1501 1095 ρνυ
1515 1061 1590 1095 μαι
1606 1052 1791 1083 nanciscor.
1818 1051 1877 1084 νῦν
1896 1047 1933 1083 δὲ
1949 1044 2057 1084 τοιάδ’
2074 1048 2224 1097 ἄρνυμαι
2248 1075 2254 1080 -
2269 1040 2282 1058 v'

1307 1094 1387 1130 903.
1427 1098 1535 1131 Schol.
1564 1095 1744 1143 λαμβάνω.
1766 1108 1811 1130 sc.
1833 1098 2034 1131 mercedem.
2064 1097 2111 1132 ὦν
2130 1096 2199 1146 ἐγὼ

1308 1156 1424 1191 στερον
1447 1143 1512 1190 τὴν
1532 1143 1683 1191 μάθησιν
1706 1142 1855 1190 ἄρνυμαι
1868 1142 2016 1178 Tr.711.
2035 1144 2154 1192 καιρός
2170 1156 2223 1180 τοι

1308 1191 1400 1238 παρὰ
1418 1191 1508 1226 πόδα
1524 1191 1649 1238 κράτος
1667 1189 1690 1226 ἄ
1711 1203 1809 1226 νυται
1832 1193 1882 1224 Ph
1899 1189 1970 1224 828
1987 1193 2039 1224 ch.
2061 1193 2169 1226 Schol.
2186 1205 2193 1225 :
2213 1191 2237 1239 ἡ
2267 1195 2271 1198 ”

1308 1238 1481 1285 εὐκαιρίας
1500 1238 1629 1277 σύνεσις
1647 1251 1691 1273 πο
1715 1237 1787 1273 λῶν
1805 1238 2024 1284 ἐπικράτειαν
2042 1238 2077 1274 ἐν
2096 1238 2224 1287 ἑτοίμῳ
2240 1239 2242 1241 ’

1309 1289 1451 1329 ποῦταις
1490 1291 1524 1319 et
1556 1285 1759 1330 ἄρνυται,
1789 1285 2013 1333 ἀποφέρεται.
2051 1287 2103 1320 Of.
2124 1287 2253 1320 Ruhnk‘

1311 1335 1398 1367 Tim.
1426 1345 1460 1376 p.
1489 1331 1546 1366 49.
1583 1333 1786 1379 [Suppletur
1811 1335 1926 1366 formis
1949 1335 2044 1367 verbi
2069 1332 2224 1380 αἴρομαι.
2250 1345 2254 1365 τ

1309 1380 1387 1428 ἀρεῖ
1404 1382 1459 1414 Ai.
1477 1379 1521 1414 75
1539 1383 1598 1414 ubi
1616 1383 1715 1422 vulgo
1733 1379 1842 1427 ἀρεῖς.
1863 1382 1899 1413 in
1917 1381 1977 1413 LA
1995 1379 2108 1428 ἀρῆις,
2129 1393 2148 1414 a
2164 1393 2209 1415 m.
2232 1406 2234 1410 ‚
2254 1373 2265 1400 f

1310 1428 1417 1474 ἀρεῖς,
1438 1431 1479 1461 ab
1497 1430 1560 1462 alia
1577 1427 1713 1475 ἀρῆιε
1725 1427 1813 1474 ἀρεῖ.
1835 1429 1917 1461 Inde
1936 1430 2036 1461 verba
2051 1429 2221 1469 Hesyeh.:

1309 1474 1397 1557 λήιξ,
1412 1503 1419 1517 ,
1442 1474 1532 1524 οἴσῃ.
1557 1473 1644 1522 Σοφ.
1667 1472 1790 1510 Α’ίαντι
1808 1487 1909 1521 μαστ.
1930 1485 1997 1508 non
2015 1477 2056 1508 ad
2073 1487 2105 1509 v.
2129 1473 2196 1510 192
2211 1486 2258 1510 ευ

1311 1536 1342 1556 v.
1385 1488 1410 1557 Ξ
1435 1526 1607 1566 pertinere
1641 1527 1757 1556 censet
1789 1524 1919 1557 Nauck.
1947 1541 1988 1547 —
2016 1521 2158 1570 ἀρεῖσθε
2182 1523 2238 1558 OG
2257 1559 2265 1567 Ὦ

1311 1571 1570 1614 comparabitis.]
2255 1574 2260 1576 '

1381 1627 1423 1665 'A
1435 1642 1451 1676 ρ
1461 1629 1478 1664 ό
1490 1641 1562 1675 σιμ
1573 1641 1614 1668 ος
1641 1641 1672 1662 v.
1703 1627 1889 1676 ἀρώσιμος.
2256 1662 2260 1665 .

1380 1684 1562 1735 Ἀροτός
1585 1688 1692 1731 [Curt.
1714 1689 1771 1721 Et.
1794 1686 1877 1733 306]
1904 1698 1992 1729 seyes
2017 1692 2052 1721 et
2067 1685 2190 1735 ἄροτος
2213 1703 2220 1717 ι
2258 1692 2266 1721 5

1312 1734 1392 1783 μήτ’
1417 1736 1538 1782 ἀροτὸν
1568 1734 1704 1782 [ἄροτον
1722 1736 1843 1779 Dind.]
1870 1733 1988 1773 αὐτοῖς
2013 1739 2079 1783 γῆς
2105 1733 2233 1770 ἀνιέναι
2255 1733 2256 1738 ’

1312 1785 1369 1817 OR
1386 1782 1455 1818 270
1475 1783 1555 1830 [γῆς
1580 1784 1683 1816 Dind.
1706 1794 1733 1816 c.
1754 1784 1904 1815 Vauvill.
1922 1795 1928 1815 :
1957 1785 2021 1830 γῆν
2040 1783 2128 1826 LA].
2155 1783 2228 1816 Non
2253 1784 2262 1790 ⁴’

1310 1830 1433 1879 ἄροτον
1454 1834 1552 1872 vulgo
1571 1832 1672 1863 scribi
1689 1835 1785 1873 puto,
1806 1831 1864 1862 sed
1882 1830 1923 1862 de
1940 1830 2039 1871 fruye
2056 1828 2191 1876 ἀροτός,
2211 1830 2252 1863 de

1311 1882 1348 1912 ni
1366 1883 1507 1921 tempore
1530 1877 1652 1925 ἄροτος
1671 1888 1789 1910 verum
1815 1887 1888 1910 esse
1906 1878 2058 1919 arbitror,
2084 1881 2124 1910 ut
2140 1878 2182 1910 de
2198 1875 2220 1912 ἀ

1313 1932 1347 1959 et
1364 1924 1497 1973 ἄμητος
1515 1927 1639 1959 diserte
1656 1926 1820 1967 praecipit
1837 1926 1940 1958 schol.
1961 1926 2002 1958 Il.
2022 1936 2042 1958 τ
2058 1922 2139 1958 222.
2167 1925 2214 1958 Et
2242 1927 2261 1959 ³¹2

1314 1985 1389 2006 cum
1407 1985 1440 2016 p.
1454 1972 1535 2016 811,
1546 1971 1591 2005 27
1608 1974 1644 2004 in
1663 1973 1743 2004 anni
1762 1977 1911 2014 tempore
1929 1973 2149 2013 significando
2166 1981 2240 2015 pro
2256 1995 2262 2011 -.

1314 2023 1368 2054 cui
1385 2024 1549 2062 observat,
1570 2021 1666 2053 alteri
1685 2021 1923 2060 significationi
1948 2030 2049 2052 suum
2066 2020 2192 2052 servari
2213 2022 2266 2063 toss·

1313 2079 1381 2101 una
1398 2070 1533 2101 videtur
1550 2069 1696 2100 efficere.
1722 2086 1762 2092 —
1790 2069 1927 2099 Annum
1943 2067 2112 2108 significat
2137 2064 2233 2100 δωδ-
2257 2075 2259 2077 “

1312 2114 1435 2162 ἄροτος
1454 2118 1510 2149 Tr.
1530 2113 1598 2148 825
1622 2115 1693 2157 [ubi
1710 2112 1854 2160 ἄροτρος
1882 2115 1942 2146 LA
1958 2119 1997 2146 ut
2014 2115 2050 2146 in
2067 2125 2100 2146 V.
2121 2110 2203 2159 69]‚
2236 2129 2241 2141 ·
2257 2146 2262 2160 ·.

1314 2166 1423 2196 locum
1441 2164 1529 2195 haud
1547 2163 1650 2195 dubie
1667 2162 1813 2201 Hesych.
1836 2165 1976 2203 spectat,
1998 2171 2075 2194 cum
2092 2161 2209 2194 scribit
2225 2158 2261 2196 ἀ

1312 2209 1434 2249 τούς;
1464 2209 1543 2248 τοὺς
1568 2206 1762 2249 ἐνιαυτούς,
1793 2206 1882 2242 οὕτω
1910 2205 1998 2255 Σοφ.
2035 2218 2227 2250 quanquam
2258 2231 2264 2236 .,

1314 2263 1473 2299 accentu,
1503 2259 1563 2299 qui
1591 2258 1767 2296 corrigitur
1791 2257 1827 2287 in
1845 2257 1914 2288 An.
1935 2257 2041 2288 Bekk.
2062 2266 2096 2298 p.
2117 2252 2198 2297 446,
2217 2251 2253 2288 θ’

1313 2307 1422 2347 ipsius
1448 2315 1582 2347 quoque
1606 2304 1777 2345 Sophoclis
1803 2304 2012 2342 testimonio,
2039 2307 2074 2335 et
2096 2304 2137 2335 ab
2154 2303 2226 2335 Eus
2251 2301 2254 2303 ’

1313 2355 1335 2385 1.
1351 2364 1379 2385 c.
1392 2353 1491 2394 Vide,
1512 2357 1552 2384 ut
1568 2353 1620 2383 his
1634 2352 1809 2391 defungar,
1831 2351 1956 2391 Spohn.
1974 2350 2015 2382 ad
2032 2350 2172 2392 Niceph.
2186 2350 2239 2382 Bl
2254 2351 2256 2353 ’

1313 2411 1346 2442 p.
1362 2397 1420 2432 42.
1441 2401 1552 2432 Motus
1562 2399 1724 2438 Hesychii
1741 2399 1938 2430 auctoritate
1956 2394 2172 2435 δωδεκάτους
2189 2394 2268 2443 ἄρ’Ἰ

1313 2448 1508 2480 Erfurdtius
1527 2447 1663 2479 dederat
1680 2446 1804 2477 duritie
1822 2449 2010 2477 structurae
2027 2454 2094 2477 non
2111 2444 2237 2477 ferend
2256 2451 2263 2458 ’

1378 2498 1597 2552 ”Αροτρον
1632 2508 1793 2537 aratrum.
1832 2501 2023 2549 ἰλλομένων
2057 2501 2099 2549 ἀρ
2125 2513 2215 2549 τρων
2255 2527 2259 2536 -.

1314 2551 1383 2586 340
1402 2554 1453 2585 ch.
1483 2554 1534 2585 De
1553 2557 1630 2585 tono
1648 2564 1680 2585 v.
1702 2549 1856 2596 λουτρόν.

1378 2605 1573 2657 ’Ἅρουρα
1591 2621 1720 2642 arvum.
1757 2610 1915 2650 Proprie:
1944 2607 2054 2656 γ’της
2073 2606 2167 2647 ὅπως
2183 2605 2226 2655 ἄρ
2240 2609 2255 2650 .-

1315 2657 1460 2693 ἔκτοπον
1478 2656 1594 2704 λαβών
1620 2659 1675 2690 Tr.
1698 2655 1754 2689 32.
1778 2676 1818 2681 —
1847 2654 1951 2702 ὑγρᾶς
1994 2653 2118 2702 ρούρας
2135 2653 2260 2701 βῶλονῖ

1318 2703 1420 2747 1286,
1450 2716 1516 2747 quo
1541 2706 1664 2737 dicitur
1684 2704 1900 2746 Cresphontis
1927 2705 2019 2735 fraus
2041 2714 2103 2745 per
2120 2702 2224 2735 anach
2259 2716 2261 2718 ·

1317 2764 1420 2794 mum,
1442 2764 1473 2785 v.
1494 2753 1649 2794 Apollod.
1671 2750 1704 2793 2,
1726 2749 1757 2792 6,
1780 2749 1813 2783 4.
1836 2752 1979 2783 Pausan.
2001 2748 2033 2791 4,
2057 2748 2090 2791 3,
2112 2747 2145 2782 3.
2173 2747 2263 2782 Men‘

1316 2802 1425 2833 locum
1452 2801 1548 2832 Eust.
1570 2810 1603 2841 p.
1627 2797 1706 2840 361,
1728 2796 1784 2830 26.
1809 2816 1850 2821 -
1871 2799 2020 2830 Tralate:
2050 2790 2216 2843 μητρῴαν
2249 2811 2254 2822 ι

1315 2846 1409 2894 κίγοι
1434 2845 1559 2892 διπλῆν
1586 2844 1735 2891 ἄρουραν
1771 2843 1810 2878 οὗ
1836 2856 1872 2878 τε
1897 2843 1956 2878 καὶ
1981 2843 2112 2878 τέκνων
2145 2845 2202 2877 OR
2228 2839 2245 2876 1

1317 2888 1425 2927 Schol.
1443 2906 1449 2926 ε
1481 2892 1531 2927 ὅτι
1549 2891 1583 2932 ἐξ
1602 2892 1735 2939 ἐκείνης
1754 2891 1887 2937 ἐσπὰρη
1904 2890 1963 2925 καὶ
1989 2890 2037 2929 εἰς
2065 2889 2200 2937 ἐκείνην

1317 2953 1384 2986 ρεν.
1416 2942 1466 2974 Cf.
1488 2941 1611 2973 Herod.
1634 2951 1669 2973 π.
1692 2951 1768 2985 μον.
1789 2937 1858 2978 λέξ.
1880 2950 1914 2981 p.
1939 2936 1993 2979 13,
2019 2936 2071 2970 14.
2260 2939 2263 2943 ’

1385 2996 1425 3034 Ἀ
1438 3011 1454 3045 ρ
1466 2998 1483 3033 ό
1495 3012 1522 3032 ω
1540 2997 1650 3043 [Curt.
1664 2999 1722 3030 Et.
1736 2995 1816 3030 306.
1834 2995 1914 3039 487]
1944 3006 2014 3029 aro·
2043 2997 2182 3038 Proprie
2205 2996 2256 3028 di

1317 3057 1408 3079 nunc
1425 3057 1490 3079 non
1508 3048 1643 3087 legitur.
1665 3047 1734 3077 Iam
1752 3046 1843 3076 enim
1862 3045 1988 3085 aliquid
2007 3044 2218 3085 metaphorae
2242 3057 2246 3069 ι

1317 3092 1352 3128 ἐν
1363 3089 1442 3131 Διὸς
1458 3092 1585 3136 κήποις
1597 3090 1764 3138 ἀροῦσθαι
1782 3090 1886 3135 μόνον
1905 3089 2109 3135 εὐδαίμονας
2124 3088 2266 3136 ὄλβοικ

1316 3144 1356 3174 fr.
1377 3138 1447 3174 298
1464 3152 1482 3172 a
1506 3139 1579 3185 [ubi
1601 3140 1809 3172 Heimsoeth.
1836 3139 1906 3170 ind.
1928 3140 2020 3170 lectt.
2049 3139 2157 3170 Bonn.
2182 3133 2239 3170 18·

1316 3189 1390 3221 vult
1422 3189 1489 3228 legi
1521 3186 1641 3232 ἁροῠσι
1677 3189 1802 3231 μοῦνον
1834 3183 1954 3230 ἄνδρες
1990 3182 2128 3229 ὄλβιοιῙ.
2175 3183 2255 3224 Usi?

1317 3283 1485 3322 familiari,
1515 3282 1574 3313 sed
1598 3282 1651 3312 vel
1676 3282 1711 3312 in
1738 3281 1869 3320 legibus
1886 3279 2150 3310 Atheniensium
2175 3287 2265 3320 qun«.

1318 3329 1412 3361 modo
1431 3329 1562 3360 solenni
1580 3329 1725 3359 dictum:
1753 3325 1815 3372 τὴν
1834 3328 1999 3359 τεκοῦσαν
2018 3322 2154 3370 ἤροσεν,
2177 3321 2255 3358 ὅθεν
