2288 3600
0 0 120 32 maye-b
128 0 212 25 'ff-”is
223 0 235 12 Γ
255 0 266 19 1¹
295 0 298 2 ⁷
333 2 346 15 a,

0 25 31 52 :13-
45 26 47 30 ⁴
62 34 103 54 ΨΑ.
213 27 219 34 ‹

1067 127 1125 182 ‘O
2021 135 2121 184 487

67 254 104 286 in
118 253 179 286 Ar.
199 263 234 295 p.
257 249 334 287 182.
379 253 448 286 Nec
464 253 611 294 profecto
627 252 806 294 quisquam
822 252 1029 293 dubitasset,
1049 252 1079 284 si
1182 252 1216 283 b.
1267 251 1440 284 vocalia
1470 252 1603 292 longa
1635 261 1726 284 cum
1759 252 1874 284 brevi
1897 252 2119 284 coalescit.

66 303 140 333 tum
156 304 257 334 notus
279 300 403 333 ruisset
418 300 529 342 Apoll.
549 299 591 332 de
615 300 700 332 coni.
720 309 754 341 p.
775 295 844 332 495
861 298 990 340 Bekk.;
1018 299 1079 341 qui
1182 308 1207 344 η
1224 308 1247 332 α
1269 299 1387 340 paucis
1417 308 1470 341 ap.
1501 297 1601 340 Soph.
1632 299 1797 341 exemplis
1832 298 2002 339 firmatur,
2037 308 2123 340 quae

68 356 144 380 cum
160 343 321 394 Δωρικὴν
337 347 426 380 dicat
442 343 622 392 μετάθεσιν
637 348 699 380 τοῦ
715 357 732 379 ε
749 344 798 384 εἰς
815 357 848 387 α,
869 346 1009 378 eandem
1025 349 1077 379 ta-
1113 354 1242 380 snmma
1254 345 1418 378 editorum
1435 346 1661 378 inconstantia
1675 346 1770 378 modo
1784 350 1960 388 utramque
1977 347 2123 379 vocalem

67 403 144 427 men
173 395 209 427 in
242 392 330 440 ἀνήρ
340 419 350 436 ,
382 390 578 439 ἅνθρωπος,
611 389 756 438 θάτερον
788 394 910 426 Atticis
942 393 1073 426 tribuit.
1113 393 1328 435 exscriptam,
1357 393 1452 426 modo
1472 393 1609 425 alteram
1626 393 1823 435 apostrophe
1841 394 2005 431 detritam,
2028 393 2123 426 modo

67 440 235 483 Exempla
266 450 394 474 craseos
426 439 514 486 ἁνήρ
542 442 579 474 in
607 438 695 486 ἀνήρ
723 440 940 482 protulimus,
978 449 1078 482 saepe
1113 441 1220 472 crasin
1238 441 1416 481 utriusque
1434 441 1554 472 factam
1571 444 1770 472 monstrant.
1805 439 1934 472 Horum
1952 441 2055 472 altera
2071 451 2124 472 ra-

69 488 208 521 eandem
222 489 441 521 festinantius
458 489 582 520 iniuria
598 487 725 520 illatam
742 487 779 519 in
793 488 994 528 tragicorum
1007 497 1078 519 car-
1112 487 1160 519 tio
1176 487 1306 529 probari
1325 496 1391 519 non
1408 491 1536 529 potest,
1568 497 1644 519 cum
1670 488 1758 529 quod
1783 498 1802 519 a
1825 488 1918 520 libris
1941 488 2121 520 minimum

67 535 157 567 mina
172 539 407 568 monstrantes.
435 531 620 580 ἅνθρωπος
638 534 692 566 Tr.
705 531 775 566 434
788 539 902 567 contra
917 534 1076 566 librorum
1112 534 1213 566 habet
1228 534 1406 575 praesidii,
1436 534 1534 575 plene
1552 535 1675 576 scripta
1691 535 1850 576 pleraque
1868 534 2118 576 exhibentibus,

70 582 169 615 fldem
187 579 370 628 ἅνθρωπος
383 581 618 614 exhibentium
635 591 701 614 non
715 582 837 613 melius
851 582 1006 614 scribitur
1023 579 1078 626 [ut
1112 584 1186 613 tum
1211 581 1291 622 quia
1315 582 1449 613 voculae
1472 582 1661 622 procliticae
1684 582 1837 614 vocabuli
1861 583 2036 623 sequentis
2053 582 2120 614 ini-

67 641 87 662 a
102 626 241 674 Dind.];
269 630 368 671 peius
385 629 531 661 Brunck.
553 623 635 662 ὥ’νθ
658 639 765 666 muoz.
795 627 943 661 Certiora
960 637 1076 660 exem·
1112 628 1199 660 tium
1216 631 1323 660 totum
1340 629 1539 660 absumendi
1554 629 1621 660 vim
1633 629 1890 670 haudquaquam
1908 628 2029 661 habere
2045 638 2122 670 pos-

55 140 115 196 -[·11
125 142 391 193 pane-210]

0 2983 17 3023 ,ἵ
59 2981 115 3012 Ai.
139 2977 217 3013 103.
239 2999 280 3003 —
306 2979 542 3012 Pmnomz'num

61 3027 278 3060 diverbiorum
301 3028 369 3059 fere
394 3029 523 3059 omnia:
551 3026 659 3072 τούμέ
684 3029 738 3060 ΕΙ.
765 3026 844 3061 363.
875 3027 982 3073 οὑμός
1008 3031 1062 3063 ΕΙ.

66 676 124 717 pla
152 676 234 709 haec
259 681 357 709 sunt:
386 674 478 722 ἁγών
504 676 556 707 ΕΙ.
585 673 627 708 14
652 672 686 707 2.
716 675 861 708 Brunck.
885 669 993 721 ὡ’γὼν
1021 675 1077 708 00
1113 678 1205 707 sunt.
1234 675 1274 706 V.
1296 675 1420 716 Reisig.
1439 679 1527 715 synt.
1549 677 1620 708 crit.
1641 685 1674 716 p.
1695 672 1741 708 23
1766 677 1890 708 rectius
1907 677 2119 718 praecipien-

68 720 168 756 1148.
197 723 345 765 Utroque
369 724 439 756 loco
459 720 551 768 ἀγών
569 723 647 755 libri
664 727 794 755 veteres
819 724 886 755 nisi
910 723 996 764 quod
1016 722 1077 754 LA
1112 725 1182 754 tem
1200 722 1316 754 Wolfio
1333 723 1419 755 anal.
1444 720 1473 754 1.
1494 732 1527 763 p.
1545 719 1625 754 452.
1642 719 1722 755 458.
1742 723 1854 755 Prima
1870 725 1952 755 ratio
1969 732 2120 764 pronun-

66 767 225 803 001148
237 769 340 817 ἁγών.
360 767 512 815 τάγαθόν
530 770 585 803 Ai.
597 766 676 802 964.
693 771 775 802 Ant.
786 766 853 802 275
872 770 958 810 quod
976 779 1077 810 agno-

67 818 129 850 scit
145 817 210 850 ΕΜ
223 827 256 859 p.
273 814 354 858 443,
371 814 426 850 30.
446 815 598 850 τάδικεῖν
615 818 696 850 Ant.
720 813 820 849 1059.
847 814 912 852 τάλ
939 814 1000 854 θές
1017 817 1073 849 ΕΙ.

66 861 147 897 679.
176 864 230 896 Tr.
252 861 334 897 453.
360 861 440 896 474.
468 863 537 896 ΟΒ.
564 860 645 896 299.
675 860 756 896 356.
784 861 864 896 800.
893 863 912 883 *
942 861 988 896 44
1011 873 1076 905 quo

67 912 136 944 loco
153 911 240 944 Flor.
263 908 289 946 Γ
304 905 332 944 τ’
349 907 489 956 ἀληθές,
518 919 691 953 perperam
708 911 880 943 intellecta
897 912 1072 951 coronide3

63 960 164 991 ceteri
173 959 408 991 consentiunt:
428 955 587 1003 [mutavit
598 958 707 990 locum
718 958 822 990 Dind.
835 968 899 993 sec.
913 956 1071 1003 Nauck.].

67 1003 193 1052 τᾶλγος
219 1006 279 1038 Ph.
303 1002 404 1038 1358.
440 1002 694 1050 τάμελούμενον
723 1004 781 1037 ΟΒ
809 1002 886 1038 111.
918 1003 1076 1049 τάξίωμα

68 1053 123 1086 00
142 1049 245 1085 1459.
272 1051 432 1096 τάπορεῖν
451 1052 506 1084 Tr.
529 1048 629 1084 1243.
658 1049 806 1096 τᾶπορον
824 1051 885 1085 Ph.
901 1049 981 1085 897.
1002 1052 1074 1085 Ma-

66 1101 158 1132 xime
183 1103 296 1132 autem
327 1096 466 1145 τάληθῆ
500 1097 608 1145 λέγειν
641 1098 702 1131 Ph.
733 1095 823 1131 1236
846 1100 1069 1140 memorabile,

67 1147 192 1188 quippe
209 1147 310 1188 quod,
331 1156 407 1179 cum
423 1145 468 1180 τὸ
495 1142 641 1192 ἀληθῆ
667 1147 783 1187 fuerit,
811 1147 990 1179 articulum
1007 1156 1073 1179 non

66 1203 142 1227 cum
159 1195 306 1235 nomine,
333 1203 476 1235 quocum
492 1193 627 1234 coaluit,
647 1194 706 1226 sed
723 1202 798 1226 cum
815 1195 915 1227 verbo
932 1195 1074 1227 coniun-

63 1241 210 1282 gendum
227 1251 306 1283 prae
323 1250 360 1272 se
377 1242 454 1273 sert.

135 1288 225 1327 Quin
243 1291 278 1320 et
295 1298 357 1328 οε,
384 1289 466 1320 alias
482 1288 519 1319 in
544 1298 589 1320 ου
615 1288 797 1320 coalescere
815 1289 963 1329 solitum,
992 1289 1028 1320 in
1054 1287 1072 1323 ὁ

65 1332 223 1380 ἔτερος
256 1334 302 1369 τὸ
337 1331 491 1382 ἕτερον
516 1335 630 1367 Attice
665 1331 842 1380 ἅτερος,
881 1332 1072 1381 θᾶτερον

64 1382 282 1415 contrahitur.
309 1383 465 1424 Apollon.
482 1382 523 1414 de
541 1383 627 1414 coni.
655 1391 688 1423 p.
707 1378 787 1422 495,
805 1379 859 1414 12.
883 1383 1069 1415 Philemon.

63 1439 98 1470 p.
117 1425 175 1462 46.
203 1429 350 1461 Brunck.
377 1429 418 1461 ad
434 1430 493 1462 Ar.
515 1430 618 1470 Vesp.
643 1426 744 1462 1241.
780 1430 997 1471 Apollonium
1013 1439 1074 1462 ex-

64 1478 189 1517 cerpsit
215 1476 280 1508 EM
296 1487 330 1518 p.
350 1473 431 1515 443,
451 1473 509 1509 27.
531 1493 572 1500 —
598 1473 717 1522 ἅτερος
734 1477 787 1508 ΕΙ.
809 1473 889 1509 739.
919 1475 1000 1509 Sine
1018 1487 1074 1509 co-

63 1524 180 1556 ronide
204 1524 303 1565 vulgo
329 1524 505 1563 scribitur,
533 1527 568 1555 et
584 1523 725 1556 molesta
749 1533 829 1556 sane
853 1524 930 1556 illa:
959 1525 1017 1557 sed
1034 1528 1075 1557 ut

63 1572 227 1613 scriptura
244 1575 383 1611 constet,
402 1570 565 1602 addenda.

135 1618 200 1651 Sed
217 1618 299 1650 alias
325 1619 360 1650 in
383 1617 619 1658 diphthonyum
642 1628 659 1650 ο
677 1628 693 1650 ε
717 1618 883 1658 coalescit,
910 1619 1008 1651 cuius
1025 1620 1075 1651 rei

64 1665 220 1707 exempla
235 1665 395 1706 pleraque
412 1675 431 1696 a
445 1665 749 1706 praepositionibus
766 1664 818 1706 ἐκ,
847 1664 895 1705 ἐξ,
924 1663 972 1706 ἐν,
1001 1663 1068 1707 ἐπί,

65 1713 318 1755 pronominibus
337 1710 417 1758 ἐγώ,
445 1709 542 1756 ἐμός,
571 1709 715 1752 ἐκεῖνος,
744 1712 899 1745 adverbio
916 1711 991 1747 ἐκεῖ
1014 1723 1075 1746 ex-

65 1763 148 1800 orta,
167 1768 275 1801 pauca
297 1760 440 1792 aliorum
457 1760 701 1800 vocabulorum,
730 1760 818 1801 quod
835 1761 925 1792 idem
942 1761 977 1792 in
1002 1758 1074 1794 καί

55 1807 328 1840 observavimus.
366 1805 530 1848 Spiritum
555 1807 591 1838 in
608 1806 662 1839 his
687 1816 841 1848 asperum
868 1808 1070 1849 praevalere,

63 1854 189 1895 expelli
213 1854 326 1886 lenem
349 1853 565 1894 Etymologus
596 1854 694 1886 testis
720 1854 896 1895 Apollonio
922 1864 1003 1887 usus
1035 1865 1069 1896 p.

63 1898 144 1941 641,
165 1897 222 1934 40.
250 1900 377 1933 Horum
395 1900 577 1942 Sophoclea
594 1900 676 1932 haec
692 1906 783 1940 sunt,
805 1905 840 1933 et
856 1901 1073 1933 diverbiomm

65 1948 220 1990 quidem:
247 1944 375 1984 τοῦπος
402 1947 456 1980 Tr.
477 1944 558 1980 258.
587 1947 646 1980 ΟΒ
662 1943 719 1980 89.
747 1944 826 1981 234.
855 1945 935 1981 848.
967 1946 1069 1981 1144.

63 1996 118 2028 Ai.
138 1991 218 2027 864.
239 1994 294 2027 El.
317 1989 418 2028 1479.
439 1995 521 2026 Ant.
544 1991 644 2027 1178.
672 1991 755 2041 τοῦρ
779 2006 815 2028 ον
831 1994 958 2038 (Apoll.
978 1997 1002 2027 l.
1023 1995 1072 2040 c.)

63 2042 117 2074 Αἰ.
137 2037 219 2074 284.
239 2039 319 2075 355.
342 2038 443 2074 1368.
463 2041 517 2073 ΕΙ.
535 2037 614 2074 625.
637 2038 739 2074 1020.
757 2007 860 2075 1373.
883 2038 984 2075 1399.
1006 2043 1067 2076 Ph.

61 2085 117 2121 26.
140 2085 242 2121 1291.
269 2090 352 2121 Ant.
380 2085 437 2120 85.
465 2085 546 2120 273.
567 2085 647 2120 279.
678 2085 757 2121 384.
778 2086 858 2123 428.
880 2086 960 2122 536.
987 2087 1067 2123 542.

59 2134 116 2168 OG
143 2131 223 2168 941.
247 2133 348 2168 1118.
377 2134 462 2167 *Tr.
484 2131 552 2168 586
579 2133 673 2214 [85601.
696 2136 833 2178 Dind.].
860 2133 940 2169 933.
965 2134 1067 2170 1018.

63 2179 164 2215 1157.
194 2182 253 2215 OR
277 2179 357 2215 347.
378 2179 458 2214 349.
480 2179 559 2214 538.
611 2179 667 2214 47.
697 2181 867 2229 οὑργάτης
884 2185 964 2216 Ant.
985 2180 1067 2217 252.

60 2226 249 2275 θοῦρμαιον
267 2226 347 2261 397.
369 2226 520 2276 οὑχθρός
537 2226 616 2261 522.
636 2230 844 2262 melicorum:
866 2228 992 2268 τοῦπος
1012 2231 1066 2263 Tr.

4 2307 7 2313 ,
60 2272 130 2308 822
154 2279 425 2317 anapaestorum:
461 2273 587 2313 τοῦπος
611 2277 692 2308 Ant.
714 2273 793 2309 934.
824 2296 870 2301 ——
896 2277 1068 2318 Praeposi-

60 2325 190 2355 tionum
213 2324 315 2364 haec,
352 2323 576 2355 diverbiorum
601 2325 729 2356 omnia:
767 2322 847 2358 οὐκ
876 2326 932 2357 Ai.
964 2321 1065 2358 1289.

62 2367 134 2409 οὑξ
157 2370 212 2403 ΕΙ.
234 2368 268 2402 7.
295 2370 357 2403 Ph.
377 2367 457 2403 940.
486 2370 543 2403 ΟΒ
560 2367 640 2403 385.
667 2369 775 2404 τούκ
799 2372 855 2405 00
875 2369 974 2404 1540.
1003 2372 1065 2404 Ph.

62 2414 142 2450 639.
163 2421 197 2450 et
213 2418 488 2459 compositorum:
525 2414 700 2463 οὑκφύσας
716 2419 775 2451 Ph.
789 2415 846 2452 89.
875 2417 1070 2464 οὒξειργασ-

61 2462 162 2510 μένος
188 2465 270 2497 Ant.
290 2460 370 2496 262.
399 2461 611 2510 οὖξελέγγων
637 2465 695 2497 ΟΒ
717 2462 797 2497 297.
827 2463 1069 2511 οὓξεληλυθώς

0 2507 3 2509 ’
60 2511 118 2544 ΟΒ
134 2508 215 2544 735.
243 2510 297 2545 ΟΟ
314 2507 394 2544 426.
429 2503 727 2557 τούξειργασμένον
759 2513 814 2545 Ai.
836 2510 915 2545 315.
943 2512 1068 2554 τούξα-

62 2569 109 2602 μα
130 2556 241 2592 τάνειν
266 2558 347 2613 Ant.
377 2554 480 2590 1024.
510 2574 551 2615 --;
585 2555 660 2615 οίιν
692 2559 747 2591 ΕΙ.
767 2557 848 2611 443..
883 2558 986 2617 τορν
1012 2560 1067 2594 OC

0 2656 5 2671 ι-
59 2602 117 2686 {iz
136 2615 162 2684 1e
160 2608 392 2684 ἶῡέῗωέῗίἲὲῗ
394 2614 452 2684 ἵζ’
463 2602 679 2690 ἓᾶἕῗᾟῗεὸὃὸ
696 2603 1067 2699 ξέεέῖἷῗέμξῖἶέῗῗὲῗ

0 2706 4 2744 j,
59 2696 140 2732 753.
165 2695 365 2744 τοῦμφυλον
393 2699 448 2731 OC
466 2696 546 2731 407.
580 2697 640 2732 τοῦ
689 2698 816 2746 είρημα
846 2701 904 2733 ΟΒ
921 2698 1000 2733 540.
1023 2720 1064 2725 —

0 2746 7 2786 ἐ,
60 2742 630 2780 οὑπίΡΙι.891.-τούπίΑῐη.

60 2790 221 2850 οὒῖτάγων
239 2793 302 2871 Τέ1
307 2790 411 2873 §378ob
413 2790 684 2884 Ἰορβπιέζωλῗὲἑρᾌ
687 2791 870 2874 il³h1.3182642.
886 2792 1067 2874 ιοἷαττιβρυ-

59 2838 244 2920 &2373
265 2850 493 2932 τούίτίίιληρρί3
512 2850 666 2920 ΟτΒη227.
688 2866 766 2920 529.
794 2852 1066 2927 τόύτῖῒειιέέῗὶςδὶό

699 2744 720 2779 9
738 2752 773 2780 et
789 2749 1044 2789 compositorum
1055 2761 1062 2781 ι

0 2922 17 2969 ,Ξζι
62 2931 162 2966 1127.
182 2934 222 2965 fr.
235 2935 301 2966 inc.
322 2930 402 2965 709.
422 2931 638 3014 τούπίσαέμα
654 2934 714 2966 Ph.
729 2932 807 2968 755.
828 2933 1066 2982 τούπίτριπτον

593 2981 651 3025 γώ
677 2984 712 3013 et
737 2980 841 3026 ἐμός
866 2983 947 3014 haec
971 2988 1062 3024 sunt,

14 3074 19 3075 ⁷
59 3070 139 3107 393.
159 3070 240 3106 566.
259 3071 387 3118 τούμόν
405 3073 460 3106 00
478 3071 558 3107 501.
579 3071 659 3107 576.
680 3072 758 3107 621.
780 3073 860 3108 655.
881 3073 961 3109 667.
983 3075 1062 3110 788.

26 3125 27 3128 ’
62 3117 163 3153 1173.
183 3121 238 3152 Ai.
261 3118 339 3153 124.
360 3117 439 3153 431.
469 3118 549 3153 595.
569 3118 649 3154 658.
671 3119 749 3154 686.
777 3119 857 3155 995.
879 3120 980 3157 1313.
1008 3125 1062 3156 ΕΙ.

59 3164 116 3200 57.
137 3164 216 3200 252.
237 3164 318 3200 452.
339 3164 418 3200 633.
439 3165 519 3200 785.
542 3165 643 3202 1302.
667 3165 767 3201 1310.
786 3166 887 3202 1390.
908 3167 1062 3204 Ph.498.

33 3231 37 3256 3
62 3210 164 3246 1456.
184 3214 266 3246 Ant.
284 3210 364 3246 764.
387 3215 441 3246 Tr.
461 3211 538 3247 142.
556 3211 636 3247 304.
657 3211 737 3248 319.
758 3211 836 3248 629.
858 3213 939 3249 797.
963 3214 1062 3250 1068.

39 3297 41 3299 ,
62 3257 163 3293 1176.
194 3257 294 3293 1193.
324 3257 423 3293 1197.
447 3258 548 3294 1215.
571 3258 671 3294 1246.
700 3263 758 3294 ΟΒ
774 3259 854 3295 426.
882 3260 964 3297 643.
983 3261 1063 3297 688.

64 3303 164 3339 1400.
193 3304 294 3340 1452.
314 3309 527 3340 molinorum:
552 3306 679 3353 τούμόν
697 3309 754 3342 ΟΒ
767 3306 866 3342 1222.
886 3310 942 3343 OC
963 3308 1065 3344 1084.

51 3353 300 3386 .--Pronomen
316 3351 465 3389 ἐκεῖνο
477 3366 510 3392 ς;
539 3352 695 3389 οὑκείνου
711 3356 771 3388 Ph.
793 3353 873 3389 625.
892 3355 1067 3391 τούκείνου

42 3397 115 3442 ²'El.
130 3397 219 3435 1118
237 3404 272 3435 et
288 3404 466 3443 cognatum
482 3403 678 3436 adverbium
692 3400 871 3437 τούκεῖθεν
888 3404 943 3437 00
961 3401 1040 3437 505.

1111 769 1251 801 tiatione
1267 773 1368 801 tenus
1384 770 1620 811 improbanda;
1641 771 1699 803 sed
1716 779 1790 802 cum
1809 771 1844 802 in
1858 781 1906 804 οα
1918 796 1926 811 ,
1955 781 1987 804 οι
2004 781 2036 810 α,
2058 783 2087 804 ω
2100 781 2123 804 α

1112 819 1242 849 constet
1275 827 1296 849 α
1328 818 1538 858 praevalere,
1577 815 1692 863 ἀγών
1717 814 1880 862 ἀγαθοί
1902 815 2059 863 τάνδρί
2084 821 2122 849 ut

1111 864 1252 904 dicatur,
1281 867 1315 895 et
1333 865 1514 895 verisimile
1532 866 1577 896 sit
1592 865 1769 896 articulum
1788 874 1848 896 suo
1860 866 1996 897 nomine
2012 865 2120 906 appli-

1112 911 1177 942 cari
1193 911 1400 951 arctissime,
1428 911 1469 943 ad
1487 912 1593 943 erasin
1611 911 1873 951 confugiendum
1897 915 1960 944 est.
1989 911 2122 945 Scribe-

1111 958 1284 998 turigitur
1309 956 1331 991 ἁ
1369 956 1445 1002 ετή
1472 959 1527 990 Ai.
1550 955 1640 990 1357
1656 967 1723 990 non
1747 956 1771 1002 ἡ
1789 956 1894 1004 ἀρετή
1913 968 1989 991 cum
2003 958 2119 991 Herm.

1111 1008 1145 1036 et
1164 1005 1260 1037 Eust.
1281 1014 1315 1046 p.
1382 1002 1415 1045 2,
1448 1002 1502 1037 10.
1538 1001 1618 1045 879,
1641 1002 1663 1036 7
1687 1005 1830 1046 aliisque
1852 1005 1933 1038 locis
1958 1003 2008 1051 [et
2026 1005 2119 1038 Stob.

1111 1052 1208 1084 floril.
1230 1049 1285 1091 19,
1308 1048 1367 1096 10]
1392 1061 1454 1084 nec
1471 1049 1494 1096 ή
1516 1046 1607 1097 ’ρετή
1632 1062 1708 1084 cum
1734 1053 1792 1084 LA
1817 1050 1922 1098 ἀρετή
1939 1053 1976 1085 in
1993 1054 2078 1093 Aug.
2099 1054 2121 1085 b

1111 1103 1283 1140 repertum
1311 1103 1426 1140 aperte
1454 1099 1613 1131 vitiosum
1640 1103 1703 1132 est.
1736 1097 1885 1143 ἀλήθεια
1916 1101 1997 1132 Ant.
2019 1096 2118 1132 1195.

1112 1146 1229 1178 Creus.
1264 1147 1306 1178 fr.
1334 1142 1412 1186 323,
1438 1143 1478 1187 2;
1515 1146 1572 1178 illo
1596 1147 1666 1178 loco
1692 1151 1745 1178 est
1767 1148 1804 1179 in
1825 1147 1885 1179 LA
1918 1145 1925 1154 '
1959 1143 2119 1192 ἀλήθεια,
2175 1151 2182 1156 ’

1111 1193 1257 1226 Brunck.
1278 1201 1302 1250 ’9
1325 1186 1460 1238 ’λήθεια
1477 1193 1588 1233 dedit;
1618 1191 1716 1227 ἀνοία
1734 1193 1810 1226 Ter.
1831 1195 1872 1226 fr.
1894 1190 1914 1226 5
1941 1191 1975 1235 7,
1996 1193 2017 1226 5
2034 1195 2121 1236 quod

1110 1240 1262 1333 Hrunck]
1277 1251 1397 1286 αγνοια
1412 1241 1586 1273 scribendo
1603 1242 1749 1282 corrupit
1773 1238 1866 1285 [libri
1887 1240 1979 1274 Stob.
1999 1237 2054 1283 68,
2079 1237 2122 1274 19

1109 1295 1132 1332 η
1151 1285 1248 1321 ἄνοια
1268 1313 1275 1320 .

1179 1346 1202 1380 η
1219 1346 1236 1368 ε
1260 1336 1412 1376 absorpta
1429 1336 1533 1368 vocali
1549 1337 1643 1368 brevi
1660 1336 1776 1368 eodem
1793 1337 1869 1368 iure
1885 1337 1922 1368 in
1938 1346 1962 1381 η
1979 1339 2113 1376 coeunt,

1110 1383 1138 1414 si
1156 1379 1270 1427 ἕτερος
1288 1383 1472 1423 exceperis.
1510 1380 1533 1427 ἡ
1559 1380 1680 1428 ’τέρα
1706 1384 1806 1415 scribi
1831 1392 1897 1416 non
1915 1392 2034 1424 posse,
2054 1383 2120 1416 cla-

1110 1439 1184 1461 rum
1209 1434 1280 1470 est3
1310 1430 1369 1461 sed
1394 1439 1436 1462 ne
1461 1428 1599 1475 ἡτέρα
1624 1430 1760 1472 quidem
1777 1430 2004 1471 probandum,
2033 1430 2122 1472 quod

1109 1477 1219 1508 visum
1238 1477 1428 1509 Hermanno
1445 1477 1485 1509 ad
1502 1477 1557 1510 00
1571 1473 1651 1517 497,
1673 1487 1750 1509 cum
1767 1474 1898 1525 θὴτέρᾳ
1914 1478 2040 1510 incerta
2057 1477 2122 1510 fide

1110 1525 1164 1562 sit,
1185 1529 1219 1556 et
1235 1521 1378 1568 θάτερον
1397 1532 1440 1556 ex
1458 1525 1627 1557 vocalibus
1644 1525 1742 1565 longe
1759 1526 1866 1565 magis
1892 1525 2023 1556 dissitis
2041 1533 2122 1556 con-

1110 1571 1251 1603 ficiatur.
1280 1572 1351 1603 Imo
1368 1576 1631 1604 consentaneum
1649 1571 1761 1617 τροπῇ
1779 1572 1898 1604 Dorica
1910 1569 2015 1625 ἀτέρα
2033 1571 2118 1613 flen',

1108 1618 1211 1657 idque
1229 1618 1322 1650 dedit
1339 1618 1457 1650 Elmsl.
1479 1620 1514 1650 in
1532 1617 1588 1651 00
1604 1614 1692 1658 498;
1722 1619 1798 1651 libri
1822 1617 1940 1664 ἡτέρα,
1968 1626 1992 1663 η
2016 1615 2116 1664 ’τέρα,

1109 1663 1133 1710 ἡ
1156 1660 1258 1710 (τέρα.
1289 1662 1417 1711 θάτέρᾳ
1435 1666 1590 1698 scribitur
1614 1665 1670 1698 Tr.
1690 1662 1760 1698 272
1776 1675 1819 1698 ex
1836 1667 1966 1699 duobus
1983 1675 2117 1707 apogr.;

1110 1712 1168 1745 sed
1188 1714 1251 1744 alia
1268 1722 1343 1745 cum
1362 1714 1420 1745 LA
1439 1710 1569 1759 θήτέρᾳ
1582 1738 1590 1754 ,
1618 1714 1707 1754 quod
1733 1724 1752 1745 a
1776 1713 1943 1746 Brunckio
1960 1715 2061 1746 etiam
2078 1722 2123 1745 ex

1109 1761 1180 1792 suis
1197 1761 1400 1792 membranis
1417 1760 1557 1792 editum.
1589 1759 1654 1794 Sed
1670 1762 1706 1792 in
1723 1759 1781 1792 ΟΒ
1793 1757 1862 1793 782
1879 1769 1990 1802 apogr.
2010 1761 2119 1801 plera-

1109 1815 1173 1848 que
1199 1808 1235 1839 in
1260 1804 1389 1853 θάτέρᾳ
1412 1809 1648 1848 consentiunt,
1678 1808 1737 1839 LA
1763 1801 1795 1842 θ’
1810 1805 1930 1852 ήτέραι
1947 1808 2116 1839 scribitur.

1108 1851 1238 1900 θάτέρᾳ
1255 1855 1355 1886 etiam
1372 1855 1620 1886 emendandum
1637 1854 1758 1895 Naupl.
1776 1855 1816 1887 fr.
1834 1851 1914 1894 377,
1931 1851 1954 1886 2
1971 1855 2028 1886 ubi
2045 1855 2121 1886 vul-

1108 1902 1247 1942 gabatur
1279 1895 1344 1935 εἷθ’
1379 1899 1490 1947 ἑτέρᾳν
1527 1902 1673 1934 Brunck.
1703 1899 1834 1947 θήτέρᾳ
1859 1902 2007 1934 dederat.
2030 1919 2071 1925 -
2095 1899 2120 1945 ἡ

1108 1943 1202 1993 ’μή,
1231 1947 1280 1995 τῇ
1302 1947 1375 1995 ’μῇ
1398 1959 1473 1981 cum
1492 1950 1590 1990 vulgo
1603 1950 1680 1980 olim
1699 1959 1774 1980 cum
1791 1958 1933 1990 apocope
1947 1949 2117 1988 ederetur,

1108 2005 1198 2028 nunc
1224 1997 1406 2028 consentiri
1432 2001 1586 2037 coeptum
1610 1997 1646 2027 in
1670 1994 1765 2041 ἡμή
1798 1994 1937 2042 τήμῇ,
1972 1996 2007 2028 id
2032 1995 2120 2037 quod

1107 2043 1231 2075 diserte
1249 2045 1439 2083 agnoscitur
1462 2045 1502 2075 ab
1528 2043 1593 2075 EM
1609 2052 1643 2084 p.
1664 2040 1742 2082 757,
1765 2039 1811 2074 24
1828 2049 1862 2075 et
1879 2044 2061 2075 Phavorino
2078 2052 2112 2083 p.

1106 2087 1175 2122 422
1193 2090 1317 2130 Dind.;
1347 2088 1398 2134 τὴ
1412 2089 1469 2137 μῇ
1493 2094 1604 2122 exstat
1620 2090 1674 2123 00
1695 2087 1802 2130 1340,
1823 2091 1882 2122 ubi
1899 2091 1939 2122 de
1956 2091 2051 2122 libris
2069 2091 2116 2121 si-

1105 2137 1269 2178 lentium3
1299 2135 1380 2183 ἡμή
1396 2138 1453 2170 ΟΒ
1466 2134 1566 2178 1463,
1584 2138 1641 2169 ubi
1658 2138 1711 2169 vel
1730 2137 1842 2170 Herm.
1862 2135 1958 2183 τήμῇ
1972 2137 2115 2169 scribere

1106 2185 1225 2216 solitus
1243 2185 1401 2216 vitiosum
1418 2182 1441 2228 ἡ
1460 2179 1519 2228 ’μή
1539 2185 1699 2223 servavit3
1730 2184 1782 2216 El.
1805 2181 1850 2216 97
1867 2194 1920 2215 au.
1971 2182 2111 2228 τήμαυ-

1104 2233 1165 2264 τοῦ
1189 2231 1247 2263 ΟΒ
1264 2227 1343 2263 995.
1372 2233 1480 2271 Igitur
1503 2233 1605 2264 etiam
1637 2229 1661 2275 ὴ
1676 2225 1912 2276 ’ξειργασμένη
1938 2231 2019 2263 Ant.
2041 2227 2109 2262 384

1105 2282 1140 2310 et
1163 2273 1357 2322 ἠ’πίνοια
1381 2279 1593 2310 scribendum
1618 2279 1698 2310 Ant.
1720 2275 1787 2310 389
1830 2283 1863 2309 et
1903 2273 2058 2322 ή’ξαμα
2070 2288 2113 2323 ρ-

1104 2323 1175 2358 τία
1207 2326 1289 2357 Ant.
1310 2323 1391 2358 558.
1427 2323 1508 2372 τῇδε
1533 2323 1649 2370 θήμέ
1687 2336 1709 2371 ᾳ
1741 2326 1899 2364 vulgatur
1919 2335 1972 2366 ap.
1998 2333 2114 2357 omnes

1105 2372 1163 2405 ΟΒ
1182 2369 1283 2405 1283.
1310 2374 1363 2404 Ai.
1386 2369 1464 2404 756.
1494 2370 1573 2404 778.
1606 2369 1647 2404 13
1672 2369 1712 2411 2,
1743 2372 1830 2413 quod
1855 2382 1930 2404 cum
1949 2381 2015 2404 non
2033 2381 2109 2412 uno,

1105 2424 1145 2451 ut
1169 2421 1279 2451 visum
1307 2421 1470 2452 Lobeckio
1494 2417 1551 2463 (ad
1568 2420 1623 2451 Ai.
1645 2416 1730 2462 756)
1754 2420 1908 2460 exemplo
1926 2420 2108 2460 muniatur,

1105 2467 1354 2499 concedendum
1376 2468 1510 2507 tragicis
1535 2467 1657 2506 etiam,
1686 2475 1752 2498 non
1778 2466 1911 2498 comicis
1938 2467 2017 2498 solis
2034 2466 2109 2498 erit.

1105 2514 1212 2554 Vulgo
1237 2515 1356 2545 vitiose
1379 2511 1410 2547 θ’
1434 2511 1548 2559 ἡμέρᾳ
1572 2514 1746 2554 scribitur3
1774 2513 1846 2545 Erf.
1867 2514 2021 2546 omnibus
2043 2513 2113 2544 illis

1105 2561 1269 2602 exemplis
1293 2561 1409 2593 audaci
1437 2562 1627 2593 coniectura
1657 2554 1728 2606 τῇδ’
1765 2559 1799 2593 έν
1832 2557 1947 2605 ἡμέρᾳ
1979 2560 2108 2592 intulit.

1103 2609 1306 2648 Agnoscitur
1322 2609 1422 2640 orasis
1449 2609 1506 2640 illa
1521 2618 1540 2639 a
1558 2607 1682 2640 Tzetza
1698 2607 1806 2648 Exeg.
1827 2608 1863 2638 in
1880 2607 1975 2639 Iliad.
1996 2617 2030 2648 p.
2052 2603 2108 2639 33.

1104 2656 1134 2686 A
1151 2655 1279 2687 melicis
1297 2656 1407 2687 aliena
1423 2659 1486 2687 est.

1174 2696 1209 2735 αἱ
1221 2713 1242 2735 α
1259 2706 1297 2734 ut
1315 2713 1332 2735 ο
1350 2714 1372 2735 α
1388 2704 1423 2734 in
1442 2714 1463 2735 α
1480 2702 1705 2742 coniungitur,
1726 2710 1789 2733 nec
1805 2701 2000 2733 contradicit
2017 2701 2111 2742 quis—

1104 2759 1222 2790 quam,
1251 2759 1326 2781 cum
1352 2759 1391 2781 ea
1415 2750 1518 2781 erasis
1542 2750 1578 2780 in
1596 2749 1663 2781 solo
1680 2748 1837 2780 vocabulo
1863 2744 1942 2792 ἀνή
1988 2749 2113 2780 usitata

1104 2797 1160 2828 sit.
1188 2794 1304 2843 τάνδρί
1327 2797 1450 2836 legitur
1474 2797 1527 2828 Ai.
1549 2793 1606 2828 78.
1636 2795 1690 2828 Tr.
1718 2791 1774 2827 60.
1797 2791 1875 2827 603.
1897 2792 1918 2826 7
1969 2818 1976 2825 .
2007 2792 2109 2827 1175.

1105 2842 1170 2875 Sed
1196 2844 1414 2875 eximendum
1436 2842 1541 2889 τώμῷ
1561 2840 1688 2888 τάνδρί,
1716 2843 1803 2884 quod
1828 2850 1994 2874 consensu
2020 2843 2110 2874 sere-

1102 2891 1201 2922 batur
1235 2890 1289 2922 Tr.
1310 2887 1395 2931 445,
1432 2891 1645 2931 ineptissima
1676 2890 1785 2930 posita
1818 2889 2033 2921 distinctione
2072 2890 2112 2920 ab

1102 2938 1237 2979 Apitzio
1263 2947 1372 2978 nuper
1394 2938 1598 2979 explicatum
1621 2935 1743 2982 τώμῷ,
1772 2933 1907 2981 τάνδρί,
1942 2944 2034 2974 meo,
2062 2937 2114 2966 υἰ-

1101 2994 1176 3015 rum
1199 2984 1283 3016 dico.
1319 2985 1437 3016 Verior
1460 2985 1594 3016 videtur
1622 2983 1793 3016 Schaeferi
1816 2984 1974 3015 correctio
1997 2982 2036 3014 ad
2055 2981 2113 3014 ΟΒ

1105 3027 1194 3063 1106
1226 3025 1256 3076 γ’
1280 3029 1392 3077 ἀνδρί,
1423 3041 1523 3072 quam
1551 3029 1694 3063 Seidleri
1725 3024 1754 3063 τ’
1771 3026 1866 3076 ἀνδρί
1891 3027 2039 3073 [recepta
2055 3029 2114 3061 illa

1102 3079 1142 3110 ab
1152 3076 1285 3122 Dind.]‚
1308 3087 1372 3119 qua
1388 3078 1531 3110 admissa
1546 3079 1728 3118 insequens
1744 3074 1767 3122 ἢ
1787 3076 2002 3118 respondebit
2016 3085 2114 3117 prae-

1103 3134 1215 3165 gresso
1232 3135 1279 3157 τε.
1307 3126 1542 3157 Diverbiorum
1561 3129 1641 3157 sunt
1657 3125 1779 3156 omnia.

1174 3184 1202 3205 ω
1229 3182 1246 3204 ε
1278 3176 1316 3203 ut
1348 3183 1372 3216 η
1401 3182 1417 3204 ε
1449 3173 1603 3213 absorpta
1635 3171 1739 3203 vocali
1755 3171 1909 3203 tenuiore
1925 3171 1960 3202 in
1978 3182 2007 3203 ω
2024 3170 2106 3209 coit;

1103 3218 1301 3259 aphaeresin
1319 3219 1397 3250 olim
1415 3220 1608 3259 probabant.
1643 3218 1740 3250 Hanc
1764 3219 1866 3250 etiam
1884 3218 1990 3249 crasin
2009 3225 2112 3256 agno-

1104 3266 1169 3296 scit
1185 3265 1248 3296 EM
1265 3275 1298 3306 p.
1317 3262 1398 3304 412,
1418 3263 1474 3297 57.
1496 3263 1575 3305 757,
1596 3262 1654 3296 24.
1673 3282 1714 3288 -
1732 3263 1838 3309 τώμῷ
1860 3263 1914 3296 Tr.
1934 3259 2107 3296 445820.

1104 3311 1158 3344 00
1177 3308 1257 3343 564.
1279 3308 1358 3344 952.
1386 3310 1548 3345 τώπιόντι
1564 3312 1618 3345 00
1639 3308 1742 3344 1532.
1762 3311 1820 3343 OR
1836 3307 1915 3351 969,
1936 3312 1972 3342 in
1990 3310 2112 3352 quibus

1105 3359 1158 3390 vel
1174 3359 1288 3390 Herm.
1310 3358 1507 3399 aphaeresin
1526 3359 1673 3399 reliquit.
1702 3359 1742 3390 In
1764 3361 1859 3390 tanta
1882 3358 2111 3399 exemplorum

1103 3406 1273 3448 paucitate
1290 3406 1420 3438 cantica
1436 3406 1509 3438 eius
1525 3415 1653 3444 cresens
1670 3407 1835 3443 immunia
1853 3407 1945 3438 sunt.
