2288 3600
74 47 136 80 ,,1ιῖ
217 68 244 77 .,
297 72 299 74 .

62 103 275 184 5²43..an
319 118 332 159 '-

78 239 216 299 ..lm-²¹⁶*
240 241 384 290 ἡδίστην
407 240 504 288 νέμει
520 240 562 276 fr.
582 243 650 276 inc.
671 234 753 284 782,
773 239 806 275 3.
851 242 904 274 De
921 244 999 274 tono

47 326 57 331 ⁴
110 316 118 325 .
136 297 172 335 p.
192 287 250 333 97,
271 288 329 324 23.

36 355 84 399 >gite
104 363 181 397 αἶα
205 371 241 394 n.
255 371 306 403 pr.
343 358 362 395 ὁ
378 356 496 398 Μαίας
510 362 592 398 παῖς
607 354 742 405 Ἑρμῆς
760 359 812 391 El.
835 355 925 391 1395
943 358 994 391 ch.

41 401 70 412 ¹
84 413 157 443 tus
172 409 262 442 idem
279 409 338 450 qui
354 409 389 440 in
406 408 621 450 appellativo,
642 407 741 439 Eust.
761 416 795 447 p.
815 403 917 446 1155,
938 403 995 438 51.

39 475 355 525 Μαιεύτριαν;
377 475 452 512 ἀντὶ
467 480 529 512 τοῦ
549 479 697 523 μαῖαν.
719 473 760 511 Σ.
780 472 999 522 Ἀλεξάνδρῳ

40 525 136 574 ⁴sinc.
165 523 238 571 86).
283 526 428 559 Antiatt.
449 524 556 557 Bekk.
585 535 619 567 p.
643 521 722 565 108,
743 521 799 556 31.
845 524 897 555 De
921 527 999 556 tono

38 579 45 586 ”
105 584 144 607 στ
167 584 211 607 ια.

63 615 65 618 .
90 641 93 643 ’
113 582 359 677 ’Νῗαίμακος
385 632 408 663 i.
431 641 462 672 q.
482 628 635 677 χαλεπός
649 655 656 669 ,
678 627 867 676 δύσμαχος.
898 626 1002 673 σῶμά

37 683 50 699 ·’
73 678 218 725 ιιμάκου
236 677 291 711 OC
311 674 400 711 1568
417 678 469 710 ch.
495 678 636 710 coniecit
653 677 800 709 Meinek.
821 686 881 718 pro
898 674 1001 720 σῶμά

75 726 191 761 ι’κάτου
210 724 329 772 θηρός.
358 725 504 758 Cerberi.
543 725 595 756 De
613 725 729 756 eodem
745 724 851 756 voluit
870 724 996 755 Nauck.

23 768 281 866 11τρὲἶρῗνον
299 769 470 813 σκύλακας
494 769 669 816 μαίμακον
686 770 798 818 τέρας.
828 769 879 803 Cf.
902 771 996 802 Phot.

43 861 76 882 ξ’
104 846 252 923 αιμάω
284 878 382 919 fure,
417 878 547 909 'rabiosa
571 877 706 909 libidine
731 879 845 908 sector.
923 877 1001 920 εἶρα

75 988 82 1002 ;
115 999 123 1007 .
151 974 243 1015 expl.
264 973 363 1004 Pind.
387 982 421 1013 p.
443 969 523 1004 374.
561 971 670 1003 Schol.
691 981 742 1016 γρ.
765 968 937 1016 ὃιψῶσαν;
967 974 1001 1002 et

36 1158 47 1161 Α
186 1111 265 1155 701,
287 1110 344 1146 30.
374 1113 549 1145 Librorum
567 1113 764 1153 scripturam
784 1113 886 1144 etiam
903 1111 997 1144 Suid.

48 1199 50 1202 .
71 1172 104 1195 r
119 1173 151 1194 v.
174 1165 369 1207 μαιμῶσαν.

36 1216 225 1258 ’,Μίαινοίς
249 1219 391 1252 Baccha.
438 1215 580 1265 Βοίιγον
597 1214 786 1252 Μαινάδων
812 1214 1002 1261 ὁμόστολον

44 1265 132 1301 ,12
148 1268 200 1300 ch.
230 1284 271 1292 -
307 1267 483 1299 Adiective
500 1259 716 1307 friribundus.
750 1262 859 1298 λύσσα
881 1262 1002 1309 μαινοίς

113 1340 121 1348 .
141 1312 222 1356 678,
242 1311 265 1346 4
281 1314 322 1346 de
338 1323 460 1346 amore.
971 1344 973 1346 ,

43 1400 50 1412 .
76 1383 79 1387 ’
104 1372 286 1418 αίνομαι
310 1372 399 1414 furo.
438 1372 613 1413 Leguntur
637 1380 797 1412 praesens
823 1367 997 1416 μαίνομαι,

126 1419 342 1501 mileu-qva,
365 1412 669 1476 aoristusxeudvqu.
700 1418 834 1459 Proprie
852 1418 998 1475 dictum:

105 1466 152 1502 ὅτ’
198 1465 282 1513 νδρα
306 1467 360 1499 Ai.
381 1464 438 1498 81.
483 1477 540 1499 τον
564 1477 625 1499 του
655 1463 816 1509 μανέντας
842 1462 1001 1509 ξυναιμον

108 1571 144 1595 se
169 1562 321 1603 rapitur:
349 1559 386 1598 ὃς
410 1558 487 1594 τότε
512 1557 702 1605 μαινομένᾳ
727 1557 782 1599 ξὺν
806 1557 898 1606 ὁρμᾷ
916 1556 1002 1603 βακ-

649 1648 705 1686 ΕΙ.
751 1650 794 1685 79
821 1654 893 1686 scil.
922 1662 1001 1694 prae

51 1657 121 1699 :gil
144 1656 196 1689 ch.
240 1651 316 1688 ἀλλ’
339 1653 361 1700 ἦ
391 1652 550 1701 μέμηνας
569 1667 629 1695 ...ς

59 1711 103 1732 ’,ι-ι
150 1704 245 1744 quasi
285 1703 418 1734 insania
451 1702 636 1743 corriperis.
699 1698 853 1745 μαίνεται
886 1697 914 1733 δ’
946 1696 1002 1746 ὑφ’

52 1743 62 1761 ³
103 1761 120 1788 ς
139 1749 254 1796 μήτηρ
275 1747 376 1782 1153.
422 1746 480 1782 οἷα
498 1746 651 1793 μαίνεται
667 1745 842 1781 πενθοῦσα
858 1743 937 1786 Tyr.
957 1748 999 1779 fr.

58 1793 63 1809 ³
116 1798 127 1830 .’
162 1798 253 1830 Hinc
268 1798 374 1828 nimia
398 1800 433 1828 et
459 1795 677 1828 intolerabilia
700 1796 791 1826 mala
813 1792 1003 1839 μαινόμενα

65 1845 164 1877 ‘'urk
194 1842 280 1890 γελ”
304 1841 341 1876 δὲ
364 1840 481 1876 τοῖσδε
508 1841 726 1888 μαινομένοις
752 1839 870 1889 ἄχεσιν
894 1839 1002 1874 πολὺν

71 1908 75 1919 ι
102 1896 124 1926 ἀ
140 1892 198 1924 Ai.
215 1889 259 1923 95
301 1891 353 1923 ch.
376 1908 417 1914 -
445 1890 579 1922 Deinde
604 1891 749 1921 insanire
773 1890 932 1921 universe
955 1889 1003 1920 si-

61 1942 142 1979 cat,
163 1938 328 1970 stultitiae
346 1942 523 1977 cognatum
539 1937 672 1968 vitium.
709 1930 820 1981 κάρτα
838 1933 1004 1981 μαίνομαι

56 1987 85 2016 i*
104 1982 161 2018 6.·
198 1983 276 2019 ὅταν
308 1982 351 2018 τὰ
384 1978 450 2018 θεῖ’
483 1981 580 2030 ἀφείς
611 1995 662 2021 τις
687 1982 734 2020 εἰς
758 1982 797 2016 τὸ
825 1978 1003 2028 μαίνεσθαι

63 2049 87 2073 f«
127 2032 185 2066 OG
203 2029 305 2072 1537,
334 2041 399 2073 quo
424 2032 601 2063 temeraria
625 2035 659 2062 et
684 2040 840 2072 perversa
865 2030 1002 2062 consilia

53 2087 136 2120 *ju-e
167 2090 186 2111 a
217 2079 340 2121 populo
373 2088 539 2110 summam
563 2082 765 2120 potestatem
792 2081 932 2109 tenente
958 2074 1003 2108 ti-'

20 2141 22 2143 ’
50 2129 325 2167 ,statangunturz
362 2125 410 2162 ὡς
426 2127 500 2162 τοῖς
517 2121 657 2158 θέλουσι
674 2127 742 2157 τῶν
761 2122 871 2170 φίλων
892 2121 1003 2168 μαίνει

122 2174 204 2206 Ant.
234 2170 302 2206 765
328 2170 486 2218 [μαίνηισ
511 2173 587 2212 LA,
619 2172 677 2204 sed
702 2182 717 2204 ε
739 2181 841 2214 super
866 2181 918 2212 αι,
952 2178 1003 2204 εισ

104 2230 173 2300 {ff
197 2231 216 2252 a
240 2230 284 2252 m.
310 2225 382 2252 ant.
409 2220 528 2261 positis
553 2222 588 2251 et
615 2229 634 2251 σ
658 2222 734 2260 post
757 2230 814 2264 νηι
831 2228 936 2251 eraso.
959 2236 999 2241 --

212 2268 325 2312 μενεῖς
342 2267 400 2299 alii
419 2267 472 2298 vel
491 2264 578 2313 μένῃ
597 2267 650 2298 vel
670 2264 786 2312 μένῃς.
818 2284 859 2289 -
896 2262 1002 2310 μαίνῃ

97 2314 217 2355 Βὶηᾱ.,
236 2314 338 2355 idque
356 2312 459 2346 schol.
477 2310 726 2357 commemorat]
745 2313 913 2346 Seidlerus
929 2314 1002 2349 τοῖς

83 2371 131 2395 ·σι
162 2358 270 2400 ξυνών
303 2362 509 2401 coniungens
532 2361 680 2402 explicat
706 2359 753 2397 ὡς
780 2358 884 2404 μαίνῃ
911 2357 1004 2405 παρὰ

59 2405 201 2455 φίλοις
224 2409 297 2445 τοῖς
322 2405 482 2441 θέλουσιν
501 2404 685 2452 ὑπομεῖναι
699 2405 763 2452 τὴν
782 2405 845 2452 σὴν
865 2403 999 2450 μανίαν.

56 2454 209 2497 “parum
242 2456 448 2487 conveniunt
480 2454 562 2486 haec
593 2463 669 2486 cum
701 2454 868 2495 prioribus
902 2450 942 2486 σύ
975 2446 1003 2486 τ’

74 2517 117 2547 ¹¹s
158 2499 285 2547 τούμὸν
317 2499 483 2547 προσόψει
506 2501 637 2547 κρᾶτα,
668 2502 765 2542 quasi
790 2510 873 2542 opus
899 2500 1003 2532 fuerit

31 2585 34 2587 ,
71 2551 91 2577 2«
106 2557 198 2581 nem
210 2558 393 2581 memorare
407 2558 442 2580 se
454 2548 607 2580 Creontis
620 2548 706 2580 ferre
721 2548 808 2580 nolle
821 2548 998 2579 insaniam.

124 2596 226 2634 ’πίττης
251 2598 325 2633 τοῖς
343 2593 483 2629 θέλουσι
497 2599 565 2628 τῶν
583 2592 692 2641 φίλων
710 2596 758 2627 sic
774 2595 1002 2636 supplendum

20 2674 31 2686 ,Ἴ
122 2644 197 2680 τοῖς
213 2639 355 2676 θέλουσι
372 2640 483 2688 φίλοις
500 2639 584 2675 εἶναι
596 2668 604 2682 ,
625 2643 680 2683 qui
697 2643 810 2673 omm'a
827 2645 886 2673 tua
903 2650 1002 2672 causa

132 2702 141 2721 .’
168 2690 354 2722 Hermanni
369 2690 533 2721 rationem
550 2698 616 2721 non
633 2689 798 2729 intelligo.
821 2706 862 2712 -
891 2688 1002 2721 Semel

22 2744 32 2775 ¹,
204 2737 245 2769 de
273 2736 394 2768 Bacchi
424 2737 599 2768 comitibus
625 2732 925 2774 ἐνθουσιαζούσαις
951 2736 1003 2767 di-

22 2787 35 2821 2..
82 2786 105 2828 J:
125 2779 197 2827 ἅμα
213 2780 410 2830 περιπόλοις
428 2780 573 2817 θυίαισιν
592 2780 628 2816 αἵ
646 2793 682 2815 σε
696 2781 900 2827 μαινόμεναι
914 2775 1003 2816 ποίν-

75 2827 288 2876 *Txopebouot
304 2831 386 2862 Ant.
410 2827 498 2862 1151
517 2830 568 2862 ch.
749 2827 798 2872 (ΙΙ
815 2839 849 2870 p.
871 2826 928 2870 48,
949 2826 1003 2872 6.)

78 2880 96 2940 ξι
145 2885 182 2922 ίο
194 2898 269 2942 μαι
295 2898 423 2929 quaero.
463 2885 581 2932 λαβὼν
599 2884 726 2941 ἐμαίετ’
744 2885 846 2934 ἔγχος
865 2885 1003 2928 ἐξόδους

28 2953 41 2963 2
124 2944 224 2972 κενας
242 2936 295 2967 Ai.
317 2931 396 2968 287.
441 2933 566 3014 γέρόνος
591 2931 680 2967 πόλλ
707 2931 898 2980 ἀνευρίσκει
914 2933 1004 2981 σοφὰ

26 3016 34 3027 Ἢ,
79 2993 81 2996 ’
112 2998 116 2999 ’
142 2991 192 3019 οις
206 2983 249 3014 fr.
269 2992 337 3014 inc.
357 2978 438 3022 658,
484 3006 491 3013 .

30 3031 224 3091 ¹.
241 3041 363 3072 beatus.
393 3039 410 3074 ὁ
429 3033 458 3073 δ’
474 3038 600 3085 ἥκιστα
617 3038 707 3086 ἔχων
725 3038 850 3084 (κακά)
866 3038 1004 3085 μακάρ-

36 3087 44 3132 Ῐ
71 3090 86 3123 ζ’
109 3084 194 3126 Mys.
213 3088 257 3119 fr.
278 3083 357 3119 359.
402 3088 550 3119 Deorum
568 3091 842 3127 cognomentum:
876 3084 916 3120 ίὼ
934 3085 1004 3131 ud·-

77 3137 83 3143 ⁴·
108 3132 362 3178 ταυροκτόνων
386 3131 534 3167 λεόντων
560 3131 681 3179 ἔφεδρε
706 3134 768 3166 Ph.
796 3130 866 3166 400
883 3133 935 3166 ch.
963 3134 1005 3166 de

28 3198 31 3229 3
94 3190 100 3199 ’·
121 3193 125 3196 ⁴
148 3181 263 3213 eadem
280 3184 384 3213 matre
402 3182 550 3213 deorum.

87 3230 95 3265 ’ἶ
112 3236 308 3283 ακαρίζω
334 3239 463 3270 beatum
474 3239 642 3279 praedico.
671 3237 802 3284 βροτῶν
820 3236 918 3272 οὐδὲν
936 3249 1006 3283 μα-

29 3281 927 3377 1,4⁰-*griffi3¹32,,ggffiffissggggwmffiffgggwe
943 3295 1004 3327 p.-

30 3360 35 3424 ί
98 3360 400 3439 ἰ’γίιελλαῇιοῖ).
426 3390 522 3423 Path.
546 3387 578 3431 1,
601 3386 678 3423 199.
706 3390 793 3423 Prol.
817 3386 898 3435 106]
923 3391 1002 3430 liyo.

31 3442 36 3478 Ι
87 3441 121 3477 T:

32 3493 41 3543 i*

33 3550 38 3587 ί

47 944 53 953 2
79 930 170 960 ὦσαν
188 924 295 973 φόνου
314 926 367 957 Ai.
389 921 445 957 50.
476 924 528 957 Cf.
550 924 665 956 Valck.
688 924 729 956 ad
746 924 870 956 Phoeu.
907 914 996 955 252.
1018 962 1019 971 ¹

88 1026 116 1054 t
139 1021 278 1053 fortasse
304 1020 389 1059 huc,
419 1019 507 1060 quod
531 1028 575 1050 ex
600 1019 722 1058 tragico
739 1017 881 1058 quodam
897 1019 1020 1063 χεῖραῑ

44 1078 140 1102 σαν
159 1065 263 1147 ῗόνον
281 1068 429 1098 afferunt
446 1066 571 1097 Athen.
595 1062 650 1098 10.
671 1075 704 1106 p.
725 1062 795 1097 433
813 1066 828 1096 f
851 1069 885 1096 et
902 1074 945 1096 ex
963 1073 1001 1096 eo
1018 1064 1020 1085 '²

58 1135 65 1151 ;
78 1139 86 1149 .
106 1125 140 1158 p.

798 123 933 174 Μαῖα
960 152 1022 161 -
1050 106 1246 192 Μακρός

1037 238 1178 275 δίκελλα
1202 241 1323 273 lexicis
1348 243 1432 273 vett.
1462 241 1666 283 explicatur.
1703 241 1739 274 Si
1764 241 1868 283 Soph.
1895 241 2054 280 Aeschyli

1036 289 1192 330 exemplo
1204 313 1212 329 ,
1243 288 1330 329 quod
1347 286 1449 320 etiam
1467 288 1543 320 risit
1559 287 1732 329 Aristoph.
1754 288 1818 320 Av.
1838 285 1927 321 1240
1943 287 2057 336 χρυσῇ

1037 332 1195 383 μακέλλῃ
1221 332 1336 381 Ζηνός
1369 336 1483 376 posuit
1516 335 1583 366 inc.
1614 331 1682 367 767
1716 334 1849 375 fulmen
1882 335 2055 380 intellexit

1036 391 1209 415 coruscum
1235 391 1311 415 cum
1336 382 1457 422 ligonis
1474 382 1634 414 dentibus
1652 385 1891 423 comparatum.
1923 383 2053 415 Tonum

1036 430 1168 470 generis
1186 440 1218 462 v.
1239 438 1294 470 ap.
1315 429 1391 461 Arc.
1412 439 1446 471 p.
1468 425 1524 469 96,
1550 425 1605 461 19.

1106 483 1336 525 Μάκιστος
1362 498 1393 520 v,
1415 485 1557 533 μακρός.

1107 534 1354 591 Μὲκραίων
1380 547 1570 585 ιοηραευιιε.
1608 542 1702 578 οὗτοι
1727 543 1803 590 βίου
1830 556 1890 590 μοι
1905 548 1967 579 τοῦ
1985 557 2055 590 μα-

1035 591 1206 639 κραίωνος
1224 590 1334 630 πόθος
1351 593 1409 625 OR
1426 589 1506 625 518.
1535 590 1628 637 ᾖσθα
1647 590 1825 637 μακραίων
1842 593 1897 625 OC
1914 590 1980 625 152
1998 593 2049 626 ch.

1037 641 1196 672 librorum
1232 642 1397 681 scriptura
1423 638 1602 684 μακραίων
1627 637 1666 672 τέ
1692 637 1723 673 θ’
1748 644 1783 672 et
1808 641 2053 672 Tricliniauum

1039 684 1083 720 ἔτ’
1116 687 1294 719 retinenda
1327 697 1394 719 sec.
1432 687 1614 719 Canterum
1648 692 1756 719 erant.
1813 686 1930 719 Senem
1962 689 2055 719 videt

1037 735 1206 775 Oedipum
1231 743 1305 766 esse
1330 738 1365 766 et
1381 743 1515 766 caecum
1534 734 1673 766 chorus:
1704 744 1786 766 num
1803 734 1862 766 diu
1878 735 1938 774 sit,
1968 735 2055 776 quod

1038 783 1110 813 luce
1134 781 1231 813 orbus
1256 783 1316 821 sit,
1342 782 1382 813 ad
1410 790 1480 812 rem
1498 783 1638 813 minime
1656 783 1746 813 facit.
1771 798 1812 804 —
1840 781 1986 813 Deorum
2003 786 2056 814 est

1038 837 1241 869 cognomen:
1269 826 1320 866 τίς
1347 825 1374 860 σ’
1399 826 1508 861 ἔτικτε
1532 832 1603 861 τῶν
1630 828 1858 874 μακραιώνων
1887 825 2054 861 0111099

1038 876 1089 908 ch.
1133 869 1214 908 κάπ’
1241 873 1356 921 ἐκείνᾳ
1373 871 1505 920 Μοῖραι
1523 886 1594 920 μααι
1617 874 1738 912 αίωνες
1764 873 1864 921 ἔσχον
1883 877 1965 907 Ant.
1986 873 2054 908 987

1038 924 1089 955 ch.
1126 923 1191 955 Sed
1217 923 1353 963 Lonyum
1375 924 1560 962 significat:
1612 933 1676 956 που
1696 921 1889 968 μαιραίωνι
1907 920 2055 968 στηρίξει

1038 968 1174 1016 ἀγωνίῳ
1193 967 1304 1016 σγρλᾷ
1321 971 1375 1001 Ai.
1396 967 1463 1001 194
1480 971 1531 1002 ch.
1562 970 1607 1002 Et
1625 979 1666 1001 ne
1684 971 1761 1011 quis
1781 967 1958 1015 μακραίων
1976 979 2055 1002 con-

1039 1018 1148 1056 iiciat,
1176 1020 1314 1058 propter
1330 1019 1486 1048 rariorem
1504 1018 1656 1049 vocabuli
1675 1018 1957 1056 significationem
1976 1017 2053 1048 vul-

1038 1069 1113 1103 gata
1144 1065 1308 1104 scriptura
1340 1065 1437 1103 longe
1462 1065 1661 1105 exquisitior
1685 1068 1749 1095 est.
1780 1082 1822 1087 —
1856 1064 1986 1103 Prima,
2015 1067 2054 1096 ut

1019 1113 1142 1147 'sole‘v
1171 1113 1206 1142 in
1232 1111 1321 1142 thesi
1346 1112 1523 1152 corripitur
1547 1112 1693 1142 trimetri
1711 1111 1768 1142 ΟΒ
1786 1109 1866 1149 518,
1890 1111 2054 1143 trochaica

1019 1175 1020 1183 Ι
1038 1159 1096 1190 OR
1118 1155 1217 1198 1099,
1247 1158 1348 1190 dubia
1365 1163 1416 1190 est
1435 1159 1469 1189 in
1487 1159 1650 1198 glyconici
1669 1159 1739 1190 basi
1757 1157 1811 1190 OC
1833 1155 1909 1198 152,
1932 1158 2055 1199 produ-

1039 1206 1125 1236 citur
1141 1206 1176 1236 in
1195 1206 1259 1236 arsi
1278 1205 1443 1237 trochaica
1461 1206 1541 1237 Ant.
1563 1202 1642 1237 987.
1680 1206 1811 1237 Incerta
1830 1214 1987 1237 mensura
2003 1210 2056 1237 est

1040 1253 1094 1284 Ai.
1121 1249 1197 1284 194.

1110 1299 1312 1357 Μοῗκράν.
1350 1311 1556 1342 Adverbium
1584 1312 1623 1342 ab
1651 1312 1808 1343 adiectivi
1836 1320 1911 1342 casu
1939 1314 2056 1352 quarto

1039 1359 1197 1398 ductum,
1225 1358 1316 1390 unde
1340 1362 1440 1390 tonus
1466 1367 1524 1398 per
1549 1367 1584 1389 se
1611 1360 1774 1400 sequitur.
1805 1358 1819 1400 ΙΙ
1850 1359 1900 1390 De
1925 1359 1995 1389 loco
2021 1359 2056 1389 in

1040 1406 1268 1446 conyinquum,
1288 1406 1414 1445 procul.
1445 1402 1581 1438 οὐδέπω
1601 1403 1734 1452 μακρὰν
1752 1401 1894 1439 πτέσθαι
1914 1403 2055 1439 σθένον-

1019 1471 1021 1477 «
1039 1458 1094 1484 τες
1111 1452 1169 1483 0Ιὲ
1190 1449 1243 1484 16.
1288 1444 1503 1508 ήνΚόρινθος
1521 1449 1556 1491 ἐξ
1575 1451 1660 1497 ἐμοῦ
1679 1451 1785 1486 πάλαι
1803 1464 1873 1498 μαν.
1897 1450 1936 1485 ἀν
1954 1449 2056 1498 ἀπῳ-

50 1501 62 1511 ⁹
89 1533 131 1539 -
162 1515 291 1546 Tralate
318 1514 359 1546 de
383 1523 422 1545 eo
447 1514 506 1554 qui
523 1513 771 1545 vehementiore
789 1513 894 1544 animi
910 1516 1002 1543 motu
1019 1507 1021 1526 ³
1039 1501 1135 1532 κεῖτο
1153 1495 1233 1530 998·
1277 1509 1420 1545 τουρῖῡν
1446 1496 1485 1532 Οὐ
1507 1498 1642 1544 μαχράν
1659 1497 1699 1532 λέ
1723 1511 1770 1537 εῑῖ
1787 1500 1848 1531 Ph·
1894 1496 1925 1531 6·
1956 1499 2056 1531 prosa

1019 1547 1140 1578 ³oratio
1163 1543 1250 1579 ἀπόν
1275 1546 1428 1578 additura
1452 1551 1534 1578 erat.
1580 1550 1654 1584 πῶς
1678 1558 1743 1593 γαρ
1769 1544 1809 1580 ἂν
1834 1550 1943 1580 νοσῶν
1967 1544 2055 1592 ἀνήρ

1019 1981 1022 2025 Ι

110 1607 257 1644 ’ἐπέπνει
273 1610 355 1640 Ant.
373 1605 438 1640 135
450 1608 501 1639 ch.
531 1605 548 1641 ὁ
568 1603 594 1639 δ’
616 1605 707 1654 ἔγων
742 1604 870 1651 ἔρωτα)
887 1604 1003 1651 μέμη-
1019 1610 1021 1642 ,ἶ
1040 1591 1209 1639 πρθσβαίη
1230 1592 1383 1637 μαἋΡάἺί
1406 1590 1462 1625 42·
1502 1594 1693 1625 Haeserunt
1710 1596 1745 1626 5¹¹
1763 1591 1948 1640 προσβαίη»
1968 1593 2055 1635 qu⁰d

1019 1643 1021 1655 ⁵
1040 1651 1116 1672 cum
1138 1650 1204 1672 non
1230 1641 1317 1672 bene
1339 1641 1493 1672 videatur
1510 1650 1586 1672 cum
1605 1640 1740 1687 μακράν
1758 1643 1949 1681 convenire,
1970 1651 2055 1686 προ-

1041 1685 1121 1733 βαίη
1146 1688 1408 1719 desiderabatur.
1446 1687 1509 1719 Est
1526 1697 1602 1720 vero
1620 1690 1786 1720 accesserit
1804 1690 1839 1720 in
1856 1689 1963 1719 locum
1980 1689 2055 1720 Lon·-

1039 1737 1210 1776 yinquum.
1255 1733 1366 1782 ἀγχοῦ
1395 1731 1423 1766 δ’
1448 1732 1516 1780 ἄρα
1531 1733 1595 1768 ’κού
1615 1734 1749 1781 μακρὰν
1767 1732 1975 1782 προύκλαιον
1994 1735 2050 1767 Tr.

1039 1779 1109 1814 962
1125 1781 1178 1814 ch.
1202 1798 1242 1804 —
1270 1782 1426 1814 Proxime
1444 1792 1463 1814 a
1477 1782 1542 1814 loci
1560 1783 1804 1822 significatione
1821 1783 1915 1814 abest
1933 1780 1971 1815 οὐ
1990 1780 2054 1828 γὰρ

1040 1825 1081 1862 ἂν
1109 1826 1243 1875 μακρὰν
1267 1826 1406 1876 ἴχνευον
1433 1826 1533 1866 αὐτός
1551 1828 1609 1861 OR
1625 1827 1695 1863 220
1719 1831 1852 1872 proprie
1876 1830 2056 1870 lonqinquo

1040 1878 1112 1908 loca
1135 1885 1204 1908 non
1230 1877 1515 1916 circumspiciens:
1542 1878 1564 1908 i.
1586 1887 1616 1908 e.
1635 1887 1757 1918 pamm
1782 1877 1976 1918 proficerem
2001 1877 2055 1908 in-

1040 1923 1247 1963 vestigando.
1302 1923 1434 1955 Deinde
1467 1924 1507 1955 ad
1539 1924 1655 1964 lonyos
1688 1933 1849 1956 semones
1881 1923 2056 1955 trahendos

1039 1971 1253 2002 transfertur.
1291 1969 1340 2016 μὴ
1360 1969 1492 2015 μακρὰν
1511 1968 1638 2015 βούλου
1656 1968 1767 2017 λέγειν
1786 1971 1839 2002 ΕΙ.
1864 1967 1964 2002 1259.
2003 1969 2052 2016 μὴ

1037 2019 1126 2050 τεῖνε
1159 2016 1294 2062 μακράν
1320 2019 1374 2049 Ai.
1405 2014 1505 2050 1040.
1560 2018 1662 2059 Apud
1686 2028 1734 2058 gr.
1769 2019 1809 2050 de
1841 2021 1963 2050 constr.
1997 2027 2051 2058 ap.

1038 2065 1155 2096 Herm.
1176 2064 1217 2096 de
1235 2074 1299 2096 em.
1321 2074 1347 2096 r.
1368 2074 1416 2104 gr.
1435 2065 1492 2097 Gr.
1513 2075 1546 2106 p.
1561 2062 1629 2097 390
1648 2063 1778 2110 μακρόν
1795 2066 1920 2105 legitur
1936 2062 1986 2109 [et
2003 2068 2055 2096 est

1039 2112 1198 2143 usitatius
1219 2110 1351 2156 μακρὸν
1367 2109 1469 2158 λόγον
1486 2110 1630 2157 τείνειν]
1668 2113 1887 2144 Locutionem
1905 2113 2055 2144 enotavit

1012 2168 1014 2170 ·
1038 2159 1208 2200 Moschop.
1237 2159 1332 2190 dictt.
1362 2159 1434 2190 Att.
1461 2160 1496 2190 in
1522 2161 1711 2200 compositis
1736 2161 1830 2191 verbi
1854 2157 1954 2192 τείνω
1976 2168 2054 2200 per-

1038 2206 1231 2238 tractandis.
1275 2203 1334 2239 καὶ
1356 2203 1420 2252 γὰρ
1445 2200 1516 2239 οὐδ’
1539 2204 1736 2252 ἀνιστόρουν
1756 2204 1890 2251 μακράν
1908 2207 1963 2238 Tr.
1985 2203 2055 2238 317

1039 2262 1108 2284 non
1123 2262 1162 2284 ex
1178 2254 1356 2294 lonqinquo
1375 2254 1530 2294 quaesivi,
1550 2254 1572 2284 i.
1595 2263 1624 2285 e.
1651 2263 1713 2285 nec
1731 2254 1846 2285 multis
1864 2263 1927 2285 nec
1943 2253 2054 2285 dedita

1039 2309 1148 2341 opera.
1177 2299 1192 2341 11
1218 2300 1269 2331 De
1286 2304 1455 2340 tempore,
1476 2300 1546 2331 diu.
1576 2298 1651 2333 ἐπεὶ
1675 2298 1735 2333 τᾶν
1755 2298 1792 2333 οὐ
1813 2298 1948 2345 μακρὰν
1967 2298 2052 2339 ἔζων

1040 2345 1108 2393 ἐγώ
1126 2347 1182 2379 ΕΙ.
1202 2343 1270 2378 323
1287 2356 1356 2378 non
1372 2347 1431 2378 diu
1447 2348 1588 2378 viverem
1606 2348 1759 2388 amplius.
1796 2345 1835 2381 οὐ
1855 2345 1990 2393 μακρὰν
2010 2344 2054 2380 ἔτ’

1039 2392 1187 2439 ἀμμενεῖ
1209 2391 1337 2438 τούμὸν
1364 2397 1495 2440 φρενῶν
1522 2391 1650 2440 ὄνειρον
1680 2391 1769 2426 1389
1787 2395 1838 2427 ch.
1865 2413 1906 2418 —
1941 2395 2053 2426 Prima

1039 2442 1075 2472 in
1102 2441 1191 2472 thesi
1217 2441 1396 2481 corripitur
1419 2441 1472 2473 EI.
1502 2437 1581 2473 323.
1614 2438 1714 2473 1259.
1746 2438 1848 2474 1389.
1883 2442 1938 2474 Tr.
1968 2438 2047 2473 317.

1039 2487 1098 2520 OR
1116 2484 1171 2519 16.
1192 2484 1274 2528 220,
1302 2491 1360 2519 aut
1383 2489 1548 2528 ambiguis
1571 2489 1651 2520 locis
1676 2492 1805 2529 exstat,
1834 2489 1870 2520 in
1895 2489 1960 2520 arsi
1976 2498 2054 2530 pro-

1040 2535 1175 2567 ducitur
1191 2535 1245 2567 Ai.
1270 2531 1369 2567 1040.
1773 2534 1823 2579 (ΙΙ
1840 2546 1874 2577 p.
1896 2532 1952 2576 49,
1978 2532 2053 2579 10.)

1110 2589 1148 2650 NJ
1159 2591 1267 2650 2²59(ss
1278 2604 1305 2631 ς.
1326 2596 1342 2632 ΙΙ
1358 2594 1399 2625 de
1417 2594 1498 2626 locis
1516 2595 1634 2634 lemque
1651 2598 1686 2626 et
1697 2595 1927 2650 ιοηρίηᾳμιιε.Ν
1938 2591 1976 2651 οὔ
1994 2604 2053 2638 μοι

1038 2637 2051 2734 arzer&Stratie}?2·.3234..5232223.2203.393

1039 2731 1189 2780 πέλαγος
1205 2731 1286 2766 663.
1314 2732 1392 2771 ὁδὸς
1411 2732 1558 2782 βραχεῖα
1573 2733 1721 2780 γίγνεται
1741 2733 1857 2780 μακρά
1874 2735 1955 2767 Ant.
1968 2732 2050 2768 232.

1039 2782 1237 2824 Elegantius
1263 2782 1354 2813 enim
1380 2782 1421 2813 de
1438 2783 1493 2813 via
1518 2791 1618 2823 quam
1639 2783 1680 2814 de
1698 2782 1851 2822 faciendo
1870 2784 1984 2814 itinere
2001 2783 2052 2814 di-

1040 2833 1144 2860 cetur.
1173 2826 1232 2861 ·καὶ
1247 2827 1417 2873 νησιώτας
1433 2826 1492 2862 καὶ
1510 2831 1644 2873 μακρᾶς
1657 2826 1840 2875 Εὐρωπίας
1859 2829 1989 2870 Captiv.
2008 2831 2050 2862 fr.

1040 2872 1096 2907 37.
1142 2876 1207 2916 Ap.
1242 2875 1358 2916 steph.
1388 2876 1467 2914 Byz.
1502 2887 1534 2908 ν.
1562 2873 1716 2921 Εὐρώπη
1747 2877 1871 2916 legitur
1903 2874 2049 2922 μακράς.

1040 2923 1187 2954 Brunck.
1218 2920 1350 2968 μακράν
1365 2949 1372 2962 ,
1401 2931 1462 2954 nec
1486 2928 1563 2964 apte
1588 2927 1701 2955 tamen
1726 2923 1877 2954 insulani
1901 2923 2054 2956 homines

1039 2970 1136 3009 longe
1153 2970 1271 3001 abesse
1289 2970 1328 3001 ab
1346 2969 1479 3010 Europa
1497 2970 1668 3002 dicuntur.
1714 2970 1766 3002 Ad
1783 2971 1935 3015 μακρᾶς,
1965 2970 2053 3012 quod

1040 3020 1092 3047 est
1108 3017 1172 3047 late
1185 3017 1349 3056 patentis,
1379 3014 1533 3054 ἐνοίκους
1550 3018 1605 3050 vel
1621 3017 1890 3049 subaudiendum
1908 3017 1962 3049 vel
1978 3027 2054 3058 pro-

1040 3063 1131 3095 ximo
1157 3072 1256 3095 versu
1277 3073 1296 3094 a
1312 3066 1410 3104 poeta
1425 3063 1576 3096 additum
1595 3065 1702 3096 fuisse
1721 3064 1889 3095 credibile.
1927 3064 1982 3096 Sic
1997 3065 2052 3097 in-

1040 3110 1155 3150 telligo
1173 3107 1329 3155 ἐμπολᾶς
1348 3107 1482 3155 μακρὰς
1499 3109 1789 3156 παραρρίπτοντες
1809 3110 1900 3150 Scyr.
1916 3112 1957 3143 fr.
1969 3107 2050 3151 499,

1039 3154 1062 3188 4
1080 3166 1146 3189 non
1163 3166 1303 3197 maynas
1319 3166 1456 3196 merces,
1484 3159 1596 3198 magni
1621 3159 1713 3190 enim
1739 3158 1841 3198 pretii
1857 3159 1982 3189 rectius
2000 3158 2051 3190 di-

1041 3206 1199 3235 cerentur
1216 3201 1349 3237 πολλοῦ
1367 3201 1474 3244 ἄξιαι,
1503 3206 1561 3237 sed
1579 3207 1615 3237 in
1631 3206 1858 3246 lonqinquum,
1879 3205 1913 3236 id
1930 3208 1982 3237 est
1995 3214 2056 3245 per

1041 3251 1223 3291 l0n9inqua
1247 3251 1367 3283 itinera
1385 3252 1566 3291 proficiunt
1591 3262 1617 3283 s.
1643 3253 1886 3291 periclitantur.
1906 3269 1950 3275 —-
1969 3254 1986 3290 ΙΙ
2001 3252 2054 3284 De

1041 3300 1191 3338 tempore
1209 3298 1327 3337 lonqus
1345 3301 1380 3329 et
1396 3298 1604 3340 lonyz‘nquus.
1640 3297 1756 3345 χρόνω
1775 3308 1866 3343 μασιρ
1877 3297 1896 3316 '⁴·
1920 3299 1972 3331 El.
1993 3295 2049 3330 42.

1045 3341 1134 3376 1273
1158 3353 1203 3375 m.
1249 3341 1284 3377 ἐν
1309 3341 1424 3391 χρόνῳ
1452 3345 1576 3392 μακρῷ
1603 3346 1664 3377 Ph.
1690 3330 1769 3378 235.
1802 3345 1858 3377 OC
1872 3310 1939 3379 ‘88
1967 3346 2050 3377 Ant.

1041 3387 1121 3422 422.
1158 3391 1212 3423 El.
1239 3387 1321 3424 330.
1373 3389 1413 3425 οὐ
1437 3394 1572 3438 μακροῦ
1596 3390 1723 3440 χρόνου
1748 3392 1830 3425 Ant.
1861 3389 1960 3425 1078.
1997 3392 2050 3425 ΕΙ.
