2288 3600
212 144 310 199 514

206 276 306 308 quam
323 267 443 307 loquax
458 275 502 298 es.
529 263 676 311 [Similia
692 264 794 299 huius
813 276 898 309 quae
915 270 997 299 sunt
1013 269 1170 310 exempla
1188 279 1219 300 v.

204 311 324 358 infra.]
340 331 388 337 —-
404 314 560 346 Dolorem
579 315 772 354 significans
790 314 804 356 ΙΙ
822 324 898 346 cum
921 316 1127 347 nominativo
1142 325 1222 356 pro-

204 362 349 392 nominis
365 362 550 401 personalis
573 362 809 402 coniungitur,
836 363 984 394 maxime
1009 363 1143 394 additur
1166 363 1226 394 ad-

204 409 339 440 iectivo.
361 406 396 441 οἴ
412 402 472 454 ’γώ
489 409 543 440 Ai.
557 406 638 441 803.
660 406 694 442 οἴ
719 409 769 454 γὼ
785 406 929 442 τάλαινα
946 410 999 441 El.
1013 406 1093 441 674.
1117 406 1220 442 1115.

205 454 398 487 Verisimile
416 459 479 496 est,
502 457 549 487 sic
565 457 688 488 extrito
703 453 721 489 ἓ
749 457 851 488 scribi
876 458 912 488 in
937 457 1110 497 plerisque
1128 457 1223 488 libris

205 500 258 546 [in
277 503 336 534 LA
362 503 414 534 his
440 504 547 534 tribus
570 504 649 535 locis
667 504 792 535 mansit
816 503 860 545 ε],
890 504 955 535 etsi
972 504 1091 535 horum
1108 505 1144 534 in
1162 504 1223 535 hoc

205 559 328 590 genere
355 559 422 582 non
447 551 594 582 maxima
627 554 678 582 est
703 551 905 592 auctoritas;
945 555 1035 583 certe
1066 560 1105 582 ea
1130 554 1182 583 est
1204 548 1220 584 ἓ

203 607 387 639 pronomen
401 601 435 629 et
448 598 711 639 praepositiones
724 598 886 629 ordientis
900 602 1032 639 natura,
1046 602 1083 630 ut
1098 598 1221 640 aphae-

203 646 272 676 resi
285 649 359 676 tum
371 645 481 685 facile,
499 649 573 676 tum
585 646 773 677 necessario
783 646 1041 677 exterminetur.
1054 643 1065 689 Η
1074 645 1222 677 Maxime

204 693 368 724 usitatum
386 695 437 723 est
455 689 496 724 οἵ
521 702 596 724 cum
612 691 737 733 dativo,
762 690 876 737 οἴμοι,
908 693 997 733 quod
1014 693 1062 724 sic
1079 693 1222 724 coniun-

205 741 285 771 ctim
309 739 526 771 scribendum
549 749 623 772 esse
647 740 795 781 primum
820 750 862 772 ex
893 749 931 771 eo
957 744 1103 780 constat,
1133 740 1223 781 quod

204 786 343 818 eliditur
359 787 491 826 ultima,
512 787 590 818 dein
608 787 696 828 quod
713 788 914 828 Apollonius
939 788 975 818 in
992 788 1143 819 adverbii
1161 797 1222 818 na-

205 839 316 865 turam
334 834 567 874 degenerasse,
593 835 800 875 pronominis
818 836 956 866 exuisse
974 835 1099 866 diserte
1117 839 1222 866 testa-

203 884 260 912 tur
277 881 319 912 de
335 890 431 922 pron.
459 891 494 922 p.
515 878 572 913 42.
593 882 634 913 de
651 882 786 913 adverb.
806 891 840 922 p.
863 879 943 922 536,
963 879 1036 923 28.,
1066 882 1127 914 hoc
1145 883 1222 922 qui-

205 928 283 960 dem
299 929 369 960 loco
386 938 441 960 eos
458 929 631 969 refellens,
661 930 721 970 qui
738 934 851 961 contra
868 938 1092 970 communem,
1112 933 1152 960 ut
1169 930 1221 961 vi-

205 976 315 1016 detur,
337 976 551 1017 antiquitatis
567 986 669 1007 usum
686 986 792 1008 unum
809 986 884 1008 esse
905 977 1103 1008 vocabulum
1121 986 1224 1016 nega-

204 1024 296 1055 bant.
342 1023 488 1055 Dativus
515 1032 614 1064 saepe
638 1024 728 1055 solus
750 1024 902 1056 additur:
938 1024 1000 1055 Ph.
1030 1021 1111 1056 332.
1139 1020 1219 1056 363.

204 1066 285 1102 426.
314 1066 394 1102 917.
431 1066 511 1102 969.
542 1066 622 1102 976.
658 1067 737 1102 978.
768 1068 870 1103 1063.
902 1068 1005 1103 1350.
1032 1071 1091 1103 OR
1117 1068 1219 1103 1033.

207 1113 309 1149 1169.
338 1114 440 1149 1419.
468 1117 522 1150 OC
542 1114 644 1150 1254.
674 1119 756 1149 Ant.
777 1115 834 1150 49.
854 1115 912 1150 86.
936 1115 1038 1150 1105.
1060 1119 1116 1150 Tr.
1138 1115 1218 1150 741.

206 1161 308 1196 1133.
338 1161 440 1196 1145.
471 1161 573 1196 1230.
605 1162 707 1197 1241.
740 1166 795 1197 Ai.
816 1162 896 1198 791.
918 1161 998 1198 809.
1027 1161 1108 1197 920.
1138 1162 1217 1197 944.

206 1208 308 1244 1002.
332 1208 436 1244 1024.
464 1212 517 1243 ΕΙ.
541 1209 643 1243 1475.
667 1209 768 1244 1479.
797 1213 890 1245 Haec
902 1213 1040 1253 quidem
1058 1212 1222 1244 diverbia-

204 1269 279 1291 rum
296 1263 388 1299 sunt,
410 1262 446 1290 et
460 1260 672 1291 exclamandi
689 1261 887 1291 vocabulum
911 1261 985 1301 ipso
1002 1270 1103 1292 versu
1131 1270 1221 1292 com-

204 1306 412 1348 prehensum
438 1304 501 1351 [ita
526 1310 566 1338 ut
591 1311 650 1338 aut
671 1307 771 1339 initio
795 1310 834 1339 ut
858 1307 919 1339 Ph.
940 1304 1009 1340 426
1035 1311 1094 1339 aut
1111 1308 1222 1339 medio

203 1354 249 1386 sit
263 1350 428 1397 positum]
440 1354 616 1393 exhibent,
632 1357 765 1394 praeter
781 1355 836 1386 Ai.
854 1351 955 1387 1002.
976 1355 1023 1386 At
1031 1355 1222 1386 melicorum

196 1401 296 1433 haec:
325 1402 407 1433 Ant.
429 1398 509 1434 838.
540 1398 642 1433 1270.
676 1399 776 1433 1275.
810 1397 911 1434 1294.
949 1401 1008 1434 OR
1028 1398 1131 1434 1316.
1161 1402 1217 1434 Tr.

198 1445 279 1480 971.
299 1444 396 1490 972.,
425 1449 514 1480 intra
531 1458 666 1480 versum
684 1449 766 1480 haec
783 1449 848 1481 duo
874 1453 908 1480 et
924 1450 1007 1481 Ant.
1032 1446 1134 1489 1270,
1162 1458 1220 1480 re-

198 1495 293 1536 liqua
327 1499 366 1527 ut
401 1496 663 1528 exclamationes
698 1497 832 1536 singula
865 1497 1014 1528 membra
1054 1497 1216 1528 efficiant.

198 1543 464 1583 Anapaestorum
495 1553 605 1575 unum
638 1546 689 1575 est
722 1544 806 1576 Ant.
827 1540 909 1576 933.
963 1543 1049 1575 Cum
1067 1543 1219 1575 adverbio

196 1593 371 1630 praeterea
395 1590 508 1622 addito
533 1590 621 1622 dicta
645 1591 728 1622 haec
752 1595 852 1623 sunt:
890 1588 987 1635 οἴμοι
1012 1584 1093 1635 μάλ’
1119 1586 1219 1628 αὖθις

199 1637 258 1669 OR
273 1634 375 1669 1317.
398 1637 455 1669 Tr.
475 1634 577 1670 1206.
598 1639 805 1670 senariorum
823 1642 1019 1679 utrumque,
1040 1639 1089 1670 ita
1105 1642 1219 1670 tamen

197 1688 237 1715 ut
253 1685 312 1716 ille
330 1685 469 1717 melicae
485 1685 719 1717 lamentationi
736 1686 888 1727 proxime
906 1686 1083 1717 inferatur.
1119 1685 1219 1717 Porro

1072 146 1129 199 Οἴ
1153 179 1214 187 —-
1244 142 1397 207 Οίᾶτις

1942 153 1993 209 [11
2003 173 2038 206 ρ.
2058 136 2279 210 262-2841

1261 265 1363 301 1063.
1387 265 1520 313 1350),
1541 272 1601 301 aut
1617 269 1895 302 exclamationem
1911 274 1951 302 ut
1977 266 2086 316 οἴμοι,
2113 268 2200 316 πρὸς
2217 266 2277 305 οἶα

1259 313 1416 353 δουλείας
1441 314 1527 362 ζυγὰ
1549 318 1733 363 χωροῦμεν
1760 318 1818 350 Ai.
1842 313 1947 350 944.:
1975 318 2059 350 alias
2075 317 2167 350 nude
2182 318 2276 360 posi-

1259 367 1334 395 tum
1359 363 1469 395 solum
1493 365 1599 396 totius
1625 365 1817 396 sententiae
1842 366 1934 396 vices
1959 365 2130 397 sustinere
2154 367 2194 397 ut
2209 363 2272 396 Ph.

1260 407 1339 442 332.
1361 407 1441 443 978.
1464 411 1519 443 Ai.
1544 407 1661 453 1002.]
1683 410 1697 453 n
1715 411 1781 444 Sed
1797 415 1839 443 ut
1854 412 2004 454 reliquae
2029 412 2152 444 doloris
2169 411 2285 452 signi-¹

1258 458 1381 489 flcandi
1404 459 1667 490 exclamationes
1693 457 1779 500 αἰαῖ,
1807 456 1841 492 οἲ
1865 456 1908 500 οἵ,
1930 460 2034 492 etiam
2051 456 2149 504 οἴμοι
2166 468 2226 504 μοι
2242 467 2271 491 s.

1260 502 1294 538 οἵ
1322 503 1381 548 μοί
1408 516 1467 549 μοι
1489 506 1650 538 iteratum
1667 505 1767 538 habet
1789 506 1996 547 pronominis
2025 506 2184 548 speciem.
2221 505 2278 538 Sic

1259 556 1350 584 certe
1375 553 1530 594 plerique
1547 553 1656 585 adhuc
1672 553 1882 595 scribebant,
1912 557 1947 586 et
1964 554 2085 585 vitiose
2102 553 2277 585 ferebatur

1259 596 1294 632 οἴ
1313 596 1372 644 μοί
1391 610 1449 643 μοι
1467 600 1556 641 apud
1572 601 1687 641 ipsum
1697 601 1915 641 Apollonium
1928 601 1969 632 de
1982 600 2056 633 adv,
2072 609 2109 642 p.
2120 596 2200 638 537,
2213 596 2271 632 21.

1259 646 1352 685 Quae
1372 647 1537 688 scriptura
1561 648 1627 679 etsi
1644 648 1735 688 apud
1751 648 1843 680 hunc
1866 648 2012 680 librariis
2028 647 2145 680 deberi
2162 647 2277 685 videa-3

1259 697 1327 734 tur,
1347 694 1437 726 haud
1454 695 1555 726 dubie
1573 698 1687 726 tamen
1705 696 1746 726 ab
1763 696 1812 726 eis
1829 695 1970 727 defensa
1986 698 2050 736 est,
2075 694 2136 736 qui
2153 702 2276 735 prono-

1259 741 1362 772 minis
1387 745 1541 773 naturam
1573 742 1806 774 interiectioni
1831 742 2012 774 adhaerere
2045 742 2270 774 affirmabant.

1260 788 1343 819 Nam
1360 789 1433 830 ipse
1451 789 1653 830 Apollonius
1671 793 1706 821 et
1723 790 1862 821 rationis
1888 794 1992 822 tenax
2010 793 2046 821 et
2069 785 2270 834 παράδοσιν,

1259 839 1298 867 ut
1314 836 1461 876 videtur,
1482 840 1619 868 secutus
1645 845 1712 869 non
1730 837 1826 868 modo
1843 837 1973 869 inflecti
1996 836 2092 869 docet
2114 833 2275 880 οἰμοιμοῖ

1260 883 1319 915 sed
1332 892 1408 915 cum
1425 881 1542 917 ὀτοτοῖ
1559 888 1593 915 et
1609 881 1712 917 οἰοιοῖ
1725 885 1904 925 componit,
1923 891 2064 925 quorum
2076 884 2170 924 prius
2184 885 2275 915 certe

1258 930 1384 962 inflexo
1401 935 1544 962 accentu
1562 931 1668 963 notari
1685 931 1809 963 debere
1826 932 1862 963 in
1880 932 2031 963 confesso
2049 933 2113 971 est,
2138 939 2173 971 p.
2189 925 2272 971 588,

1258 973 1316 1009 25.
1337 996 1384 1002 —
1400 978 1470 1009 Hoc
1486 989 1505 1010 a
1522 978 1682 1010 diverbiis
1699 978 1910 1019 excluditur;
1940 979 1976 1010 in
1995 978 2124 1010 cantico
2141 980 2194 1008 est
2209 976 2272 1008 Ph.

1262 1021 1362 1057 1123.
1385 1025 1509 1057 Exstat
1522 1027 1626 1058 etiam
1641 1026 1678 1057 in
1694 1026 1796 1065 lyrica
1813 1026 2056 1058 exclamatione
2068 1025 2275 1057 canticorum

1259 1072 1520 1104 similitudinem
1546 1073 1761 1114 praeferente
1785 1072 1839 1104 El.
1862 1069 1964 1104 1160.
1996 1068 2098 1104 1162.
2143 1071 2210 1104 Sed
2226 1070 2276 1103 ibi

1258 1119 1474 1151 Hermannus
1496 1124 1634 1162 propter
1657 1120 1824 1152 catalexin
1857 1120 2020 1152 trimetris
2042 1128 2163 1160 pamm
2195 1121 2275 1159 apte

1259 1167 1472 1199 interiectam
1490 1165 1588 1211 οἴμοι
1604 1167 1751 1208 scripsit.
1790 1167 1915 1200 Addito
1932 1167 2097 1199 adiectivo
2115 1163 2276 1210 οίμοιμοῖ

1258 1211 1365 1251 τάλας
1389 1218 1501 1246 exstat
1523 1215 1585 1246 Ph.
1606 1211 1686 1246 788.
1716 1215 1819 1256 idque
1840 1215 1878 1246 in
1903 1215 2046 1246 senario.
2065 1231 2112 1238 --
2129 1212 2144 1256 n
2162 1211 2276 1245 Semel

1258 1261 1386 1301 legitur
1412 1259 1445 1294 οἴ
1472 1259 1531 1306 μοί
1556 1259 1617 1306 μοί
1641 1272 1700 1307 μοι
1726 1262 1786 1294 Ph.
1810 1257 1900 1294 1086
1917 1271 1962 1293 m.
1991 1261 2047 1293 cui
2063 1269 2140 1292 cum
2156 1260 2192 1292 in
2211 1268 2276 1291 an-

1258 1309 1456 1350 tistrophico
1472 1318 1573 1341 versu
1599 1309 1801 1350 respondeat
1825 1306 1910 1350 αἰαῖ,
1938 1308 2028 1350 quod
2044 1308 2112 1340 dici
2129 1304 2165 1341 αἶ
2187 1304 2224 1340 αἶ
2239 1303 2276 1340 αἶ

1258 1365 1325 1388 non
1342 1359 1469 1397 potest,
1488 1365 1602 1398 neque
1621 1357 1703 1388 satis
1721 1360 1855 1388 constet
1871 1359 2029 1389 accentus
2047 1355 2144 1395 ratio,
2173 1363 2276 1396 quem

1258 1403 1425 1435 inflexum
1451 1413 1526 1435 esse
1551 1401 1772 1448 οἰμοιμοιμοῖ
1795 1413 1916 1445 parum
1932 1403 2102 1445 probabile
2126 1401 2274 1441 videtur,

1257 1450 1298 1482 ad
1323 1451 1359 1482 id
1383 1451 1532 1491 inclino,
1564 1455 1606 1483 ut
1631 1448 1729 1495 οἴμοι
1752 1451 1983 1491 corrigendum
2013 1459 2089 1482 esse
2112 1449 2273 1481 iudicem.

1258 1497 1416 1530 Ceterum
1433 1498 1489 1530 hic
1506 1507 1640 1539 quoque
1665 1497 1708 1532 ὤι
1725 1508 1785 1543 μοι
1803 1499 1876 1531 LA.
1899 1516 1940 1522 —
1960 1497 2136 1530 Testatius
2154 1496 2276 1537 utique

1256 1554 1310 1586 ap.
1339 1549 1423 1585 trag.
1453 1549 1506 1577 est
1531 1542 1678 1590 οἴμοι,
1706 1555 1807 1587 quam
1834 1537 1925 1591 ᾢμοι
1948 1554 1975 1577 s.
1996 1543 2107 1589 ὥμοι;
2138 1543 2199 1576 sed
2215 1543 2278 1575 hoc

1257 1593 1316 1633 qui
1344 1593 1444 1633 plane
1474 1593 1693 1634 exstirpaturi
1722 1596 1841 1633 erunt,
1877 1592 1974 1625 velut
2006 1591 2209 1643 Elmsleipm
2242 1592 2280 1622 et

1256 1639 1503 1680 Blomfieldum,
1521 1640 1619 1681 sequi
1630 1650 1749 1681 parum
1762 1640 1958 1672 consultum
1975 1639 2074 1671 foret.
2094 1649 2126 1671 v.
2145 1650 2174 1684 ῳ
2187 1647 2214 1670 S.
2232 1636 2273 1670 ὤ.

1258 1704 1299 1710 -
1325 1684 1418 1731 οἴμοι
1442 1691 1478 1719 et
1506 1678 1596 1732 ὦμοι
1622 1697 1650 1720 s,
1680 1686 1771 1732 ὤμοι
1800 1688 1946 1728 penacui
1971 1686 2070 1718 docet
2094 1685 2207 1727 Apoll.
2235 1684 2276 1716 de

197 1731 332 1764 additur
347 1733 574 1764 nominativus
588 1734 797 1773 pronominis
813 1736 872 1764 aut
889 1733 1043 1764 adiectivi
1064 1732 1107 1764 ad
1124 1742 1214 1773 eum,
1253 1734 1327 1766 adv.
1348 1744 1382 1775 p.
1405 1731 1486 1766 536.
1506 1718 1553 1767 28
1571 1744 1643 1776 sqq.
1667 1734 1708 1766 de
1724 1743 1819 1775 pron.
1847 1729 1986 1776 p.'542,
2005 1733 2045 1765 B.

197 1779 259 1820 qui
275 1779 392 1811 dolens
405 1780 580 1821 exclamat,
603 1783 770 1821 spectans,
791 1780 832 1812 de
851 1789 916 1821 quo
928 1789 1051 1820 genere
1066 1780 1220 1821 disputat

198 1826 311 1867 Apoll.
340 1826 382 1858 de
398 1835 495 1868 pron.
520 1836 554 1868 p.
574 1824 631 1860 43.
653 1827 767 1859 ridens
796 1837 864 1868 eos,
894 1829 953 1868 qui
970 1826 1063 1872 ὤμοι
1079 1837 1105 1859 s.
1129 1819 1219 1873 ᾧμοι

199 1871 269 1954 ἐγώ
301 1877 462 1915 tanquam
496 1875 655 1906 abnorme
688 1875 823 1906 dicendi
855 1884 964 1915 genus
998 1876 1213 1906 mirarentur.

237 1931 296 1965 μοι
319 1918 428 1958 τάλας
452 1921 515 1953 Ph.
536 1918 617 1953 416.
639 1918 719 1954 622.
741 1918 821 1954 995.
851 1922 910 1954 oa
926 1918 1007 1953 744.
1036 1919 1133 1966 οἴμοι
1155 1919 1217 1954 τά-

1325 1800 1379 1839 Οἷ
1400 1813 1473 1845 quo.
1495 1804 1508 1846 ΙΙ
1526 1805 1662 1846 Proprie
1680 1805 1829 1837 dictum:
1861 1801 1896 1837 οἷ
1910 1797 1944 1837 θ’
1974 1800 2136 1849 ἱκάνομεν
2162 1802 2215 1835 ΕΙ.
2235 1798 2270 1835 8.

1254 1850 1301 1889 ὡς
1325 1849 1366 1885 σύ
1391 1845 1424 1885 θ’
1441 1849 1477 1885 οἷ
1493 1849 1607 1889 θέλεις
1626 1848 1775 1897 σπεύδῃς
1793 1852 1849 1883 Tr.
1869 1848 1951 1883 333.
1980 1848 2126 1896 οἴκησις,
2156 1847 2192 1884 οἶ
2207 1859 2275 1883 πο-

1254 1896 1398 1945 ρεύομαι
1415 1899 1498 1930 Ant.
1519 1895 1601 1931 892.
1629 1897 1662 1932 τί
1677 1901 1807 1946 χωρεῖς
1823 1895 1859 1931 οἴ
1876 1896 1994 1942 μολὼν
2013 1895 2134 1934 δώσεις
2151 1894 2272 1942 δίκην;

197 1965 300 2001 iam
324 1969 379 2001 El.
400 1965 480 2000 788.
502 1965 583 2000 883.
604 1965 685 2000 926.
715 1965 796 2002 930.
820 1965 1044 2001 1108.1409.
1066 1969 1121 2002 oc
1133 1965 1213 2001 828.
1254 1947 1335 1978 Ant·
1357 1943 1439 1986 223³
1470 1947 1506 1977 ³¹¹
1532 1955 1598 1987 ‘³¹¹⁰
1623 1955 1666 1978 ”e
1684 1947 1815 2001 slieffies
1833 1945 1970 1987 quidem
1988 1944 2196 1977 “mamis
2221 1945 2277 1976 ³¹¹·

201 2012 303 2047 1427.
335 2016 418 2047 Ant.
437 2012 518 2048 554.
547 2016 603 2047 Tr.
625 2012 705 2047 375.
733 2017 788 2048 Ai.
805 2013 901 2056 800.,
931 2025 1019 2057 quae
1036 2017 1148 2048 omnia
1164 2016 1217 2047 di-

198 2062 387 2094 verbiorum
420 2066 513 2095 sunt.
558 2060 654 2108 οἴμοι
685 2061 754 2109 ἐγὼ
785 2060 928 2108 τλάμων
967 2064 1023 2095 Tr.
1051 2059 1119 2094 986
1143 2073 1214 2103 an.‚

199 2119 342 2150 quorum
351 2113 608 2152 anapaestorum
619 2111 749 2142 ratione
758 2119 825 2142 non
839 2114 1015 2152 perspecta
1025 2111 1217 2142 Brunckius

201 2167 260 2201 μοι
275 2157 421 2189 iteravit.
442 2157 588 2189 Additur
598 2158 700 2189 etiam
717 2159 888 2189 vocativus
900 2157 1101 2199 alloquendi.
1122 2155 1218 2202 οἴμοι

199 2201 325 2249 πάτερ,
352 2201 386 2237 τί
411 2198 441 2249 μ’
467 2201 566 2242 εἶπας
592 2205 649 2237 Tr.
671 2201 759 2237 1203
783 2206 820 2236 in
846 2206 987 2236 senario.
1024 2206 1122 2237 Porro
1141 2215 1218 2237 cum

199 2253 344 2291 9εηὶίὶυο
369 2252 510 2292 dicitur,
540 2253 637 2284 cuius
663 2252 781 2284 eadem
796 2253 865 2292 vis,
891 2262 976 2293 quae
1001 2253 1213 2293 nominativi,

201 2299 424 2340 explicandus
449 2302 562 2331 autem
586 2308 631 2331 ex
654 2309 751 2331 casus
777 2300 926 2331 absoluti
951 2300 1091 2331 ratione.
1122 2296 1218 2343 οἴμοι

199 2342 375 2391 ταλαίνης,
397 2344 444 2383 ὡς
463 2342 691 2392 ὑπερδέδοικά
708 2356 768 2379 σου
785 2347 868 2378 Ant.
889 2343 946 2378 82.
969 2346 1018 2377 hei
1034 2346 1113 2378 mihi
1132 2346 1218 2387 quod

199 2394 323 2430 misera,
345 2403 436 2433 aum,
462 2394 485 2424 i.
508 2403 539 2426 e.
568 2395 706 2425 miserae
730 2393 822 2425 mihi.
876 2393 961 2425 Nam
984 2404 1061 2425 cum
1085 2403 1153 2426 non
1176 2393 1218 2425 de

200 2440 373 2480 Antigona
396 2440 454 2472 sed
476 2440 518 2472 de
543 2450 618 2472 sese
642 2441 785 2473 sollicita
801 2441 936 2472 Ismene
963 2441 1019 2481 sit,
1048 2450 1091 2473 ne
1109 2449 1218 2472 sorore

201 2488 356 2528 orbetur,
383 2487 459 2519 fleri
483 2488 603 2529 nequit
627 2491 667 2519 ut
693 2498 754 2521 σου
775 2485 938 2533 ταλαίνης
956 2488 1216 2528 coniungantur.

202 2532 257 2566 Sic
273 2534 513 2576 explicandum
530 2532 627 2579 οἴμοι
641 2531 805 2580 ταλαίνης
821 2532 889 2580 ἄρα
909 2532 1015 2580 τῆσδε
1038 2535 1218 2581 συμφορᾶς

201 2581 256 2613 ΕΙ.
274 2577 376 2614 1179.
404 2578 567 2615 τάλαιναν
586 2582 678 2613 enim
696 2581 878 2627 συμφοράν
896 2581 964 2613 dici
981 2582 1120 2614 minime
1138 2591 1219 2614 con-

201 2629 308 2670 venit,
328 2632 368 2660 ut
384 2629 558 2669 genitivus
574 2630 687 2670 potius
705 2639 825 2661 causae
842 2629 1031 2661 reddendae
1049 2629 1215 2668 videatur,

201 2685 304 2716 quem
315 2676 416 2715 vulgo
429 2676 617 2708 adiiciendo
631 2672 733 2709 ἕνεκα
748 2677 933 2718 explicant.
954 2676 1039 2708 Nam
1056 2677 1220 2716 yenitivus

203 2722 369 2755 eiusmodi
394 2723 497 2755 etiam
524 2723 604 2755 alibi
629 2723 697 2755 dici
719 2724 908 2765 reperitur:
937 2724 980 2755 cf.
1001 2724 1147 2755 Lobeck.
1178 2723 1219 2754 ad

201 2770 258 2801 Ai.
281 2766 372 2802 1014
397 2774 432 2802 et
448 2770 558 2802 Koen.
585 2773 620 2802 et
646 2770 778 2803 Schaef.
797 2771 839 2803 ad
857 2771 957 2810 Greg.
979 2770 1053 2803 Cor.
1080 2780 1114 2811 p.
1138 2766 1216 2802 138.

203 2814 300 2861 οἴμοι
315 2814 465 2862 γέλωτος
482 2817 538 2850 Ai.
559 2813 639 2849 367.
659 2818 722 2849 LA
738 2814 846 2862 ωἴμοι
868 2818 960 2849 unde
977 2818 1118 2850 sortasse
1136 2817 1221 2849 scri-

203 2863 354 2895 bendum
369 2856 396 2909 ιξζ
406 2874 464 2908 μοι
481 2874 508 2896 s.
521 2863 613 2909 ὤμοι
629 2861 793 2910 γέλωτος.
814 2861 911 2909 οἴμοι
927 2861 1095 2898 κελεύθου
1112 2866 1177 2901 τῖς
1192 2856 1222 2896 τ’

205 2907 294 2956 ἐμῆς
321 2907 544 2956 δυσπραξίας,
574 2909 672 2956 οἴμοι
696 2907 724 2944 δ’
749 2908 893 2957 ἑταίρων
919 2910 974 2943 OG
994 2907 1095 2943 1399.
1124 2922 1142 2944 ο
1163 2920 1222 2955 μοι

203 2955 347 2991 τάλαινα
358 2959 423 3003 τῆς
436 2956 525 3004 ἐμῆς
538 2956 646 2992 πάλαι
661 2960 793 3005 τροφῆς
806 2955 1032 3004 ἀνωφελήτου
1046 2958 1100 2990 ΕΙ.
1117 2954 1218 2989 1143.

203 3004 362 3046 Denique
384 3006 466 3037 elisa
481 3006 602 3036 ultima
618 3006 745 3046 syllaba
768 3007 932 3038 sententia
948 3015 1084 3037 causam
1100 3004 1222 3036 doloris

204 3050 343 3083 reddens
362 3052 533 3092 particula
556 3050 610 3089 ὡς
624 3053 789 3086 infertur.
834 3053 887 3084 De
911 3048 982 3097 οἴμ’
1001 3051 1048 3090 ὡς
1066 3052 1223 3091 indigna-

205 3098 310 3130 tionis
338 3099 463 3131 indicio
490 3099 574 3130 Ant.
596 3095 665 3131 320
694 3099 762 3131 iam
786 3100 991 3132 monuimus.
1027 3099 1163 3130 Doloris
1187 3102 1222 3130 et

205 3146 497 3178 commiserationis
524 3146 606 3177 haec
634 3149 717 3178 sunt
747 3142 819 3191 οἴμ’
844 3145 893 3183 ὡς
920 3143 1035 3183 ἔοικας
1066 3143 1131 3191 ὀψὲ
1157 3142 1221 3189 τὴν

207 3188 306 3237 δίκην
324 3190 407 3226 ἰδεῖν
432 3193 514 3224 Ant.
539 3189 640 3225 1270.
669 3188 742 3237 οἴμ’
762 3191 810 3230 ὡς
835 3189 951 3230 ἔοικας
977 3189 1066 3238 ὀρθὰ
1091 3202 1222 3238 μαρτυ-

208 3239 280 3283 ρεῖν
297 3235 383 3284 ἄγαν
399 3239 457 3270 Ai.
478 3235 558 3270 354.
579 3236 652 3284 οἴμ’
668 3238 715 3276 ὡς
733 3235 860 3284 ἀθυμῶ
878 3236 959 3272 587.
978 3257 1026 3263 -
1042 3236 1221 3283 [Animad-

207 3286 408 3317 vertendum
424 3289 601 3326 praeterea
618 3286 660 3318 ad
675 3286 724 3327 id,
742 3286 824 3327 poni
841 3283 937 3331 οἴμοι
960 3286 1009 3318 ita
1024 3289 1064 3318 ut
1081 3286 1222 3317 comite-

206 3333 265 3362 tur
280 3335 341 3364 aut
356 3333 570 3364 enuntiatum
583 3336 622 3364 ut
637 3333 720 3365 Ant.
741 3329 827 3365 838:
849 3337 910 3365 aut
924 3334 1223 3372 interrogationem

208 3380 249 3408 ut
265 3378 320 3410 Ai.
341 3374 426 3410 791.⁴
453 3377 537 3422 (quo
557 3380 594 3411 in
611 3389 735 3419 genere
752 3380 954 3412 creberrima
979 3383 1032 3412 est
1056 3376 1163 3424 οἴμοι,
1189 3376 1224 3412 τί

1255 1997 1318 2025 est.
1339 1992 1354 2035 ΙΙ
1376 1993 1528 2025 Tralata:
1549 1990 1674 2027 ἐπίστω
1691 2005 1712 2039 γ
1739 1990 1775 2027 οἷ
1793 1986 1827 2038 μ’
1844 1990 1980 2038 ἀτιμίας
1997 1989 2089 2038 ἄγεις
2102 1992 2155 2024 El.
2169 1987 2272 2024 1035.

1256 2058 1297 2064 -
1317 2041 1483 2072 Addimus
1509 2037 1608 2074 οἴπε
1620 2051 1637 2086 ρ
1649 2065 1657 2081 ,
1686 2041 1777 2082 quod
1794 2049 1861 2072 non
1878 2040 2006 2072 rectius
2024 2048 2125 2081 quam
2148 2036 2273 2082 καίπερ

1254 2088 1385 2120 duobus
1409 2088 1582 2119 vocabulis
1601 2088 1768 2120 scribitur.
1805 2084 2017 2133 χωρήσομαί
2048 2078 2134 2132 τᾶρ’,
2171 2082 2273 2128 οἷπερ

1254 2132 1402 2180 ἐστάλην
1422 2132 1503 2167 ὁδοῦ
1529 2135 1582 2167 ΕΙ.
1603 2131 1685 2167 404.
1706 2153 1753 2158 -
1779 2135 1831 2166 De
1847 2137 1988 2167 accentu
2013 2133 2148 2175 generis
2173 2141 2272 2174 prae-

1254 2183 1338 2224 cipit
1365 2182 1477 2223 Apoll.
1507 2182 1548 2213 de
1574 2182 1647 2214 adV.
1676 2192 1710 2224 p.
1732 2178 1813 2222 588,
1836 2178 1892 2214 18.
1994 2179 2046 2224 (ΙΙ
2061 2190 2096 2223 p.
2116 2176 2199 2221 284,
2219 2176 2275 2223 2.)

1325 2236 1434 2278 Οἴαξ
1451 2237 1500 2284 (ἆ,
1521 2251 1554 2273 v.
1574 2241 1690 2273 Valck.
1710 2240 1752 2272 ad
1769 2240 1906 2282 Hippol.
1925 2236 2048 2284 1226.)
2063 2238 2273 2280 yubemacu-

1253 2288 1335 2319 lum.
1364 2284 1504 2320 πολλῶν
1527 2285 1679 2333 γαλινῶν
1706 2285 1804 2333 ἔργον
1829 2285 1958 2321 οἰάκων
1983 2282 2015 2321 θ’
2041 2283 2116 2332 ἅμα
2138 2287 2179 2318 fr.
2199 2286 2268 2318 inc.

1255 2331 1335 2374 712,
1364 2335 1405 2366 de
1430 2343 1466 2366 re
1483 2327 1683 2367 difficillima
1698 2335 1839 2367 dictum.
1861 2353 1905 2359 —
1929 2335 2122 2367 Accentum
2138 2332 2272 2374 generis

1256 2382 1385 2414 notavit
1402 2382 1480 2413 Arc.
1500 2392 1535 2423 p.
1560 2379 1615 2423 18,
1639 2379 1693 2414 18.

1326 2436 1353 2475 Ο
1366 2438 1375 2472 ἰ
1388 2441 1482 2477 ἅτις
1504 2439 1649 2474 Oeensis.
1678 2437 1838 2477 Οἰάτιδος
1855 2437 1897 2473 ἐκ
1910 2441 2019 2485 νομοῦ
2036 2438 2093 2473 OG
2111 2435 2200 2472 1061
2215 2438 2268 2471 ch.

1255 2488 1395 2528 Duplex
1411 2488 1514 2519 huius
1539 2488 1686 2520 nominis
1704 2488 1884 2529 explicatio
1899 2490 2039 2528 prostat,
2066 2487 2172 2519 altera
2195 2489 2274 2518 tan-

1256 2544 1357 2575 quam
1389 2535 1536 2576 proprii,
1582 2538 1743 2576 tanquam
1782 2535 1980 2576 appellativi
2012 2534 2129 2566 altera.
2187 2533 2273 2565 Nam

1256 2582 1446 2621 Hesychius
1473 2577 1685 2619 Οίάτιδος
1720 2579 1768 2614 ἐκ
1799 2582 1957 2627 νομοῦ,
1997 2577 2086 2627 Σοφ.
2112 2577 2185 2616 Οίδ.
2215 2577 2273 2613 ἐπὶ

1256 2625 1361 2670 Κολ.,
1380 2631 1444 2673 τῆς
1461 2626 1777 2674 προβατευομένης,
1806 2626 1847 2661 ἐκ
1861 2638 1926 2673 νεμ
1955 2637 2040 2665 σεως
2065 2625 2132 2672 (sic
2148 2627 2273 2660 distin-

1255 2674 1464 2719 guendum}
1493 2673 1525 2709 οἱ
1550 2673 1588 2708 δὲ
1611 2673 1680 2709 ἀπὸ
1705 2671 1816 2721 Οἴης
1840 2677 1902 2709 τοῦ
1948 2675 1996 2707 sic
2011 2674 2162 2707 Meum:
2185 2670 2274 2708 οἶδὲ

1257 2720 1372 2756 ἀοιτοῦ
1391 2719 1481 2766 cod.]
1514 2720 1640 2767 δήμου,
1678 2727 1814 2760 κακῶς·
1850 2720 1890 2756 οὐ
1922 2719 1987 2768 γὰρ
2017 2720 2035 2756 ἐ
2077 2720 2117 2760 ὺς
2144 2722 2268 2755 κεῖται.

1257 2770 1406 2809 Quorum
1423 2770 1547 2801 similia
1564 2779 1617 2811 ap.
1638 2770 1736 2802 Eust.
1757 2770 1918 2810 leguntur
1933 2779 1969 2811 p.
1992 2765 2033 2800 11
2087 2794 2095 2808 ,
2115 2764 2174 2801 46.
2204 2767 2274 2800 Gur

1257 2817 1501 2858 antiquitatum
1524 2817 1715 2848 Atticarum
1738 2820 1939 2849 scrutatores
1964 2816 2121 2849 nonnulli
2145 2826 2164 2847 a
2188 2822 2273 2856 pago

1257 2859 1324 2909 Οἴη
1349 2864 1490 2895 ductum
1515 2859 1632 2901 Οἰᾶτις
1657 2867 1840 2904 negarent,
1868 2864 1956 2895 bene
1980 2872 2025 2895 ex
2049 2862 2166 2904 Steph.
2188 2862 2268 2900 Byz.

1257 2911 1406 2943 ostendit
1429 2911 1598 2950 Reisigius
1623 2920 1730 2943 enarr.
1757 2920 1791 2952 p.
1816 2907 1894 2942 137.
1932 2910 2018 2943 Cum
2042 2910 2134 2942 enim
2151 2912 2187 2941 et
2203 2904 2274 2943 Οἴα

1257 2958 1348 2990 unde
1367 2954 1507 2998 Οἴαθεν,
1528 2967 1614 2998 quae
1625 2950 1694 2993 Ὄα
1711 2957 1880 2999 Stephano
1897 2957 1963 2989 dici
1980 2957 2128 2998 videtur,
2150 2959 2185 2988 et
2201 2950 2270 3000 Οἴη

1256 3005 1335 3046 pagi
1359 3005 1466 3036 Attici
1490 3005 1637 3046 fuerint,
1673 3005 1732 3036 ille
1762 3004 1980 3036 Pandionidis
2011 3004 2139 3044 tribus,
2175 3003 2270 3035 cuius

1257 3052 1434 3084 scholiasta
1458 3050 1513 3083 OG
1536 3052 1559 3082 l.
1581 3061 1608 3083 c.
1638 3055 1675 3083 et
1698 3061 1740 3083 ex
1767 3051 1829 3082 hoc
1846 3051 1967 3084 Suidas
1992 3051 2199 3083 mentionem
2216 3047 2270 3079 fa-

1257 3099 1361 3138 ciunt,
1383 3098 1437 3130 hic
1445 3098 1617 3139 Oeneidis,
1629 3099 1687 3130 ille
1697 3099 1802 3129 nullis
1818 3099 1958 3130 fortasse
1975 3101 2034 3130 aut
2050 3095 2195 3136 exiguis,
2215 3094 2272 3126 hic

1258 3145 1401 3185 egregiis
1432 3146 1469 3176 in
1501 3145 1652 3177 Thriasio
1684 3154 1799 3186 campo
1832 3145 1967 3186 pascuis
2000 3143 2165 3184 insignis,
2208 3141 2269 3174 ille

1256 3193 1356 3232 longe
1373 3192 1525 3232 dissitus,
1545 3192 1600 3224 hic
1616 3192 1768 3232 proxime
1785 3192 1940 3223 adiacens
1956 3191 2047 3231 locis,
2076 3198 2159 3231 quos
2176 3189 2270 3220 inse-

1257 3239 1352 3271 derat
1367 3239 1540 3279 Oedipus,
1568 3239 1799 3279 ignorantibus
1822 3239 2047 3279 interpretum
2071 3236 2270 3278 quibusdam

1257 3286 1368 3318 utrius
1393 3295 1412 3317 a
1437 3285 1537 3326 Soph.
1558 3286 1716 3318 memoria
1739 3286 1934 3326 inficiatur,
1958 3293 2014 3316 eos
2038 3284 2097 3325 qui
2123 3283 2164 3315 de
2181 3282 2270 3314 Pan-

1258 3332 1406 3365 dionidis
1429 3333 1539 3365 tribus
1563 3341 1648 3374 pago
1671 3332 1820 3372 intelligi
1842 3331 1987 3371 vellent,
2015 3340 2035 3362 a
2056 3330 2286 3372 peritioribus<

1259 3389 1298 3411 eo
1315 3380 1420 3420 magis
1435 3379 1619 3420 improbari
1637 3387 1774 3411 necesse
1791 3382 1873 3418 erat,
1894 3378 1982 3419 quod
1999 3378 2040 3409 ab
2066 3372 2132 3422 Οἴη
2160 3372 2271 3420 Οἴη-

210 3420 344 3470 δράσω;
387 3425 443 3458 Ai.
473 3422 554 3459 809.
582 3422 663 3458 920.
693 3423 795 3459 1024.
833 3426 888 3459 OG
917 3423 1019 3459 1254.
1055 3426 1117 3459 Ph.
1138 3421 1220 3459 969.
1258 3423 1332 3461 θεν
1357 3430 1394 3459 et
1418 3421 1597 3472 Οἰῆτις,
1625 3435 1694 3458 non
1718 3421 1884 3460 Οἴαθεν
1911 3434 1938 3457 s.
1961 3416 2090 3460 Ὄαθεν
2114 3418 2288 3458 (ηΟίόἰ·ι,1

2281 3552 2288 3576 ¹.

2276 3579 2288 3600 d
