2288 3600
246 104 342 150 752

232 218 300 250 ullo
317 227 432 250 sensu.
454 218 525 249 Hoc
541 217 631 249 idem
648 218 776 257 legerat
793 218 896 249 schol.
941 217 1005 250 Sed
1024 219 1110 250 bene
1127 218 1163 249 in
1180 228 1248 250 uno
1281 229 1374 259 nem,
1403 231 1434 253 v.
1456 221 1572 254 Herm.
1609 219 1641 255 εἴ
1658 234 1709 260 τις

231 274 343 306 apogr.
361 265 541 296 ascribitur
562 262 812 311 ὑπέρφρονας.]

302 317 597 368 *(Υπεροπτία
631 332 663 354 v.
691 320 900 369 ὑπερόπτης.

298 377 306 390 ‘
319 378 346 416 Υ
356 392 381 414 π
390 379 407 414 έ
417 391 434 426 ρ
444 392 461 414 0
473 391 523 414 πτ
533 393 550 414 ο
562 392 578 418 ς
603 381 772 422 superbus.
801 379 830 414 εἰ
849 380 887 415 δέ
902 392 952 419 τις
971 379 1149 429 ὑπέροπτα
1165 394 1246 430 χερ-

232 427 282 462 σὶν
307 425 331 473 ἢ
358 426 451 474 λόγῳ
469 426 649 474 πορεύεται
665 429 723 461 OR
740 426 809 461 883
827 430 878 461 eh.
913 430 1159 470 Adverbiascit,
1189 431 1248 462 sed

230 477 352 508 obiecti
366 476 440 508 vice
458 485 664 517 suspensum
681 487 700 508 a
717 473 908 521 πορεύεται.
930 476 983 508 Gl.
1002 477 1164 508 Brunckii
1180 488 1247 511 κα-

229 526 490 570 ταφρονητικῶς
509 524 666 564 explicat.

302 577 356 626 [*‘
369 578 479 627 Υπερ
489 580 506 615 ό
518 592 535 626 ρ
545 592 562 614 ν
573 592 591 614 υ
603 593 628 626 μ
638 592 659 614 ι.
703 578 980 628 ὑπερορνυμένας
1007 592 1050 615 ex
1075 583 1246 623 Musgravi

230 631 316 662 coni.
338 629 396 661 ΟΒ
416 626 482 661 165
500 629 552 660 ch.
575 629 678 661 Dind.
705 638 764 670 pro
782 627 867 675 ὕπερ
887 628 1103 675 ὀρνυμένας.]

298 683 305 696 ‘
320 683 379 722 Υπ
391 685 408 720 έ
418 697 436 732 ρ
447 698 525 734 οχο
535 699 551 725 ς
568 689 719 729 eximius,
741 689 800 720 sed
813 692 852 720 ut
869 689 905 719 in
923 689 1044 721 malam
1061 693 1192 730 partem
1204 690 1245 721 de

231 737 389 768 insolente
412 735 554 767 dicatur.
595 733 817 781 ἱπποβάμονα
842 734 982 783 στράτον
1007 734 1126 783 θηρῶν
1152 734 1246 782 ὑβρι-

232 782 334 828 στήν,
361 779 491 826 ἄνομον
516 780 688 830 ὑπέροχον
716 780 790 828 βίαν
817 783 872 814 Tr.
897 779 998 815 1096.
1022 783 1078 816 Sic
1094 785 1175 816 haec
1193 786 1246 817 di-

231 830 436 870 stinguenda
452 838 588 870 censeo,
621 840 698 862 cum
716 831 816 870 vulgo
834 834 869 862 et
885 834 961 872 post
977 828 1096 878 θηρῶν
1122 836 1157 863 et
1172 837 1247 873 post

230 875 359 923 ἄνομον
376 876 483 908 incidi
497 878 614 909 soleat.
643 878 738 909 Libri
754 875 949 924 ὑπείροχον.
977 879 1040 910 Illa
1056 880 1246 912 emendatio

230 929 282 958 est
300 924 447 956 Bentleii
464 927 499 956 et
517 924 654 965 Clarkii‚
680 925 782 958 huius
801 926 842 957 ad
858 926 898 958 Il.
921 923 951 970 β.
973 922 1054 957 426.

297 979 305 992 ‘
317 980 345 1017 Υ
355 994 380 1016 π
388 993 430 1029 ερ
441 994 466 1016 π
476 981 520 1016 έτ
529 994 546 1016 ο
556 995 581 1029 μ
590 994 632 1016 αι
655 985 879 1025 super-involo,
909 981 988 1022 ὀξέα
1012 982 1150 1024 κλάζων
1174 983 1248 1019 αἰε-

228 1030 287 1069 τὸς
316 1028 352 1068 ἐς
381 1034 445 1077 γῆν
470 1030 517 1068 ὡς
546 1028 721 1078 ὑπερέπτη
740 1032 822 1064 Ant.
845 1028 912 1064 113
925 1041 979 1064 an.
1009 1033 1059 1064 De
1076 1033 1196 1065 lacuna
1214 1037 1249 1065 et

231 1088 332 1111 sensu
350 1078 519 1120 explendo
537 1089 571 1113 v,
590 1079 709 1111 Herm.

295 1133 401 1171 ’Υπε
440 1148 464 1170 π
508 1134 593 1170 δάω
618 1139 792 1178 super-silio
816 1139 839 1170 i.
868 1147 899 1171 e.
927 1138 1094 1179 eyredior,
1124 1139 1245 1172 devito.

228 1182 310 1219 θεοῦ
330 1182 367 1218 δὲ
385 1195 409 1217 π
432 1148 523 1231 ηγἌν
541 1182 608 1232 οὐχ
625 1182 943 1231 ὑπερπηδᾷβροτός
962 1187 1029 1218 inc.
1051 1188 1092 1219 fr.
1116 1183 1196 1219 656.

295 1251 304 1264 ‘
317 1251 377 1290 Υπ
387 1267 403 1288 ε
412 1266 430 1301 ρ
442 1266 468 1288 π
479 1252 614 1300 ίμπλη
625 1266 670 1300 μι
691 1259 822 1296 praeter
837 1256 974 1288 modum
992 1258 1124 1298 impleO.
1166 1258 1247 1290 Pro-

227 1304 301 1345 prie
317 1303 445 1335 dictum
459 1300 524 1349 ἀνὴ
565 1300 820 1348 ὑπερπλησθεὶς
839 1301 933 1362 μέθη
955 1303 1014 1345 [sio
1031 1314 1076 1336 m.
1092 1315 1157 1346 pr.:
1182 1303 1248 1349 μέ-

228 1348 295 1396 θης
309 1360 353 1382 m.
375 1354 445 1382 ant.
470 1313 547 1395 LA?
560 1350 619 1382 OR
635 1347 716 1383 779.
765 1351 898 1383 Tralate
916 1349 1023 1397 υβρις,
1052 1350 1082 1384 εἰ
1106 1349 1246 1385 πολλῶν

229 1394 458 1445 ὑπερπλησθῇ
493 1395 604 1442 μάταν
638 1397 695 1430 OR
712 1394 782 1430 874
802 1398 853 1430 eh.
892 1399 933 1431 de
962 1399 1132 1431 insolente
1163 1400 1248 1431 recti

230 1446 377 1477 fastidio.

293 1499 301 1512 ‘
315 1499 403 1538 Υπε
415 1501 588 1549 ρπονέω
614 1505 726 1537 laboro
741 1512 815 1543 pro.
855 1503 931 1550 σφὼ
958 1501 985 1537 δ’
1011 1499 1078 1538 ἀντ’
1107 1502 1247 1539 ἐκείνων

225 1548 320 1596 τάμὰ
346 1549 515 1596 δυστήνου
539 1549 633 1585 κακὰ
655 1549 902 1596 ὑπερπονεῖτον
928 1551 983 1583 OC
1002 1549 1082 1584 345.
1120 1552 1249 1584 Eadem

226 1600 281 1639 vi,
310 1599 398 1631 siout
423 1599 537 1639 ipsum
562 1596 760 1638 πονεῖσθαι,
807 1598 918 1630 media
944 1609 971 1631 s.
1000 1600 1249 1640 deponentialis

225 1647 331 1678 forma
346 1646 510 1688 praedita.
545 1643 653 1680 καλόν
673 1657 732 1690 μοι
756 1639 848 1678 τοῦδ’
866 1643 1156 1692 ὑπερπονουμένῳ
1182 1645 1249 1681 θα-

224 1695 296 1726 νεῖν
312 1691 514 1772 1πὲς1ιῧδήλως
549 1691 696 1739 μᾶλλον,
733 1690 757 1737 ἢ
791 1695 855 1739 τῆς
883 1696 947 1739 σῆς
972 1691 1059 1740 ὑπὲρ
1088 1693 1249 1740 γυναικός

231 1741 287 1774 Ai.
406 1765 414 1772 .

291 1794 616 1844 ‘Yrteprtovrtoe
639 1800 897 1833 transmarinus.
938 1799 1060 1846 φοιτᾷς
1086 1796 1109 1833 δ’
1140 1798 1249 1847 ὑπερ-

224 1844 362 1884 πόντιος
381 1847 462 1879 Ant.
476 1843 559 1879 785.
587 1846 629 1878 de
642 1848 677 1878 vi
693 1848 828 1879 amoris.
859 1846 1040 1888 Comparat
1053 1848 1124 1880 Erf.
1144 1847 1246 1890 Soph.

225 1895 293 1925 inc.
315 1895 356 1926 fr.
378 1890 458 1935 678,
480 1890 513 1925 9.
541 1896 576 1926 et
594 1894 678 1926 Eur.
699 1894 838 1935 Hippol.
862 1891 965 1927 1272.

291 1947 299 1960 ‘
313 1948 543 1997 Υπέρτατο
555 1963 570 1989 ς
602 1963 635 1984 V.
665 1949 863 1999 ὑπέρτερος.

291 2006 300 2019 ‘
313 2006 374 2044 Υπ
385 2021 402 2044 ε
414 2007 550 2056 ρτελή
562 2021 578 2048 ς
596 2013 652 2052 qui
669 2010 879 2052 desumitur.
908 2006 997 2057 ἡνίκ’
1014 2010 1132 2047 ἄθλων
1149 2007 1251 2047 τῶνδ’

230 2055 420 2105 ὑπερτελὴς
437 2055 502 2104 ἔφυ
518 2057 574 2090 Tr.
589 2055 645 2090 36.
674 2068 751 2090 eum
767 2059 933 2091 laboribus
949 2061 1018 2091 suis
1035 2060 1175 2100 functus
1193 2063 1246 2095 sit.

230 2116 263 2140 v.
284 2106 387 2138 schol.
424 2102 694 2151 ὑπερτελής;
736 2102 821 2152 ὑπὲρ
844 2105 883 2139 τὸ
909 2104 1010 2152 τέλος
1035 2105 1057 2140 ά
1087 2106 1243 2154 ικομένη.

230 2152 434 2193 Hesychius.
465 2152 517 2185 Cf.
537 2152 701 2185 Abresch.
723 2153 766 2185 ad
782 2154 909 2201 Aesch.
926 2156 990 2194 Ag.
1009 2116 1090 2187 291.

294 2205 303 2220 ‘
316 2207 569 2257 Υπέρτερος
602 2213 762 2252 superior.
821 2202 959 2254 Proprie
991 2223 1053 2245 nec
1085 2214 1146 2246 hoc
1178 2225 1241 2248 nec

230 2255 417 2304 ὑπέρτατος
442 2259 570 2290 dictum
592 2259 735 2300 legitur3
777 2260 1067 2301 proximetamen
1094 2262 1136 2294 ad
1160 2272 1238 2303 pro-

230 2307 338 2347 priam
354 2307 424 2337 vim
439 2306 567 2338 accedit
585 2302 620 2344 ἐξ
638 2303 824 2352 ὑπερτέρας
840 2305 942 2353 χερός
959 2309 1115 2340 victorem
1140 2311 1248 2349 signi—

229 2354 332 2385 ficans
350 2353 403 2386 ΕΙ.
423 2349 505 2385 455.
534 2354 564 2384 si
581 2355 710 2385 victrici
725 2363 842 2394 manu,
865 2355 953 2395 quod
970 2355 1163 2387 Hermanno
1180 2358 1251 2399 pla-

230 2404 296 2433 cet.
342 2400 474 2432 Deinde
489 2402 649 2432 maiorem
666 2401 844 2441 significat.
886 2399 1036 2448 ἔφρασας
1060 2400 1248 2450 ὑπερτέραν

227 2448 290 2484 τᾶς
322 2445 431 2493 πάρος
463 2445 512 2480 ἔτι
543 2445 685 2494 χάριτος
719 2448 772 2480 ΕΙ.
792 2444 882 2481 1265
900 2459 968 2490 m.;
1004 2454 1039 2481 et
1056 2452 1200 2491 amplius
1218 2462 1244 2484 s.

223 2498 406 2535 praeterea,
434 2492 536 2528 οὐδὲν
553 2488 616 2528 οἶδ’
629 2492 814 2542 ὑπέρτερον
827 2496 908 2527 Ant.
925 2493 979 2529 16.
1011 2497 1164 2537 Amplius
1176 2500 1199 2531 i.
1214 2509 1243 2532 e.

225 2542 328 2582 plura
353 2546 384 2574 et
407 2543 546 2584 certiora
569 2542 635 2574 dici
661 2543 810 2584 reperies
828 2544 932 2575 etiam
948 2544 1032 2577 Ant.
1055 2540 1140 2576 631:
1170 2543 1247 2593 τάγ’

228 2584 414 2633 εἰσόμεσθα
440 2587 594 2633 μάντεων
619 2586 813 2635 ὑπέρτερον.
831 2608 878 2613 -
899 2589 1135 2632 Superlativus
1152 2586 1245 2625 sum*-

227 2645 320 2668 mum
336 2636 514 2676 significat,
534 2639 610 2668 tum
628 2636 714 2678 quod
731 2639 801 2669 alia
817 2637 941 2669 excedit
957 2639 1127 2678 universe,
1150 2642 1246 2673 velut

227 2682 268 2715 de
286 2683 397 2715 labore
414 2686 449 2715 et
465 2692 637 2723 aerumna,
665 2681 814 2731 μόχθοις
838 2681 1015 2730 λατρεύων
1038 2688 1112 2723 τοῖς
1137 2683 1244 2733 ὑπερ-

226 2727 340 2767 τάτοις
365 2728 495 2776 βροτῶν
519 2729 574 2762 OC
595 2727 673 2772 105,
711 2737 785 2763 tum
803 2731 1114 2764 honoratissimam.-
1142 2733 1243 2780 σέβας

229 2774 418 2823 ὑπέρτατον
435 2777 497 2810 Ph.
518 2774 588 2810 402
605 2778 658 2811 ch.
685 2775 788 2816 κλέος
814 2776 1001 2825 ὑπέρτατον
1021 2777 1123 2813 1347.
1152 2779 1242 2815 θεῶν

226 2821 288 2858 τὰν
315 2820 505 2869 ὑπερτάταν
531 2820 600 2858 Γᾶν
622 2826 706 2858 Ant.
737 2822 818 2858 338.
855 2824 981 2872 φρένας
1007 2825 1164 2870 πάντων,
1194 2827 1242 2862 ὅσ’

229 2868 312 2912 ἐστί,
341 2869 529 2917 κτημάτων
556 2869 622 2906 ὑπέ
644 2883 745 2906 τατον
763 2869 843 2906 684.
871 2870 933 2906 τὰν
952 2872 993 2907 ἐκ
1010 2875 1120 2908 πασᾶν
1137 2876 1243 2922 τιμᾷς

230 2914 400 2964 ὑπερτάτα
417 2915 551 2952 πόλεων
571 2883 661 2952 1138
679 2921 732 2952 ch.
763 2917 934 2966 [ἔκπαγλα
948 2920 1051 2968 τιμᾷς
1071 2919 1156 2970 ὑπὲρ
1175 2935 1244 2957 πα-

228 2966 289 2998 σᾶν
307 2963 442 2998 πόλεων
458 2966 595 3007 scripsit
612 2964 735 3011 Dind.]
758 2969 822 3013 τῆς
840 2964 1032 3014 ὑπερτάτης
1049 2968 1243 3015 τυραννίδος

226 3012 344 3044 Alead.
365 3013 407 3045 fr.
430 3009 508 3054 109,
527 3010 562 3045 2.
943 3013 994 3058 (ΙΙ
1009 3025 1044 3056 p.
1063 3013 1144 3058 877,
1169 3015 1244 3062 10.)

294 3065 302 3079 ‘
315 3066 375 3104 Υπ
385 3081 402 3103 ε
412 3081 429 3116 ρ
437 3082 456 3104 τ
466 3075 480 3103 ῖ
489 3082 515 3115 μ
524 3069 546 3104 ά
557 3084 585 3104 ω
601 3074 779 3114 praecipue
797 3073 930 3106 honoro.
967 3072 1110 3121 πότερον
1138 3073 1240 3123 ὑπερ-

226 3121 393 3163 τιμῶντες
410 3117 458 3156 ὡς
475 3116 656 3173 εὐεργέτην
675 3118 844 3165 ἔκρυπτον
861 3117 963 3154 αὐτόν
977 3133 984 3162 ;
1004 3122 1088 3155 Ant.
1109 3120 1190 3156 284.

293 3170 302 3184 ‘
313 3171 577 3223 Υπερτρέχω
594 3187 740 3218 excurro,
760 3179 840 3211 inde
857 3179 974 3211 excedo
990 3189 1018 3212 s.
1035 3182 1134 3215 violo.
1156 3180 1243 3216 ὥστε

229 3218 320 3302 geni?
332 3221 492 3303 4ἔὲἓμιμα
523 3223 689 3259 δύνασθαι
721 3223 847 3271 θνητὸν
888 3220 960 3259 ὄνθ’
1010 3224 1240 3274 ὑπερδραμεῖν

293 3323 302 3336 ‘
314 3325 342 3362 Υ
350 3339 375 3362 π
386 3339 402 3362 ε
410 3339 428 3374 ρ
438 3340 462 3375 φ
473 3326 518 3376 ἐρ
528 3342 556 3363 ω
573 3339 703 3376 supero.
738 3329 843 3378 τέχνη
860 3329 985 3379 τέχνης
1003 3327 1242 3377 ὑπερφέρουσα

226 3373 275 3420 τῷ
296 3373 486 3423 πολυζήλῳ
513 3374 576 3423 βίῳ
601 3378 659 3411 OR
676 3375 757 3411 381.
785 3388 841 3410 ars
857 3382 933 3411 ante
949 3380 1036 3412 alias
1052 3383 1140 3413 artes
1157 3382 1241 3412 emi-

925 99 1210 168 εΥπεροπτία
1234 131 1304 139 --
1321 100 1593 172 Ὑπηρέτης

1971 119 2021 166 [11
2035 132 2071 164 p.
2089 84 2288 164 876—873

1746 226 1770 268 ῆ
1788 221 1890 262 θεοὺς
1909 223 2085 261 ἐπίσταται
2109 230 2226 272 τιμαῖς
2244 239 2288 265 σοι

1282 264 1396 311 βίζειν,
1425 265 1448 312 ἡ
1468 265 1505 301 δὲ
1530 263 1625 303 τοῦθ’
1644 267 1826 317 ὑπερφέρει
1850 271 1905 304 OG
1924 270 2025 306 1007.
2053 277 2155 309 τοῦτο
2173 276 2210 308 in
2229 277 2288 311 Lu

1283 313 1339 345 PA
1357 319 1531 356 repertum
1548 316 1782 350 adverbiascit.
1824 319 1935 352 Ceteri
1954 322 2048 354 codd.
2074 316 2180 363 τοῦδ’,
2208 319 2288 366 quei

1281 362 1317 392 in
1335 361 1393 393 PA
1410 372 1513 404 supra
1529 364 1705 404 scriptum.
1731 365 1848 407 [Dind.
1864 369 1993 410 recepit
2006 369 2199 403 Kunhardti
2216 373 2288 414 coln}

1283 409 1446 441 iecturam
1462 408 1562 456 τῷδε,
1583 412 1713 444 ratione
1731 415 1952 453 grammatica
1970 416 2110 459 motum]
2275 412 2288 444 ἓν

1351 474 1358 487 ‘
1372 475 1431 513 Υπ
1442 478 1458 513 έ
1468 490 1485 525 ρ
1496 491 1520 526 φ
1531 492 1548 527 ρ
1559 493 1612 515 ων
1636 483 1806 523 superbus.
1851 482 1950 519 ποίου
1975 483 2148 533 κέκραγας
2179 466 2288 536 ἀνδρέ]

1283 523 1342 559 ὧδ’
1360 523 1574 574 ὑπέρφρονα;
1597 529 1652 561 Ai.
1673 526 1773 562 1236.
2267 536 2288 604 {i

1351 590 1452 630 ‘rm
1467 595 1668 645 ρχλῖδάω
1717 602 1877 642 superbio.
1941 600 2218 652 ὑπερχλιδῶντες
2267 626 2280 645 ς

1281 641 1439 690 γλώσσης
1456 648 1568 690 κακῆς
1586 646 1641 679 Tr.
1662 644 1743 681 281.
1783 648 1850 690 [Sic
1867 652 2012 682 mutavit
2028 661 2073 684 m.
2093 655 2164 685 ant.
2184 653 2220 685 in

1282 692 1370 732 quod
1389 702 1433 723 m.
1454 702 1505 733 pr.
1527 695 1690 734 scriptum
1709 699 1761 727 est
1778 700 1813 728 et
1828 697 1864 728 in
1881 697 2039 730 lemmate
2056 699 2174 731 scholii
2192 697 2278 741 ὑπε

1281 736 1449 785 χλίοντες.
1495 740 1539 771 Ut
1575 742 1679 782 magis
1712 745 1878 784 poeticam
1909 745 2050 777 formam
2074 747 2178 780 Dind.
2215 747 2256 780 ha
2280 747 2285 787 J

1287 787 1442 829 recepit.]
2279 791 2282 793 ’

1356 840 1378 887 Γ
1391 842 1627 893 Υπερχλίω
1653 858 1684 879 ν.
1714 845 1964 896 ὑπερχλιδάω.]
2259 894 2262 898 A

1352 898 1360 912 ‘
1372 900 1431 938 Υπ
1443 903 1548 951 έρχο
1561 917 1637 949 μαι
1654 908 1762 940 subeo.
1807 909 1966 941 Proxime
1995 911 2090 943 abest
2118 921 2137 942 a
2164 921 2247 955 prop
2259 901 2274 955 ¹..

1283 952 1431 984 dictione
1452 950 1485 989 ἐς
1504 950 1531 986 δ’
1548 950 1656 998 ἄκραν
1684 948 1774 999 δεῖμ’
1799 953 1937 1001 ὑπῆλθε
1954 955 2081 1002 κρατὸς
2107 957 2217 1004 φόβαν
2250 954 2282 994 ⁸2³

1286 995 1376 1031 1465
1394 1000 1446 1031 ch.
1477 1000 1518 1032 de
1537 1002 1651 1032 timore
1668 1003 1773 1033 crines
1789 1005 1934 1044 eriyente
1952 1004 2092 1038 dietum.
2121 1005 2228 1046 Magis
2252 1008 2268 1033 ‚z
2284 1039 2286 1042 ,

1285 1050 1362 1087 stat,
1392 1056 1469 1078 cum
1488 1047 1529 1079 de
1549 1048 1725 1081 insidiante
1750 1053 1784 1082 et
1802 1051 2024 1084 clandestinos
2049 1052 2140 1084 dolos
2157 1057 2212 1086 ten
2232 1068 2249 1082 ι-
2264 1086 2269 1093 ⁷,

1286 1094 1422 1126 dicitur.
1458 1092 1487 1127 εἰ
1504 1092 1632 1141 ταύτης
1650 1093 1796 1143 (ἀρχῆς)
1812 1093 1937 1144 Κρέων
1999 1096 2116 1145 λάθρᾳ
2132 1096 2165 1146 μ’
2194 1097 2213 1134 ὑ
2247 1109 2272 1143 τὴ

1286 1138 1357 1175 θὼν
1384 1139 1543 1186 ἐκβαλεῖν
1570 1141 1734 1189 ἱμείρεται
1759 1145 1817 1177 OR
1834 1142 1914 1178 386.
1958 1146 1989 1178 A
2005 1147 2213 1180 luctantibus
2237 1162 2243 1175 ι
2265 1183 2269 1187 Δ

1286 1189 1462 1221 formulam
1488 1191 1577 1222 sumi
1601 1191 1739 1223 adnotat
1765 1192 1962 1234 scholiasta3
1990 1204 2021 1226 v.
2044 1194 2150 1236 Toup.
2178 1204 2244 1228 em.

1287 1235 1383 1268 Suid.
1405 1240 1430 1268 t.
1454 1233 1484 1268 1.
1505 1246 1539 1278 p.
1564 1234 1642 1270 193.
1662 1242 1688 1270 t.
1709 1236 1742 1271 2.
1764 1249 1798 1280 p.
1820 1237 1900 1272 301.
1921 1237 1995 1278 οἷός
2008 1238 2048 1298 μ’
2066 1238 2234 1288 ὑπῆλθες,

1287 1278 1320 1327 μ’
1346 1281 1511 1329 ἐθηράσω
1537 1285 1597 1316 Ph.
1629 1282 1730 1319 1007.
1775 1283 1840 1330 [οἷ’
1871 1284 1913 1320 αὖ
1945 1284 1980 1332 μ’
2006 1286 2174 1333 ὑπῆλθες,
2203 1287 2263 1328 ὃς

1286 1327 1450 1377 ἐθηράσω
1469 1331 1572 1363 Dind.
1594 1333 1703 1373 dedit,
1734 1334 1821 1365 inud
1836 1335 1877 1366 ab
1890 1335 2024 1374 Herm,
2053 1335 2114 1368 hoo
2131 1346 2150 1368 a
2167 1336 2228 1370 Wa
2247 1328 2284 1361 ὐ

1284 1375 1489 1422 receptum]
1513 1379 1574 1410 LA
1591 1376 1661 1421 οἷά,
1689 1381 1859 1413 Porsonus
1876 1379 1971 1419 οἵως.
2010 1383 2099 1414 Illud
2118 1383 2264 1417 Triclin

1285 1425 1390 1457 dedit.
1435 1426 1540 1466 Magis
1567 1428 1707 1468 mirere,
1745 1425 1801 1462 οἶά
1834 1430 1938 1461 etiam
1963 1439 2016 1471 ap.
2047 1430 2143 1463 Suid.
2170 1431 2282 1474 legi-

1284 1470 1395 1518 ὑγιές,
1424 1477 1514 1505 certe
1539 1474 1574 1505 in
1601 1475 1672 1507 cod.
1702 1475 1798 1508 Leid.
1821 1479 1855 1508 et
1872 1477 1946 1509 edd.
1969 1480 2053 1510 vett.
2092 1477 2138 1510 Ut
2153 1477 2225 1521 hoc,

1284 1520 1377 1551 aliud
1395 1530 1501 1560 genus
1520 1525 1695 1562 sumptum
1712 1533 1731 1554 a
1748 1523 1832 1555 elam
1850 1525 2064 1564 subrependo
2087 1522 2249 1559 fallenti*

1285 1577 1362 1599 cum
1379 1568 1419 1599 de
1437 1567 1611 1609 affectione
1637 1579 1663 1603 s,
1684 1573 1777 1602 motu
1801 1573 1909 1603 animi
1933 1571 2091 1604 subeunte
2115 1582 2143 1605 s.
2165 1581 2198 1605 se
2231 1592 2245 1599 υ
2278 1569 2281 1573 ’

1284 1618 1410 1646 nuante
1429 1619 1625 1657 usurpatur,
1649 1618 1737 1649 siout
1754 1618 1857 1650 etiam
1875 1616 1958 1664 ἐπέρ
1985 1616 2095 1660 εσθαι,
2122 1617 2141 1653 ὑ
2172 1618 2203 1654 έ
2228 1616 2247 1658 ᾗ

1287 1659 1470 1702 ὑποδῦναι,
1500 1664 1544 1696 cf.
1567 1663 1681 1695 Valck.
1711 1665 1752 1696 ad
1770 1665 1896 1698 Phoen.
1920 1663 1962 1698 13
1988 1662 2022 1698 8.
2049 1664 2100 1710 (p.
2121 1665 2144 1699 4
2195 1694 2203 1701 .

1287 1723 1328 1737 =
1348 1706 1429 1741 395.
1450 1706 1546 1754 396).
1592 1709 1639 1748 ὥς
1673 1705 1708 1756 μ’
1742 1708 1880 1758 ὑπῆλθέ
1909 1724 1959 1751 τις
1990 1711 2097 1759 φόβος
2124 1711 2219 1748 ΡΙι.1
2241 1723 2272 1760 ¹st

1286 1754 1406 1848 θαέμά
1420 1754 1550 1835 1τ1οὲ2μ’
1574 1755 1760 1805 ὑπέρχεται
1795 1760 1849 1791 ΕΙ.
1870 1756 1951 1794 928.
1985 1760 2033 1798 ὥς
2061 1755 2096 1807 μ’
2123 1759 2245 1810 ὑπέρχ
2282 1797 2283 1800 ,

1286 1815 1330 1850 φο
1356 1814 1393 1841 ος

1353 1869 1361 1882 ‘
1374 1871 1532 1920 Υπέχω
1551 1877 1708 1908 sustineo.
1736 1874 1816 1922 *τῷ
1832 1875 1928 1922 τήνδ’
1951 1875 2037 1924 ἄτην
2055 1876 2218 1927 ὑπέχοντι
2236 1883 2239 1894 ³

1290 1918 1380 1953 1274
1397 1932 1452 1955 an.
1478 1923 1568 1964 [secl.
1587 1924 1707 1965 Dind.]
1736 1925 1788 1955 De
1806 1925 1951 1957 Hercule
1968 1926 2097 1959 dictum
2113 1936 2214 1967 grave
2237 1924 2242 1927 .

1286 1970 1358 2000 ium
1383 1970 1546 2010 patiente.
1592 1970 1733 2002 Suidas:
1769 1968 1949 2018 ὑπέχειε
1988 1970 2186 2020 ὑφέσταται.
2287 2010 2288 2013 ,

1287 2016 1443 2055 sychius:
1485 2014 1594 2050 ὑπεσ
1637 2017 1775 2063 ηκώς;
1813 2016 1977 2057 ὑποστάς.
2033 2021 2122 2054 Hinc
2153 2024 2206 2054 est
2286 2033 2288 2053 ;

1286 2060 1419 2109 ὑφέξειν
1438 2063 1501 2110 τὴν
1521 2061 1618 2110 δίκην
1638 2065 1696 2097 0ss
1713 2063 1792 2098 552.
1815 2076 1881 2098 non
1899 2066 1979 2099 dare
1994 2077 2128 2108 poenas.
2256 2067 2260 2069 ’

1353 2129 1362 2141 ‘
1375 2130 1401 2168 Υ
1410 2145 1434 2167 π
1443 2132 1466 2179 ἡ
1475 2145 1491 2166 ν
1499 2145 1515 2167 ε
1526 2147 1551 2179 μ
1561 2146 1578 2168 ο
1587 2146 1602 2171 ς
1619 2139 1715 2167 vento
1726 2139 1976 2178 noneoepoeitus.
1995 2135 2172 2185 καθήμεθ’
2184 2135 2208 2172 ἅ
2241 2174 2247 2188 4

1288 2179 1328 2214 ἐκ
1351 2179 1470 2227 πάγων
1496 2179 1667 2227 ὑπήνεμοι
1691 2184 1772 2215 Ant.
1793 2181 1873 2216 411.
1917 2185 2142 2219 Boissonadus
2159 2195 2209 2218 σο
2228 2190 2241 2198 ’“

1286 2226 1468 2274 ἀπήνεμοι.
1507 2229 1568 2260 Est
1587 2231 1622 2260 in
1638 2240 1733 2271 quem
1750 2234 1868 2263 ventus
1882 2241 1952 2264 non
1968 2233 2094 2266 incidit.

1353 2293 1361 2307 ‘
1373 2295 1434 2332 Υπ
1446 2310 1468 2344 η
1480 2309 1496 2343 ρ
1507 2310 1551 2332 ετ
1563 2297 1579 2332 έ
1590 2312 1630 2332 ω.
1666 2301 1802 2342 Proprie
1827 2302 1976 2342 famuLor
2001 2313 2028 2335 s.
2055 2305 2250 2336 ministro..:

1286 2356 1351 2387 qua
1376 2346 1403 2377 si
1430 2347 1624 2379 nificatione
1651 2357 1716 2379 non
1741 2349 1887 2381 multum
1911 2350 2038 2382 distant
2060 2351 2159 2383 haee:
2205 2356 2234 2377 Ν

1286 2390 1355 2438 ἤδη
1376 2357 1441 2444 cyfi?
1458 2391 1501 2427 τὰ
1517 2391 1608 2440 λοίφ’
1633 2392 1817 2440 ὑπηρετεῖν
1836 2397 1895 2429 Ph.
1920 2392 1973 2429 1'5.
2004 2394 2164 2443 ὑπηρετῶ
2181 2392 2227 2431 δ’(

1285 2436 1364 2473 990.
1394 2439 1445 2478 οἷς
1462 2439 1500 2474 σὺ
1518 2438 1614 2475 ταῦθ’
1639 2439 1820 2488 ὑπηρετεῖς
1840 2441 1939 2476 1024.
1979 2445 2019 2476 In
2038 2445 2090 2477 his
2107 2454 2188 2477 exse
2216 2453 2232 2486 ’ἢ

1283 2489 1500 2528 potissimum
1518 2489 1719 2527 significatio
1739 2492 1840 2522 inest.
1886 2487 1933 2523 At
1946 2494 2078 2532 partem
2095 2502 2156 2533 cap
2214 2525 2219 2527 ,

1283 2535 1490 2567 adiuvandi:
1518 2533 1600 2580 κάμ’
1618 2533 1799 2582 ὑπηρετεῖν
1816 2535 1937 2576 καλεῖς
1952 2539 2007 2571 ΕΙ.
2029 2535 2108 2572 996.
2137 2539 2170 2572 S·
2182 2552 2197 2566 ¹·
2215 2549 2218 2564 ³

1283 2581 1413 2614 dictum
1431 2579 1543 2628 ἔργοις
1560 2581 1707 2620 ἀνοσίοις
1727 2581 1907 2630 ὑπηρετῶν
1926 2586 1982 2618 OC
1999 2581 2081 2618 283.
2118 2587 2184 2626 imp
2228 2581 2239 2624 J

1282 2631 1342 2660 ctis
1357 2632 1397 2660 -te
1414 2629 1652 2661 administrum
1672 2631 1842 2671 praebens.
1880 2633 1970 2664 Dein
1995 2636 2048 2664 est
2073 2634 2191 2664 servire
2215 2674 2219 2676 ἡ

1281 2685 1314 2707 se
1330 2676 1589 2716 accommodare,
1610 2676 1720 2717 facere
1733 2679 1818 2719 quod
1833 2682 1984 2712 convenit
1995 2682 2026 2710 et
2039 2680 2185 2720 postulat
2214 2715 2219 2718 .

1280 2722 1323 2769 τῇ
1352 2721 1443 2768 νόσῳ
1477 2717 1509 2756 θ’
1543 2721 1723 2770 ὑπηρετεῖν
1750 2725 1807 2757 OR
1823 2723 1903 2758 217.
1949 2725 1987 2760 ού
2035 2724 2078 2771 ἁρ
2113 2723 2153 2760 ἂν
2214 2733 2225 2765 1
2252 2727 2273 2736 “’

1282 2767 1488 2815 ὑπηρετοίην
1506 2770 1555 2816 τῷ
1569 2782 1616 2804 πα
1639 2770 1711 2805 όντι
1728 2770 1863 2817 δαίμονι
1881 2774 1933 2805 ΕΙ.
1949 2770 2015 2806 130
2030 2771 2050 2805 ².
2071 2774 2126 2807 Sic
2135 2773 2174 2806 ΕΙ
2186 2788 2201 2801 ι’
2221 2770 2228 2786 ’·
2271 2782 2275 2815 ᾗ

1280 2827 1318 2849 us
1350 2815 1409 2861 (ad
1434 2818 1564 2850 Heracl.
1595 2816 1610 2849 1
1642 2816 1695 2851 17.
1731 2819 1788 2852 OC
1811 2817 1913 2864 491.)
1954 2821 2126 2861 vulgatum

1279 2862 1403 2910 τοίμην
1421 2866 1568 2906 corrigit,
1590 2866 1675 2906 quod
1696 2867 1797 2899 schol.
1815 2867 1931 2900 Iohns.
1948 2868 2101 2900 Atticum
2118 2876 2190 2900 esse
2220 2884 2221 2888 =
2263 2865 2275 2908 j

1345 2929 1353 2942 ‘
1367 2931 1426 2968 Υπ
1471 2933 1574 2981 ρέτη
1586 2947 1642 2980 μα
1668 2938 1934 2969 instrument-um.
1979 2938 2007 2971 ὧ
2040 2935 2194 2983 φίλταται
2209 2955 2215 2964 ·

1276 2984 1405 3028 χεῖρες,
1433 2946 1576 3027 gemm
1595 2980 1622 3015 δ’
1639 2981 1732 3030 ἔχων
1751 2983 1867 3017 ποδῶν
1886 2982 2094 3030 ὑπηρέτημα
2110 2985 2162 3018 ΕΙ.

1278 3030 1352 3061 Nisi
1377 3034 1474 3062 sueto
1500 3039 1590 3061 more
1617 3030 1817 3063 Graecorum
1843 3029 1945 3069 πόδες
1963 3036 1999 3064 et
2014 3034 2128 3079 χεῖρες
2261 3030 2273 3074 ,ζ

1276 3080 1456 3118 gerentur,
1492 3078 1726 3109 suavissimam
1739 3078 1862 3118 pedum
1886 3079 2094 3119 famulitium
2117 3089 2143 3111 s.
2171 3097 2177 3104 κ
2203 3110 2230 3117 ,
2263 3078 2269 3082 ’

1275 3127 1424 3156 mentum
1441 3125 1536 3156 nobis
1554 3124 1735 3156 ridiculum
1754 3125 1926 3158 videretur
1944 3127 2076 3168 utique.

1344 3188 1352 3201 ‘
1366 3189 1598 3240 Υπηρέτης
1616 3194 1821 3227 administer.
1851 3194 1915 3229 οὑκ
1937 3195 1954 3230 ἐ
1978 3200 2007 3230 ῶ
2025 3193 2152 3242 Φοίβου
2174 3203 2233 3240 τῇ,

1278 3238 1395 3281 αὑτοῦ,
1423 3245 1492 3274 τῶν
1511 3239 1538 3273 δ’
1554 3239 1625 3287 ὑπη
1649 3246 1734 3275 ετῶν
1752 3239 1820 3275 ἄπο
1838 3244 1896 3275 OR
1910 3241 1950 3275 71
1982 3269 1989 3275 .
2018 3241 2197 3288 ὑπουργεῖν
2243 3270 2277 3293 4

1277 3284 1452 3333 ὑπηρέτης
1486 3286 1585 3335 πάρει
1638 3287 1706 3331 δεῖ)
1737 3289 1799 3321 Ph.
1829 3287 1885 3323 53.
1929 3291 2112 3323 adiutorem
2141 3297 2274 3337 014

1276 3334 1416 3375 Herm.,
1457 3344 1522 3376 quo
1548 3345 1614 3368 non
1640 3346 1741 3377 opus3
1782 3346 1848 3369 non
1870 3338 1974 3378 magis
1999 3347 2083 3378 opus
2106 3336 2274 3380 mei-„³22

1277 3382 1430 3423 quamvis
1448 3382 1597 3422 eleganti
1614 3384 1806 3416 coniectura
1831 3382 1894 3422 οἷς.
1988 3382 2039 3428 (ΙΙ
2055 3394 2088 3426 p.
2109 3379 2186 3425 878,
2200 3383 2274 3430 ἶ
