<?xml version="1.0" encoding="UTF-8"?>
<!DOCTYPE html PUBLIC "-//W3C//DTD XHTML 1.0 Transitional//EN"
    "http://www.w3.org/TR/xhtml1/DTD/xhtml1-transitional.dtd">
<html xmlns="http://www.w3.org/1999/xhtml" xml:lang="en" lang="en">
 <head>
  <title>
</title>
<meta http-equiv="Content-Type" content="text/html;charset=utf-8" />
  <meta name='ocr-system' content='tesseract 3.04.00' />
  <meta name='ocr-capabilities' content='ocr_page ocr_carea ocr_par ocr_line ocrx_word'/>
</head>
<body>
  <div class='ocr_page' id='page_1' title='image "./lexiconsophocleu00elleuoft_0300.png"; bbox 0 0 2288 3600; ppageno 0'>
   <div class='ocr_carea' id='block_1_1' title="bbox 274 133 368 182">
    <p class='ocr_par' dir='ltr' id='par_1_1' title="bbox 274 133 368 182">
     <span class='ocr_line' id='line_1_1' title="bbox 274 133 368 182; baseline 0.011 -1"><span class='ocrx_word' id='word_1_1' title='bbox 274 133 368 182; x_wconf 84' lang='lat'>132</span> 
     </span>
    </p>
   </div>
   <div class='ocr_carea' id='block_1_2' title="bbox 269 246 1289 486">
    <p class='ocr_par' dir='ltr' id='par_1_2' title="bbox 269 246 1289 486">
     <span class='ocr_line' id='line_1_2' title="bbox 272 246 1289 296; baseline -0.003 -14"><span class='ocrx_word' id='word_1_2' title='bbox 272 250 319 287; x_wconf 83' lang='grc' dir='ltr'>ώς</span> <span class='ocrx_word' id='word_1_3' title='bbox 337 247 495 296; x_wconf 75' lang='grc' dir='ltr'>προσεῖδε</span> <span class='ocrx_word' id='word_1_4' title='bbox 511 248 592 283; x_wconf 83' lang='grc' dir='ltr'>τοὺς</span> <span class='ocrx_word' id='word_1_5' title='bbox 609 247 704 283; x_wconf 83' lang='grc' dir='ltr'>ἔνδον</span> <span class='ocrx_word' id='word_1_6' title='bbox 722 248 855 296; x_wconf 87' lang='grc' dir='ltr'>γάμους</span> <span class='ocrx_word' id='word_1_7' title='bbox 873 249 928 280; x_wconf 83' lang='lat' dir='ltr'>Tr.</span> <span class='ocrx_word' id='word_1_8' title='bbox 954 246 1055 281; x_wconf 85' lang='grc'>1139.</span> <span class='ocrx_word' id='word_1_9' title='bbox 1093 250 1164 281; x_wconf 78' lang='lat' dir='ltr'>Hoc</span> <span class='ocrx_word' id='word_1_10' title='bbox 1182 258 1289 280; x_wconf 90' lang='lat' dir='ltr'>unum</span> 
     </span>
     <span class='ocr_line' id='line_1_3' title="bbox 272 296 1289 339; baseline -0.002 -11"><span class='ocrx_word' id='word_1_11' title='bbox 272 298 466 339; x_wconf 80' lang='lat' dir='ltr'>exemplum</span> <span class='ocrx_word' id='word_1_12' title='bbox 484 302 554 338; x_wconf 86' lang='lat' dir='ltr'>est,</span> <span class='ocrx_word' id='word_1_13' title='bbox 580 306 645 338; x_wconf 87' lang='lat' dir='ltr'>quo</span> <span class='ocrx_word' id='word_1_14' title='bbox 663 307 730 329; x_wconf 88' lang='lat' dir='ltr'>non</span> <span class='ocrx_word' id='word_1_15' title='bbox 747 298 1008 337; x_wconf 76' lang='lat' dir='ltr'><em>matrimonium,</em></span> <span class='ocrx_word' id='word_1_16' title='bbox 1029 296 1088 327; x_wconf 86' lang='lat' dir='ltr'>sed</span> <span class='ocrx_word' id='word_1_17' title='bbox 1106 298 1224 327; x_wconf 59' lang='lat' dir='ltr'>coniux</span> <span class='ocrx_word' id='word_1_18' title='bbox 1242 297 1289 327; x_wconf 89' lang='lat' dir='ltr'>si-</span> 
     </span>
     <span class='ocr_line' id='line_1_4' title="bbox 272 340 1283 386; baseline -0.002 -10"><span class='ocrx_word' id='word_1_19' title='bbox 272 346 459 385; x_wconf 81' lang='lat' dir='ltr'>gnificatur.</span> <span class='ocrx_word' id='word_1_20' title='bbox 505 346 548 376; x_wconf 89' lang='lat' dir='ltr'>V.</span> <span class='ocrx_word' id='word_1_21' title='bbox 578 346 693 386; x_wconf 86' lang='lat' dir='ltr'>lntpp.</span> <span class='ocrx_word' id='word_1_22' title='bbox 725 344 906 385; x_wconf 85' lang='lat' dir='ltr'>Tryphiod.</span> <span class='ocrx_word' id='word_1_23' title='bbox 935 354 970 385; x_wconf 85' lang='lat' dir='ltr'>p.</span> <span class='ocrx_word' id='word_1_24' title='bbox 1002 340 1068 375; x_wconf 88' lang='grc'>182</span> <span class='ocrx_word' id='word_1_25' title='bbox 1086 344 1138 375; x_wconf 89' lang='lat' dir='ltr'>ed.</span> <span class='ocrx_word' id='word_1_26' title='bbox 1170 343 1283 374; x_wconf 91' lang='lat' dir='ltr'>Wern.</span> 
     </span>
     <span class='ocr_line' id='line_1_5' title="bbox 272 387 1289 438; baseline -0.002 -13"><span class='ocrx_word' id='word_1_27' title='bbox 272 390 400 438; x_wconf 77' lang='grc' dir='ltr'>ἔγημεν</span> <span class='ocrx_word' id='word_1_28' title='bbox 425 389 598 438; x_wconf 77' lang='grc' dir='ltr'>ἀφθόνους</span> <span class='ocrx_word' id='word_1_29' title='bbox 621 391 753 438; x_wconf 80' lang='grc' dir='ltr'>γάμους</span> <span class='ocrx_word' id='word_1_30' title='bbox 778 392 880 423; x_wconf 85' lang='lat' dir='ltr'>Troil.</span> <span class='ocrx_word' id='word_1_31' title='bbox 902 392 943 423; x_wconf 83' lang='lat' dir='ltr'>fr.</span> <span class='ocrx_word' id='word_1_32' title='bbox 965 388 1045 430; x_wconf 82' lang='grc'>548,</span> <span class='ocrx_word' id='word_1_33' title='bbox 1070 389 1084 422; x_wconf 99' lang='grc'>1</span> <span class='ocrx_word' id='word_1_34' title='bbox 1140 387 1289 436; x_wconf 85' lang='grc' dir='ltr'>[ἀφθόγ-</span> 
     </span>
     <span class='ocr_line' id='line_1_6' title="bbox 269 439 576 486; baseline -0.003 -14"><span class='ocrx_word' id='word_1_35' title='bbox 269 445 351 486; x_wconf 78' lang='grc' dir='ltr'>γους</span> <span class='ocrx_word' id='word_1_36' title='bbox 366 440 419 471; x_wconf 88' lang='lat' dir='ltr'>ed.</span> <span class='ocrx_word' id='word_1_37' title='bbox 441 439 576 481; x_wconf 79' lang='lat' dir='ltr'>Dind.].</span> 
     </span>
    </p>
   </div>
   <div class='ocr_carea' id='block_1_3' title="bbox 271 529 1289 722">
    <p class='ocr_par' dir='ltr' id='par_1_3' title="bbox 271 529 1289 722">
     <span class='ocr_line' id='line_1_7' title="bbox 342 529 1289 579; baseline -0.001 -13"><span class='ocrx_word' id='word_1_38' title='bbox 342 529 368 566; x_wconf 90' lang='grc' dir='ltr'>Γ</span> <span class='ocrx_word' id='word_1_39' title='bbox 379 544 400 566; x_wconf 93' lang='grc' dir='ltr'>α</span> <span class='ocrx_word' id='word_1_40' title='bbox 411 531 506 579; x_wconf 86' lang='grc' dir='ltr'>μψῶ</span> <span class='ocrx_word' id='word_1_41' title='bbox 516 544 533 566; x_wconf 91' lang='grc' dir='ltr'>ν</span> <span class='ocrx_word' id='word_1_42' title='bbox 544 531 590 573; x_wconf 79' lang='grc' dir='ltr'>υΕ</span> <span class='ocrx_word' id='word_1_43' title='bbox 614 533 752 565; x_wconf 77' lang='lat' dir='ltr'><em>aduncis</em></span> <span class='ocrx_word' id='word_1_44' title='bbox 776 533 955 573; x_wconf 71' lang='lat' dir='ltr'>unquibus.</span> <span class='ocrx_word' id='word_1_45' title='bbox 991 530 1052 565; x_wconf 88' lang='grc' dir='ltr'>τάν</span> <span class='ocrx_word' id='word_1_46' title='bbox 1070 530 1289 578; x_wconf 84' lang='grc' dir='ltr'>γαμψώνυχα</span> 
     </span>
     <span class='ocr_line' id='line_1_8' title="bbox 271 576 1284 627; baseline -0.004 -13"><span class='ocrx_word' id='word_1_47' title='bbox 271 577 440 627; x_wconf 80' lang='grc' dir='ltr'>παρθένον</span> <span class='ocrx_word' id='word_1_48' title='bbox 471 578 683 626; x_wconf 86' lang='grc' dir='ltr'>χρησμῳδόν</span> <span class='ocrx_word' id='word_1_49' title='bbox 716 580 774 612; x_wconf 81' lang='lat' dir='ltr'>OR</span> <span class='ocrx_word' id='word_1_50' title='bbox 811 576 899 611; x_wconf 82' lang='lat'>1199</span> <span class='ocrx_word' id='word_1_51' title='bbox 925 581 976 611; x_wconf 81' lang='lat' dir='ltr'>eh.</span> <span class='ocrx_word' id='word_1_52' title='bbox 1007 580 1197 620; x_wconf 76' lang='lat' dir='ltr'>Sphinyem.</span> <span class='ocrx_word' id='word_1_53' title='bbox 1242 581 1284 611; x_wconf 87' lang='lat' dir='ltr'>V.</span> 
     </span>
     <span class='ocr_line' id='line_1_9' title="bbox 271 624 1285 672; baseline -0.002 -12"><span class='ocrx_word' id='word_1_54' title='bbox 271 629 388 661; x_wconf 80' lang='lat' dir='ltr'>Valok.</span> <span class='ocrx_word' id='word_1_55' title='bbox 410 628 451 660; x_wconf 82' lang='lat' dir='ltr'>ad</span> <span class='ocrx_word' id='word_1_56' title='bbox 468 628 594 660; x_wconf 81' lang='lat' dir='ltr'>Phoen.</span> <span class='ocrx_word' id='word_1_57' title='bbox 619 624 720 660; x_wconf 86' lang='lat'>1030.</span> <span class='ocrx_word' id='word_1_58' title='bbox 741 645 780 651; x_wconf 93' lang='lat'>—</span> <span class='ocrx_word' id='word_1_59' title='bbox 798 627 893 659; x_wconf 80' lang='lat' dir='ltr'>Falso</span> <span class='ocrx_word' id='word_1_60' title='bbox 912 628 1069 659; x_wconf 82' lang='lat' dir='ltr'><strong>scribitur</strong></span> <span class='ocrx_word' id='word_1_61' title='bbox 1085 624 1285 672; x_wconf 77' lang='grc' dir='ltr'>γαμψώνυξ,</span> 
     </span>
     <span class='ocr_line' id='line_1_10' title="bbox 271 673 611 722; baseline 0 -14"><span class='ocrx_word' id='word_1_62' title='bbox 271 673 428 722; x_wconf 78' lang='grc' dir='ltr'>ἀκρώνυξ</span> <span class='ocrx_word' id='word_1_63' title='bbox 443 673 611 721; x_wconf 83' lang='grc' dir='ltr'>κατώρυξ.</span> 
     </span>
    </p>
   </div>
   <div class='ocr_carea' id='block_1_4' title="bbox 246 763 1294 3457">
    <p class='ocr_par' dir='ltr' id='par_1_4' title="bbox 246 763 1294 3457">
     <span class='ocr_line' id='line_1_11' title="bbox 343 763 1288 816; baseline -0.004 -13"><span class='ocrx_word' id='word_1_64' title='bbox 343 763 427 816; x_wconf 88' lang='grc' dir='ltr'>Γάρ</span> <span class='ocrx_word' id='word_1_65' title='bbox 452 771 618 811; x_wconf 86' lang='lat' dir='ltr'>particula</span> <span class='ocrx_word' id='word_1_66' title='bbox 643 779 709 801; x_wconf 87' lang='lat' dir='ltr'>non</span> <span class='ocrx_word' id='word_1_67' title='bbox 728 779 845 801; x_wconf 84' lang='lat' dir='ltr'>causae</span> <span class='ocrx_word' id='word_1_68' title='bbox 864 770 1052 801; x_wconf 87' lang='lat' dir='ltr'>afferendae</span> <span class='ocrx_word' id='word_1_69' title='bbox 1078 769 1137 800; x_wconf 90' lang='lat' dir='ltr'>sed</span> <span class='ocrx_word' id='word_1_70' title='bbox 1153 768 1288 799; x_wconf 81' lang='lat' dir='ltr'>demon-</span> 
     </span>
     <span class='ocr_line' id='line_1_12' title="bbox 272 816 1284 849; baseline -0.001 -1"><span class='ocrx_word' id='word_1_71' title='bbox 272 817 426 849; x_wconf 63' lang='lat' dir='ltr'>ecrandae</span> <span class='ocrx_word' id='word_1_72' title='bbox 458 818 505 848; x_wconf 73' lang='lat' dir='ltr'>rei</span> <span class='ocrx_word' id='word_1_73' title='bbox 538 817 692 849; x_wconf 75' lang='lat' dir='ltr'><em>adhibitis</em></span> <span class='ocrx_word' id='word_1_74' title='bbox 724 817 905 849; x_wconf 76' lang='lat' dir='ltr'>rationibus</span> <span class='ocrx_word' id='word_1_75' title='bbox 939 816 1064 848; x_wconf 78' lang='lat' dir='ltr'><em>idoneis</em></span> <span class='ocrx_word' id='word_1_76' title='bbox 1090 816 1284 848; x_wconf 77' lang='lat' dir='ltr'>constituta.</span> 
     </span>
     <span class='ocr_line' id='line_1_13' title="bbox 271 864 1289 904; baseline -0.002 -8"><span class='ocrx_word' id='word_1_77' title='bbox 271 865 343 896; x_wconf 78' lang='lat' dir='ltr'>Hoc</span> <span class='ocrx_word' id='word_1_78' title='bbox 366 869 456 896; x_wconf 83' lang='lat' dir='ltr'>recte</span> <span class='ocrx_word' id='word_1_79' title='bbox 473 864 639 904; x_wconf 86' lang='lat' dir='ltr'>Hartung.</span> <span class='ocrx_word' id='word_1_80' title='bbox 669 868 780 896; x_wconf 81' lang='lat' dir='ltr'>cetera</span> <span class='ocrx_word' id='word_1_81' title='bbox 805 865 910 895; x_wconf 87' lang='lat' dir='ltr'>multa</span> <span class='ocrx_word' id='word_1_82' title='bbox 930 865 1099 895; x_wconf 79' lang='lat' dir='ltr'>inutiliter</span> <span class='ocrx_word' id='word_1_83' title='bbox 1116 867 1289 904; x_wconf 82' lang='lat' dir='ltr'>argutatus</span> 
     </span>
     <span class='ocr_line' id='line_1_14' title="bbox 272 908 1290 952; baseline -0.002 -9"><span class='ocrx_word' id='word_1_84' title='bbox 272 912 313 943; x_wconf 87' lang='lat' dir='ltr'>de</span> <span class='ocrx_word' id='word_1_85' title='bbox 331 912 451 944; x_wconf 81' lang='lat' dir='ltr'>Partic.</span> <span class='ocrx_word' id='word_1_86' title='bbox 474 912 512 943; x_wconf 90' lang='lat' dir='ltr'>L.</span> <span class='ocrx_word' id='word_1_87' title='bbox 535 912 590 944; x_wconf 85' lang='lat' dir='ltr'>Gr.</span> <span class='ocrx_word' id='word_1_88' title='bbox 612 910 643 952; x_wconf 91' lang='lat'>1,</span> <span class='ocrx_word' id='word_1_89' title='bbox 663 908 745 943; x_wconf 89' lang='grc'>458.</span> <span class='ocrx_word' id='word_1_90' title='bbox 781 912 865 942; x_wconf 88' lang='lat' dir='ltr'>Nam</span> <span class='ocrx_word' id='word_1_91' title='bbox 883 921 949 943; x_wconf 87' lang='lat' dir='ltr'>non</span> <span class='ocrx_word' id='word_1_92' title='bbox 966 916 1164 951; x_wconf 84' lang='lat' dir='ltr'>argumenta</span> <span class='ocrx_word' id='word_1_93' title='bbox 1182 910 1290 942; x_wconf 88' lang='lat' dir='ltr'>solum</span> 
     </span>
     <span class='ocr_line' id='line_1_15' title="bbox 272 957 1289 1005; baseline -0.002 -15"><span class='ocrx_word' id='word_1_94' title='bbox 272 960 517 991; x_wconf 86' lang='lat' dir='ltr'>sententiarum</span> <span class='ocrx_word' id='word_1_95' title='bbox 547 961 644 1000; x_wconf 91' lang='lat' dir='ltr'>ponit</span> <span class='ocrx_word' id='word_1_96' title='bbox 668 957 751 1005; x_wconf 84' lang='grc' dir='ltr'>γάρ,</span> <span class='ocrx_word' id='word_1_97' title='bbox 804 959 860 990; x_wconf 86' lang='lat' dir='ltr'>sed</span> <span class='ocrx_word' id='word_1_98' title='bbox 895 960 997 990; x_wconf 87' lang='lat' dir='ltr'>etiam</span> <span class='ocrx_word' id='word_1_99' title='bbox 1030 959 1289 999; x_wconf 83' lang='lat' dir='ltr'>explicationem</span> 
     </span>
     <span class='ocr_line' id='line_1_16' title="bbox 271 1005 1289 1047; baseline -0.003 -9"><span class='ocrx_word' id='word_1_100' title='bbox 271 1007 551 1047; x_wconf 81' lang='lat' dir='ltr'>praecedentibus</span> <span class='ocrx_word' id='word_1_101' title='bbox 572 1007 760 1038; x_wconf 83' lang='lat' dir='ltr'>uberiorem</span> <span class='ocrx_word' id='word_1_102' title='bbox 786 1006 877 1038; x_wconf 82' lang='lat' dir='ltr'>addit</span> <span class='ocrx_word' id='word_1_103' title='bbox 894 1010 929 1037; x_wconf 89' lang='lat' dir='ltr'>et</span> <span class='ocrx_word' id='word_1_104' title='bbox 947 1006 1193 1038; x_wconf 85' lang='lat' dir='ltr'>ratiocinationi</span> <span class='ocrx_word' id='word_1_105' title='bbox 1210 1005 1289 1036; x_wconf 88' lang='lat' dir='ltr'>inde</span> 
     </span>
     <span class='ocr_line' id='line_1_17' title="bbox 272 1050 1288 1097; baseline -0.002 -12"><span class='ocrx_word' id='word_1_106' title='bbox 272 1054 444 1085; x_wconf 82' lang='lat' dir='ltr'>faciendae</span> <span class='ocrx_word' id='word_1_107' title='bbox 480 1055 584 1085; x_wconf 86' lang='lat' dir='ltr'>servit</span> <span class='ocrx_word' id='word_1_108' title='bbox 609 1053 648 1097; x_wconf 82' lang='lat' dir='ltr'>(l.</span> <span class='ocrx_word' id='word_1_109' title='bbox 678 1064 706 1085; x_wconf 86' lang='lat' dir='ltr'>e.</span> <span class='ocrx_word' id='word_1_110' title='bbox 734 1063 767 1094; x_wconf 89' lang='lat' dir='ltr'>p.</span> <span class='ocrx_word' id='word_1_111' title='bbox 797 1050 895 1097; x_wconf 80' lang='grc'>462).</span> <span class='ocrx_word' id='word_1_112' title='bbox 932 1053 946 1095; x_wconf 78' lang='grc' dir='ltr'>ΙΙ</span> <span class='ocrx_word' id='word_1_113' title='bbox 978 1055 1165 1085; x_wconf 88' lang='lat' dir='ltr'>Plurimum</span> <span class='ocrx_word' id='word_1_114' title='bbox 1190 1061 1288 1093; x_wconf 90' lang='lat' dir='ltr'>prae-</span> 
     </span>
     <span class='ocr_line' id='line_1_18' title="bbox 274 1101 1285 1142; baseline -0.001 -10"><span class='ocrx_word' id='word_1_115' title='bbox 274 1102 421 1132; x_wconf 82' lang='lat' dir='ltr'>mittitur</span> <span class='ocrx_word' id='word_1_116' title='bbox 445 1105 481 1132; x_wconf 89' lang='lat' dir='ltr'>et</span> <span class='ocrx_word' id='word_1_117' title='bbox 504 1101 755 1142; x_wconf 84' lang='lat' dir='ltr'>pronuntiatur,</span> <span class='ocrx_word' id='word_1_118' title='bbox 785 1102 873 1141; x_wconf 86' lang='lat' dir='ltr'>quod</span> <span class='ocrx_word' id='word_1_119' title='bbox 889 1101 1185 1132; x_wconf 87' lang='lat' dir='ltr'>demonstrandum</span> <span class='ocrx_word' id='word_1_120' title='bbox 1203 1103 1285 1140; x_wconf 86' lang='lat' dir='ltr'>erat,</span> 
     </span>
     <span class='ocr_line' id='line_1_19' title="bbox 273 1149 1287 1188; baseline -0.001 -9"><span class='ocrx_word' id='word_1_121' title='bbox 273 1154 307 1179; x_wconf 82' lang='lat' dir='ltr'>et</span> <span class='ocrx_word' id='word_1_122' title='bbox 324 1154 562 1188; x_wconf 83' lang='lat' dir='ltr'>argumentum</span> <span class='ocrx_word' id='word_1_123' title='bbox 585 1153 620 1179; x_wconf 88' lang='lat' dir='ltr'>et</span> <span class='ocrx_word' id='word_1_124' title='bbox 644 1158 697 1179; x_wconf 89' lang='lat' dir='ltr'>res</span> <span class='ocrx_word' id='word_1_125' title='bbox 715 1158 752 1180; x_wconf 89' lang='lat' dir='ltr'>eo</span> <span class='ocrx_word' id='word_1_126' title='bbox 770 1149 994 1180; x_wconf 83' lang='lat' dir='ltr'>demonstrata</span> <span class='ocrx_word' id='word_1_127' title='bbox 1011 1149 1190 1180; x_wconf 79' lang='lat' dir='ltr'>manifesto</span> <span class='ocrx_word' id='word_1_128' title='bbox 1208 1156 1287 1178; x_wconf 79' lang='lat' dir='ltr'>eon-</span> 
     </span>
     <span class='ocr_line' id='line_1_20' title="bbox 273 1193 1288 1236; baseline -0.001 -10"><span class='ocrx_word' id='word_1_129' title='bbox 273 1199 357 1227; x_wconf 87' lang='lat' dir='ltr'>stat:</span> <span class='ocrx_word' id='word_1_130' title='bbox 387 1199 426 1226; x_wconf 91' lang='lat' dir='ltr'>ut</span> <span class='ocrx_word' id='word_1_131' title='bbox 442 1196 576 1227; x_wconf 52' lang='lat' dir='ltr'>inverea</span> <span class='ocrx_word' id='word_1_132' title='bbox 594 1197 741 1227; x_wconf 87' lang='lat' dir='ltr'>oratione</span> <span class='ocrx_word' id='word_1_133' title='bbox 768 1193 901 1236; x_wconf 86' lang='grc' dir='ltr'>διότι,</span> <span class='ocrx_word' id='word_1_134' title='bbox 931 1195 1017 1236; x_wconf 82' lang='lat' dir='ltr'>quod</span> <span class='ocrx_word' id='word_1_135' title='bbox 1034 1202 1112 1236; x_wconf 84' lang='lat' dir='ltr'>apte</span> <span class='ocrx_word' id='word_1_136' title='bbox 1130 1196 1288 1234; x_wconf 83' lang='lat' dir='ltr'>subroge—</span> 
     </span>
     <span class='ocr_line' id='line_1_21' title="bbox 271 1237 1289 1321; baseline 0 -47"><span class='ocrx_word' id='word_1_137' title='bbox 271 1247 338 1275; x_wconf 87' lang='lat' dir='ltr'>tur.</span> <span class='ocrx_word' id='word_1_138' title='bbox 376 1237 500 1276; x_wconf 74' lang='grc' dir='ltr'>δέδοικ’</span> <span class='ocrx_word' id='word_1_139' title='bbox 518 1241 586 1289; x_wconf 83' lang='grc' dir='ltr'>ἐγὼ</span> <span class='ocrx_word' id='word_1_140' title='bbox 604 1241 653 1288; x_wconf 90' lang='grc' dir='ltr'>μή</span> <span class='ocrx_word' id='word_1_141' title='bbox 675 1252 734 1286; x_wconf 94' lang='grc' dir='ltr'>μοι</span> <span class='ocrx_word' id='word_1_142' title='bbox 752 1240 884 1321; x_wconf 48' lang='grc' dir='ltr'>βεβήκῃ</span> <span class='ocrx_word' id='word_1_143' title='bbox 899 1252 905 1259; x_wconf 93' lang='grc'>·</span> <span class='ocrx_word' id='word_1_144' title='bbox 933 1240 1047 1276; x_wconf 82' lang='grc' dir='ltr'>πολλὰ</span> <span class='ocrx_word' id='word_1_145' title='bbox 1064 1241 1128 1289; x_wconf 86' lang='grc' dir='ltr'>γὰρ</span> <span class='ocrx_word' id='word_1_146' title='bbox 1144 1244 1218 1275; x_wconf 78' lang='grc' dir='ltr'>τοῖς</span> <span class='ocrx_word' id='word_1_147' title='bbox 1237 1241 1289 1287; x_wconf 88' lang='grc' dir='ltr'>ἱγ-</span> 
     </span>
     <span class='ocr_line' id='line_1_22' title="bbox 273 1287 1288 1336; baseline 0.001 -14"><span class='ocrx_word' id='word_1_148' title='bbox 273 1288 388 1334; x_wconf 82' lang='grc' dir='ltr'>μένοις</span> <span class='ocrx_word' id='word_1_149' title='bbox 405 1287 563 1323; x_wconf 80' lang='grc' dir='ltr'>ἔστελλον</span> <span class='ocrx_word' id='word_1_150' title='bbox 581 1288 683 1323; x_wconf 83' lang='grc' dir='ltr'>αὐτόν</span> <span class='ocrx_word' id='word_1_151' title='bbox 697 1290 757 1321; x_wconf 93' lang='lat' dir='ltr'>Ph.</span> <span class='ocrx_word' id='word_1_152' title='bbox 773 1287 818 1322; x_wconf 90' lang='grc'>49</span> <span class='ocrx_word' id='word_1_153' title='bbox 848 1315 854 1322; x_wconf 92' lang='grc'>.</span> <span class='ocrx_word' id='word_1_154' title='bbox 882 1288 1042 1334; x_wconf 79' lang='grc' dir='ltr'>πλέωμεν</span> <span class='ocrx_word' id='word_1_155' title='bbox 1058 1289 1107 1336; x_wconf 85' lang='grc' dir='ltr'>χή</span> <span class='ocrx_word' id='word_1_156' title='bbox 1126 1292 1207 1326; x_wconf 90' lang='grc' dir='ltr'>ναῦς</span> <span class='ocrx_word' id='word_1_157' title='bbox 1225 1289 1288 1335; x_wconf 85' lang='grc' dir='ltr'>γὰρ</span> 
     </span>
     <span class='ocr_line' id='line_1_23' title="bbox 271 1331 1289 1383; baseline -0.001 -13"><span class='ocrx_word' id='word_1_158' title='bbox 271 1334 343 1377; x_wconf 80' lang='grc' dir='ltr'>ἄξει</span> <span class='ocrx_word' id='word_1_159' title='bbox 357 1334 435 1369; x_wconf 85' lang='grc'>527.</span> <span class='ocrx_word' id='word_1_160' title='bbox 466 1335 503 1370; x_wconf 91' lang='grc' dir='ltr'>σέ</span> <span class='ocrx_word' id='word_1_161' title='bbox 520 1331 549 1383; x_wconf 78' lang='grc' dir='ltr'>γ7</span> <span class='ocrx_word' id='word_1_162' title='bbox 567 1335 702 1377; x_wconf 78' lang='grc' dir='ltr'>εἰσάξω.</span> <span class='ocrx_word' id='word_1_163' title='bbox 730 1335 770 1370; x_wconf 84' lang='grc' dir='ltr'>τὸ</span> <span class='ocrx_word' id='word_1_164' title='bbox 787 1335 851 1383; x_wconf 79' lang='grc' dir='ltr'>γὰρ</span> <span class='ocrx_word' id='word_1_165' title='bbox 869 1339 990 1370; x_wconf 81' lang='grc' dir='ltr'>νοσοῦν</span> <span class='ocrx_word' id='word_1_166' title='bbox 1009 1337 1112 1371; x_wconf 89' lang='grc' dir='ltr'>ποθεῖ</span> <span class='ocrx_word' id='word_1_167' title='bbox 1138 1348 1174 1370; x_wconf 90' lang='grc' dir='ltr'>σε</span> <span class='ocrx_word' id='word_1_168' title='bbox 1202 1335 1289 1382; x_wconf 82' lang='grc' dir='ltr'>ξυμ-</span> 
     </span>
     <span class='ocr_line' id='line_1_24' title="bbox 273 1381 1288 1431; baseline -0.002 -14"><span class='ocrx_word' id='word_1_169' title='bbox 273 1383 491 1430; x_wconf 88' lang='grc' dir='ltr'>παραστάτην</span> <span class='ocrx_word' id='word_1_170' title='bbox 509 1382 628 1429; x_wconf 80' lang='grc' dir='ltr'>λαβεῖν</span> <span class='ocrx_word' id='word_1_171' title='bbox 646 1381 725 1416; x_wconf 88' lang='grc'>674.</span> <span class='ocrx_word' id='word_1_172' title='bbox 764 1383 877 1423; x_wconf 77' lang='grc' dir='ltr'>στάζει</span> <span class='ocrx_word' id='word_1_173' title='bbox 895 1382 958 1431; x_wconf 87' lang='grc' dir='ltr'>γὰρ</span> <span class='ocrx_word' id='word_1_174' title='bbox 978 1382 1020 1418; x_wconf 82' lang='grc' dir='ltr'>αὖ</span> <span class='ocrx_word' id='word_1_175' title='bbox 1038 1383 1126 1430; x_wconf 86' lang='grc' dir='ltr'>αἷμα</span> <span class='ocrx_word' id='word_1_176' title='bbox 1142 1381 1230 1424; x_wconf 88' lang='grc'>783,</span> <span class='ocrx_word' id='word_1_177' title='bbox 1261 1386 1288 1416; x_wconf 89' lang='lat' dir='ltr'>si</span> 
     </span>
     <span class='ocr_line' id='line_1_25' title="bbox 272 1425 1289 1477; baseline 0.002 -14"><span class='ocrx_word' id='word_1_178' title='bbox 272 1432 392 1464; x_wconf 83' lang='lat' dir='ltr'>mutila</span> <span class='ocrx_word' id='word_1_179' title='bbox 415 1434 585 1463; x_wconf 80' lang='lat' dir='ltr'>sententia</span> <span class='ocrx_word' id='word_1_180' title='bbox 610 1436 700 1463; x_wconf 84' lang='lat' dir='ltr'>reete</span> <span class='ocrx_word' id='word_1_181' title='bbox 717 1433 863 1471; x_wconf 85' lang='lat' dir='ltr'>intelligi</span> <span class='ocrx_word' id='word_1_182' title='bbox 882 1437 1002 1472; x_wconf 84' lang='lat' dir='ltr'>potest.</span> <span class='ocrx_word' id='word_1_183' title='bbox 1031 1431 1088 1465; x_wconf 86' lang='grc' dir='ltr'>τὸν</span> <span class='ocrx_word' id='word_1_184' title='bbox 1106 1425 1199 1477; x_wconf 75' lang='grc' dir='ltr'>ἄνδρ’</span> <span class='ocrx_word' id='word_1_185' title='bbox 1217 1430 1289 1465; x_wconf 80' lang='grc' dir='ltr'>ἔοι-</span> 
     </span>
     <span class='ocr_line' id='line_1_26' title="bbox 271 1476 1288 1525; baseline 0 -13"><span class='ocrx_word' id='word_1_186' title='bbox 271 1489 330 1512; x_wconf 87' lang='grc' dir='ltr'>κεν</span> <span class='ocrx_word' id='word_1_187' title='bbox 356 1476 460 1516; x_wconf 78' lang='grc' dir='ltr'>ὕπνος</span> <span class='ocrx_word' id='word_1_188' title='bbox 488 1476 583 1518; x_wconf 77' lang='grc' dir='ltr'>ἕξειν.</span> <span class='ocrx_word' id='word_1_189' title='bbox 627 1478 719 1525; x_wconf 88' lang='grc' dir='ltr'>κάρα</span> <span class='ocrx_word' id='word_1_190' title='bbox 742 1477 806 1525; x_wconf 83' lang='grc' dir='ltr'>γὰρ</span> <span class='ocrx_word' id='word_1_191' title='bbox 833 1477 1028 1518; x_wconf 74' lang='grc' dir='ltr'>ὑπτιάζεται</span> <span class='ocrx_word' id='word_1_192' title='bbox 1052 1477 1134 1512; x_wconf 89' lang='grc'>822.</span> <span class='ocrx_word' id='word_1_193' title='bbox 1177 1477 1288 1525; x_wconf 88' lang='grc' dir='ltr'>θήραν</span> 
     </span>
     <span class='ocr_line' id='line_1_27' title="bbox 272 1523 1290 1573; baseline 0 -14"><span class='ocrx_word' id='word_1_194' title='bbox 272 1523 380 1563; x_wconf 83' lang='grc' dir='ltr'>ἀλίως</span> <span class='ocrx_word' id='word_1_195' title='bbox 398 1524 524 1572; x_wconf 82' lang='grc' dir='ltr'>ἔχομεν</span> <span class='ocrx_word' id='word_1_196' title='bbox 537 1535 545 1542; x_wconf 88' lang='grc'>·</span> <span class='ocrx_word' id='word_1_197' title='bbox 571 1525 672 1559; x_wconf 89' lang='grc' dir='ltr'>τοῦδε</span> <span class='ocrx_word' id='word_1_198' title='bbox 689 1525 753 1572; x_wconf 87' lang='grc' dir='ltr'>γὰρ</span> <span class='ocrx_word' id='word_1_199' title='bbox 771 1526 788 1560; x_wconf 91' lang='lat'>6</span> <span class='ocrx_word' id='word_1_200' title='bbox 809 1526 973 1573; x_wconf 79' lang='grc' dir='ltr'>στέφανος</span> <span class='ocrx_word' id='word_1_201' title='bbox 990 1524 1056 1559; x_wconf 94' lang='grc'>841</span> <span class='ocrx_word' id='word_1_202' title='bbox 1077 1537 1122 1558; x_wconf 89' lang='lat' dir='ltr'>m.</span> <span class='ocrx_word' id='word_1_203' title='bbox 1159 1524 1290 1560; x_wconf 78' lang='grc' dir='ltr'>οἴσουσί</span> 
     </span>
     <span class='ocr_line' id='line_1_28' title="bbox 273 1571 1286 1621; baseline 0.001 -15"><span class='ocrx_word' id='word_1_204' title='bbox 273 1571 302 1606; x_wconf 79' lang='grc' dir='ltr'>σ’</span> <span class='ocrx_word' id='word_1_205' title='bbox 320 1571 408 1607; x_wconf 80' lang='grc' dir='ltr'>οἵδε·</span> <span class='ocrx_word' id='word_1_206' title='bbox 441 1575 502 1606; x_wconf 87' lang='grc' dir='ltr'>τοῦ</span> <span class='ocrx_word' id='word_1_207' title='bbox 527 1572 631 1608; x_wconf 89' lang='grc' dir='ltr'>πόνου</span> <span class='ocrx_word' id='word_1_208' title='bbox 656 1572 719 1620; x_wconf 86' lang='grc' dir='ltr'>γὰρ</span> <span class='ocrx_word' id='word_1_209' title='bbox 744 1572 808 1607; x_wconf 87' lang='grc' dir='ltr'>οὐκ</span> <span class='ocrx_word' id='word_1_210' title='bbox 825 1571 926 1611; x_wconf 87' lang='grc' dir='ltr'>ὄκνος</span> <span class='ocrx_word' id='word_1_211' title='bbox 943 1572 1023 1606; x_wconf 91' lang='grc'>887.</span> <span class='ocrx_word' id='word_1_212' title='bbox 1054 1572 1121 1621; x_wconf 79' lang='grc' dir='ltr'>οὐχ</span> <span class='ocrx_word' id='word_1_213' title='bbox 1139 1571 1212 1607; x_wconf 81' lang='grc' dir='ltr'>οἶόν</span> <span class='ocrx_word' id='word_1_214' title='bbox 1229 1585 1266 1606; x_wconf 91' lang='grc' dir='ltr'>τε</span> <span class='ocrx_word' id='word_1_215' title='bbox 1279 1582 1286 1589; x_wconf 88' lang='grc'>·</span> 
     </span>
     <span class='ocr_line' id='line_1_29' title="bbox 272 1618 1284 1667; baseline -0.001 -14"><span class='ocrx_word' id='word_1_216' title='bbox 272 1624 341 1654; x_wconf 91' lang='grc' dir='ltr'>τῶν</span> <span class='ocrx_word' id='word_1_217' title='bbox 365 1619 429 1667; x_wconf 86' lang='grc' dir='ltr'>γὰρ</span> <span class='ocrx_word' id='word_1_218' title='bbox 455 1620 491 1655; x_wconf 90' lang='grc' dir='ltr'>ἐν</span> <span class='ocrx_word' id='word_1_219' title='bbox 515 1618 604 1654; x_wconf 87' lang='grc' dir='ltr'>τέλει</span> <span class='ocrx_word' id='word_1_220' title='bbox 628 1619 745 1654; x_wconf 91' lang='grc' dir='ltr'>κλύειν</span> <span class='ocrx_word' id='word_1_221' title='bbox 762 1619 800 1654; x_wconf 88' lang='grc' dir='ltr'>τό</span> <span class='ocrx_word' id='word_1_222' title='bbox 818 1618 845 1654; x_wconf 77' lang='grc' dir='ltr'>τ’</span> <span class='ocrx_word' id='word_1_223' title='bbox 871 1619 1002 1654; x_wconf 82' lang='grc' dir='ltr'>ἔνδικόν</span> <span class='ocrx_word' id='word_1_224' title='bbox 1029 1632 1071 1666; x_wconf 91' lang='grc' dir='ltr'>με</span> <span class='ocrx_word' id='word_1_225' title='bbox 1095 1623 1188 1655; x_wconf 90' lang='grc' dir='ltr'>ποιεῖ</span> <span class='ocrx_word' id='word_1_226' title='bbox 1205 1618 1284 1653; x_wconf 90' lang='grc'>925.</span> 
     </span>
     <span class='ocr_line' id='line_1_30' title="bbox 271 1665 1290 1715; baseline 0 -14"><span class='ocrx_word' id='word_1_227' title='bbox 271 1670 331 1701; x_wconf 90' lang='grc' dir='ltr'>νῦν</span> <span class='ocrx_word' id='word_1_228' title='bbox 348 1665 453 1702; x_wconf 88' lang='grc' dir='ltr'>καλὸν</span> <span class='ocrx_word' id='word_1_229' title='bbox 465 1667 605 1714; x_wconf 89' lang='grc' dir='ltr'>κορέσαι</span> <span class='ocrx_word' id='word_1_230' title='bbox 624 1666 751 1713; x_wconf 86' lang='grc' dir='ltr'>στόμα·</span> <span class='ocrx_word' id='word_1_231' title='bbox 781 1667 848 1702; x_wconf 85' lang='grc' dir='ltr'>ἀπὸ</span> <span class='ocrx_word' id='word_1_232' title='bbox 866 1667 930 1715; x_wconf 87' lang='grc' dir='ltr'>γὰρ</span> <span class='ocrx_word' id='word_1_233' title='bbox 950 1667 1021 1714; x_wconf 83' lang='grc' dir='ltr'>βίον</span> <span class='ocrx_word' id='word_1_234' title='bbox 1040 1667 1163 1702; x_wconf 83' lang='grc' dir='ltr'>αὐτίκα</span> <span class='ocrx_word' id='word_1_235' title='bbox 1180 1666 1290 1714; x_wconf 87' lang='grc' dir='ltr'>λείψω</span> 
     </span>
     <span class='ocr_line' id='line_1_31' title="bbox 276 1709 1289 1762; baseline 0.002 -16"><span class='ocrx_word' id='word_1_236' title='bbox 276 1712 367 1747; x_wconf 87' lang='grc'>1158</span> <span class='ocrx_word' id='word_1_237' title='bbox 393 1726 436 1747; x_wconf 90' lang='lat' dir='ltr'>m.</span> <span class='ocrx_word' id='word_1_238' title='bbox 481 1714 611 1762; x_wconf 83' lang='grc' dir='ltr'>πατέρα</span> <span class='ocrx_word' id='word_1_239' title='bbox 637 1713 795 1760; x_wconf 76' lang='grc' dir='ltr'>ματεύων</span> <span class='ocrx_word' id='word_1_240' title='bbox 821 1714 873 1759; x_wconf 80' lang='grc' dir='ltr'>(ἐν</span> <span class='ocrx_word' id='word_1_241' title='bbox 894 1709 1046 1760; x_wconf 50' lang='grc' dir='ltr'>(Ἀιδου).</span> <span class='ocrx_word' id='word_1_242' title='bbox 1100 1714 1139 1749; x_wconf 82' lang='grc' dir='ltr'>ού</span> <span class='ocrx_word' id='word_1_243' title='bbox 1164 1713 1228 1762; x_wconf 85' lang='grc' dir='ltr'>γὰρ</span> <span class='ocrx_word' id='word_1_244' title='bbox 1255 1714 1289 1748; x_wconf 85' lang='grc' dir='ltr'>ἐν</span> 
     </span>
     <span class='ocr_line' id='line_1_32' title="bbox 273 1756 1290 1809; baseline 0.001 -14"><span class='ocrx_word' id='word_1_245' title='bbox 273 1760 353 1809; x_wconf 88' lang='grc' dir='ltr'>φάει</span> <span class='ocrx_word' id='word_1_246' title='bbox 378 1756 408 1808; x_wconf 81' lang='grc' dir='ltr'>γ’</span> <span class='ocrx_word' id='word_1_247' title='bbox 433 1760 483 1795; x_wconf 82' lang='grc' dir='ltr'>ἔτι</span> <span class='ocrx_word' id='word_1_248' title='bbox 511 1760 602 1795; x_wconf 88' lang='grc'>1212</span> <span class='ocrx_word' id='word_1_249' title='bbox 618 1773 663 1795; x_wconf 92' lang='lat' dir='ltr'>m.</span> <span class='ocrx_word' id='word_1_250' title='bbox 700 1761 812 1796; x_wconf 87' lang='grc' dir='ltr'>πάντα</span> <span class='ocrx_word' id='word_1_251' title='bbox 838 1762 977 1809; x_wconf 76' lang='grc' dir='ltr'>φράσεις</span> <span class='ocrx_word' id='word_1_252' title='bbox 996 1762 1129 1809; x_wconf 86' lang='grc' dir='ltr'>μάτην·</span> <span class='ocrx_word' id='word_1_253' title='bbox 1169 1761 1208 1796; x_wconf 81' lang='grc' dir='ltr'>ού</span> <span class='ocrx_word' id='word_1_254' title='bbox 1226 1761 1290 1809; x_wconf 83' lang='grc' dir='ltr'>γάρ</span> 
     </span>
     <span class='ocr_line' id='line_1_33' title="bbox 274 1803 1291 1857; baseline 0 -14"><span class='ocrx_word' id='word_1_255' title='bbox 274 1803 348 1843; x_wconf 73' lang='grc' dir='ltr'>ποτ’</span> <span class='ocrx_word' id='word_1_256' title='bbox 365 1807 483 1843; x_wconf 78' lang='grc' dir='ltr'>εὔνουν</span> <span class='ocrx_word' id='word_1_257' title='bbox 499 1809 562 1856; x_wconf 83' lang='grc' dir='ltr'>τὴν</span> <span class='ocrx_word' id='word_1_258' title='bbox 582 1808 670 1856; x_wconf 78' lang='grc' dir='ltr'>ἐμὴν</span> <span class='ocrx_word' id='word_1_259' title='bbox 688 1808 807 1855; x_wconf 87' lang='grc' dir='ltr'>κτήσει</span> <span class='ocrx_word' id='word_1_260' title='bbox 825 1810 932 1857; x_wconf 85' lang='grc' dir='ltr'>φρένα</span> <span class='ocrx_word' id='word_1_261' title='bbox 952 1808 1053 1843; x_wconf 89' lang='grc'>1281.</span> <span class='ocrx_word' id='word_1_262' title='bbox 1092 1809 1184 1844; x_wconf 80' lang='grc' dir='ltr'>δοκῶ</span> <span class='ocrx_word' id='word_1_263' title='bbox 1203 1821 1291 1856; x_wconf 86' lang='grc' dir='ltr'>προ-</span> 
     </span>
     <span class='ocr_line' id='line_1_34' title="bbox 273 1854 1288 1904; baseline 0.001 -15"><span class='ocrx_word' id='word_1_264' title='bbox 273 1854 437 1890; x_wconf 89' lang='grc' dir='ltr'>λεύσσειν.</span> <span class='ocrx_word' id='word_1_265' title='bbox 489 1855 542 1894; x_wconf 88' lang='grc' dir='ltr'>οἷς</span> <span class='ocrx_word' id='word_1_266' title='bbox 567 1855 631 1903; x_wconf 83' lang='grc' dir='ltr'>γὰρ</span> <span class='ocrx_word' id='word_1_267' title='bbox 655 1855 679 1902; x_wconf 89' lang='grc' dir='ltr'>ή</span> <span class='ocrx_word' id='word_1_268' title='bbox 702 1857 824 1904; x_wconf 85' lang='grc' dir='ltr'>γνώμη</span> <span class='ocrx_word' id='word_1_269' title='bbox 850 1862 968 1892; x_wconf 87' lang='grc' dir='ltr'>κακῶν</span> <span class='ocrx_word' id='word_1_270' title='bbox 996 1857 1112 1904; x_wconf 82' lang='grc' dir='ltr'>μήτηρ</span> <span class='ocrx_word' id='word_1_271' title='bbox 1137 1857 1288 1904; x_wconf 86' lang='grc' dir='ltr'>γένηται,</span> 
     </span>
     <span class='ocr_line' id='line_1_35' title="bbox 275 1901 1292 1952; baseline 0 -16"><span class='ocrx_word' id='word_1_272' title='bbox 275 1901 384 1938; x_wconf 79' lang='grc' dir='ltr'>τᾶλλα</span> <span class='ocrx_word' id='word_1_273' title='bbox 400 1902 554 1937; x_wconf 80' lang='grc' dir='ltr'>παιδεύει</span> <span class='ocrx_word' id='word_1_274' title='bbox 569 1904 700 1938; x_wconf 82' lang='grc' dir='ltr'>κακούς</span> <span class='ocrx_word' id='word_1_275' title='bbox 718 1902 820 1937; x_wconf 84' lang='grc'>1360.</span> <span class='ocrx_word' id='word_1_276' title='bbox 881 1905 904 1951; x_wconf 80' lang='grc' dir='ltr'><strong>ὴ</strong></span> <span class='ocrx_word' id='word_1_277' title='bbox 923 1907 981 1938; x_wconf 88' lang='grc' dir='ltr'>νῦν</span> <span class='ocrx_word' id='word_1_278' title='bbox 999 1905 1132 1952; x_wconf 78' lang='grc' dir='ltr'>γρόνιοι</span> <span class='ocrx_word' id='word_1_279' title='bbox 1150 1903 1292 1950; x_wconf 83' lang='grc' dir='ltr'>μέλλετε</span> 
     </span>
     <span class='ocr_line' id='line_1_36' title="bbox 274 1946 1292 1999; baseline 0.001 -15"><span class='ocrx_word' id='word_1_280' title='bbox 274 1950 433 1997; x_wconf 83' lang='grc' dir='ltr'>πράσσειν</span> <span class='ocrx_word' id='word_1_281' title='bbox 447 1961 454 1969; x_wconf 88' lang='grc'>·</span> <span class='ocrx_word' id='word_1_282' title='bbox 481 1950 600 1998; x_wconf 88' lang='grc' dir='ltr'>καιρὸς</span> <span class='ocrx_word' id='word_1_283' title='bbox 617 1950 677 1985; x_wconf 91' lang='grc' dir='ltr'>καὶ</span> <span class='ocrx_word' id='word_1_284' title='bbox 694 1949 801 1985; x_wconf 74' lang='grc' dir='ltr'>πλοῦς</span> <span class='ocrx_word' id='word_1_285' title='bbox 815 1950 853 1986; x_wconf 82' lang='grc' dir='ltr'>ὅδ</span> <span class='ocrx_word' id='word_1_286' title='bbox 876 1951 1003 1998; x_wconf 84' lang='grc' dir='ltr'>ἐπείγει</span> <span class='ocrx_word' id='word_1_287' title='bbox 1015 1946 1083 1999; x_wconf 64' lang='grc' dir='ltr'>’γὰρ</span> <span class='ocrx_word' id='word_1_288' title='bbox 1100 1951 1190 1986; x_wconf 84' lang='grc' dir='ltr'>κατὰ</span> <span class='ocrx_word' id='word_1_289' title='bbox 1203 1950 1292 1998; x_wconf 82' lang='grc' dir='ltr'>πρύ-</span> 
     </span>
     <span class='ocr_line' id='line_1_37' title="bbox 275 1994 1293 2045; baseline 0.001 -14"><span class='ocrx_word' id='word_1_290' title='bbox 275 2009 362 2045; x_wconf 89' lang='grc' dir='ltr'>μνην</span> <span class='ocrx_word' id='word_1_291' title='bbox 383 1995 535 2031; x_wconf 82' lang='lat' dir='ltr'>1451an.</span> <span class='ocrx_word' id='word_1_292' title='bbox 566 1997 742 2039; x_wconf 78' lang='grc' dir='ltr'>ἐξισωτέον</span> <span class='ocrx_word' id='word_1_293' title='bbox 759 1999 797 2033; x_wconf 87' lang='grc' dir='ltr'>τὸ</span> <span class='ocrx_word' id='word_1_294' title='bbox 815 2001 895 2045; x_wconf 87' lang='grc' dir='ltr'>γοῦν</span> <span class='ocrx_word' id='word_1_295' title='bbox 914 1994 957 2032; x_wconf 66' lang='lat' dir='ltr'>&#39;io&#39;</span> <span class='ocrx_word' id='word_1_296' title='bbox 975 1998 1163 2040; x_wconf 76' lang='grc' dir='ltr'>ἀντιλέξαι,</span> <span class='ocrx_word' id='word_1_297' title='bbox 1192 1998 1293 2033; x_wconf 89' lang='grc' dir='ltr'>τοῦδε</span> 
     </span>
     <span class='ocr_line' id='line_1_38' title="bbox 276 2041 1292 2094; baseline 0.002 -16"><span class='ocrx_word' id='word_1_298' title='bbox 276 2043 341 2092; x_wconf 86' lang='grc' dir='ltr'>γὰρ</span> <span class='ocrx_word' id='word_1_299' title='bbox 358 2044 455 2092; x_wconf 87' lang='grc' dir='ltr'>κάγὼ</span> <span class='ocrx_word' id='word_1_300' title='bbox 478 2050 594 2091; x_wconf 86' lang='grc' dir='ltr'>κρατῶ</span> <span class='ocrx_word' id='word_1_301' title='bbox 618 2047 677 2079; x_wconf 90' lang='lat' dir='ltr'>OR</span> <span class='ocrx_word' id='word_1_302' title='bbox 701 2043 782 2079; x_wconf 88' lang='grc'>409.</span> <span class='ocrx_word' id='word_1_303' title='bbox 828 2041 898 2080; x_wconf 76' lang='grc' dir='ltr'>οὐδ’</span> <span class='ocrx_word' id='word_1_304' title='bbox 921 2044 1115 2092; x_wconf 84' lang='grc' dir='ltr'>ἡσθήσεται</span> <span class='ocrx_word' id='word_1_305' title='bbox 1138 2046 1182 2094; x_wconf 87' lang='grc' dir='ltr'><em>τῆ</em></span> <span class='ocrx_word' id='word_1_306' title='bbox 1205 2045 1292 2091; x_wconf 80' lang='grc' dir='ltr'>ξυμ-</span> 
     </span>
     <span class='ocr_line' id='line_1_39' title="bbox 275 2080 1288 2151; baseline 0 -25"><span class='ocrx_word' id='word_1_307' title='bbox 275 2091 385 2139; x_wconf 78' lang='grc' dir='ltr'>φορᾷ·</span> <span class='ocrx_word' id='word_1_308' title='bbox 412 2091 540 2151; x_wconf 82' lang='grc' dir='ltr'>τυφλὸς</span> <span class='ocrx_word' id='word_1_309' title='bbox 557 2092 621 2140; x_wconf 85' lang='grc' dir='ltr'>γὰρ</span> <span class='ocrx_word' id='word_1_310' title='bbox 636 2091 884 2140; x_wconf 81' lang='grc' dir='ltr'>ἐμπορεύσεται</span> <span class='ocrx_word' id='word_1_311' title='bbox 897 2091 977 2126; x_wconf 88' lang='grc'>454.</span> <span class='ocrx_word' id='word_1_312' title='bbox 999 2093 1117 2128; x_wconf 77' lang='grc' dir='ltr'>καλῶς</span> <span class='ocrx_word' id='word_1_313' title='bbox 1127 2080 1288 2134; x_wconf 69' lang='grc' dir='ltr'>ἔλεξεν...</span> 
     </span>
     <span class='ocr_line' id='line_1_40' title="bbox 275 2139 1294 2188; baseline -0.001 -15"><span class='ocrx_word' id='word_1_314' title='bbox 275 2142 411 2186; x_wconf 87' lang='grc' dir='ltr'>φρονεῖν</span> <span class='ocrx_word' id='word_1_315' title='bbox 437 2151 500 2187; x_wconf 90' lang='grc' dir='ltr'>γαρ</span> <span class='ocrx_word' id='word_1_316' title='bbox 535 2140 567 2175; x_wconf 87' lang='grc' dir='ltr'>οἱ</span> <span class='ocrx_word' id='word_1_317' title='bbox 596 2151 638 2174; x_wconf 87' lang='grc' dir='ltr'>τα</span> <span class='ocrx_word' id='word_1_318' title='bbox 666 2143 716 2178; x_wconf 84' lang='grc' dir='ltr'>εἷς</span> <span class='ocrx_word' id='word_1_319' title='bbox 741 2139 805 2174; x_wconf 83' lang='grc' dir='ltr'>οὐκ</span> <span class='ocrx_word' id='word_1_320' title='bbox 828 2140 996 2188; x_wconf 79' lang='grc' dir='ltr'>ἀσφαλεῖς</span> <span class='ocrx_word' id='word_1_321' title='bbox 1021 2139 1089 2174; x_wconf 91' lang='grc'>617</span> <span class='ocrx_word' id='word_1_322' title='bbox 1123 2143 1294 2174; x_wconf 86' lang='lat' dir='ltr'>sententia</span> 
     </span>
     <span class='ocr_line' id='line_1_41' title="bbox 275 2151 673 2231; baseline 0.005 -13"><span class='ocrx_word' id='word_1_323' title='bbox 275 2188 408 2220; x_wconf 80' lang='lat' dir='ltr'>laudata</span> <span class='ocrx_word' id='word_1_324' title='bbox 431 2189 528 2220; x_wconf 86' lang='lat' dir='ltr'>Eust.</span> <span class='ocrx_word' id='word_1_325' title='bbox 549 2199 584 2231; x_wconf 88' lang='lat' dir='ltr'>p.</span> <span class='ocrx_word' id='word_1_326' title='bbox 607 2151 673 2220; x_wconf 47' lang='lat'>12²9!</span> 
     </span>
     <span class='ocr_line' id='line_1_42' title="bbox 276 2233 1291 2282; baseline 0.004 -16"><span class='ocrx_word' id='word_1_327' title='bbox 276 2234 404 2267; x_wconf 81' lang='lat' dir='ltr'>dicatis.</span> <span class='ocrx_word' id='word_1_328' title='bbox 442 2233 511 2281; x_wconf 88' lang='grc' dir='ltr'>ἐρῶ</span> <span class='ocrx_word' id='word_1_329' title='bbox 524 2245 531 2252; x_wconf 96' lang='grc'>·</span> <span class='ocrx_word' id='word_1_330' title='bbox 561 2234 599 2268; x_wconf 86' lang='grc' dir='ltr'>σὲ</span> <span class='ocrx_word' id='word_1_331' title='bbox 616 2233 680 2282; x_wconf 84' lang='grc' dir='ltr'>γὰρ</span> <span class='ocrx_word' id='word_1_332' title='bbox 698 2233 734 2268; x_wconf 71' lang='grc' dir='ltr'>ἐς</span> <span class='ocrx_word' id='word_1_333' title='bbox 750 2234 854 2269; x_wconf 90' lang='grc' dir='ltr'>πλέον</span> <span class='ocrx_word' id='word_1_334' title='bbox 873 2235 963 2282; x_wconf 83' lang='grc' dir='ltr'>σέβω</span> <span class='ocrx_word' id='word_1_335' title='bbox 982 2234 1062 2269; x_wconf 91' lang='grc'>700.</span> <span class='ocrx_word' id='word_1_336' title='bbox 1109 2237 1156 2270; x_wconf 89' lang='grc' dir='ltr'>ὧν</span> <span class='ocrx_word' id='word_1_337' title='bbox 1175 2234 1291 2282; x_wconf 88' lang='grc' dir='ltr'>ἐντρέ-</span> 
     </span>
     <span class='ocr_line' id='line_1_43' title="bbox 275 2279 1292 2331; baseline 0.001 -17"><span class='ocrx_word' id='word_1_338' title='bbox 275 2292 342 2315; x_wconf 86' lang='grc' dir='ltr'>που</span> <span class='ocrx_word' id='word_1_339' title='bbox 361 2280 399 2315; x_wconf 84' lang='grc' dir='ltr'>σὺ</span> <span class='ocrx_word' id='word_1_340' title='bbox 418 2280 526 2328; x_wconf 85' lang='grc' dir='ltr'>μηδέν</span> <span class='ocrx_word' id='word_1_341' title='bbox 539 2292 547 2300; x_wconf 89' lang='grc'>·</span> <span class='ocrx_word' id='word_1_342' title='bbox 582 2282 629 2316; x_wconf 84' lang='grc' dir='ltr'>ὧν</span> <span class='ocrx_word' id='word_1_343' title='bbox 652 2281 717 2328; x_wconf 90' lang='grc' dir='ltr'>γὰρ</span> <span class='ocrx_word' id='word_1_344' title='bbox 736 2279 775 2315; x_wconf 83' lang='grc' dir='ltr'>ἂν</span> <span class='ocrx_word' id='word_1_345' title='bbox 793 2280 872 2321; x_wconf 87' lang='grc' dir='ltr'>θεὸς</span> <span class='ocrx_word' id='word_1_346' title='bbox 889 2282 1007 2331; x_wconf 86' lang='grc' dir='ltr'>χρείαν</span> <span class='ocrx_word' id='word_1_347' title='bbox 1025 2283 1148 2330; x_wconf 81' lang='grc' dir='ltr'>ἐρευνᾷ</span> <span class='ocrx_word' id='word_1_348' title='bbox 1167 2282 1292 2330; x_wconf 71' lang='grc' dir='ltr'>ῥᾳδίως</span> 
     </span>
     <span class='ocr_line' id='line_1_44' title="bbox 277 2324 1286 2377; baseline 0.002 -16"><span class='ocrx_word' id='word_1_349' title='bbox 277 2327 378 2366; x_wconf 84' lang='grc' dir='ltr'>αὐτὸς</span> <span class='ocrx_word' id='word_1_350' title='bbox 395 2332 496 2375; x_wconf 89' lang='grc' dir='ltr'>φανεῖ</span> <span class='ocrx_word' id='word_1_351' title='bbox 511 2327 592 2362; x_wconf 89' lang='grc'>724.</span> <span class='ocrx_word' id='word_1_352' title='bbox 637 2330 677 2364; x_wconf 86' lang='grc' dir='ltr'>οὐ</span> <span class='ocrx_word' id='word_1_353' title='bbox 695 2324 769 2375; x_wconf 77' lang='grc' dir='ltr'>δῆτ’</span> <span class='ocrx_word' id='word_1_354' title='bbox 783 2339 790 2346; x_wconf 83' lang='grc'>’</span> <span class='ocrx_word' id='word_1_355' title='bbox 826 2325 885 2377; x_wconf 83' lang='grc' dir='ltr'>ἀφ’</span> <span class='ocrx_word' id='word_1_356' title='bbox 911 2329 950 2364; x_wconf 79' lang='grc' dir='ltr'>οὔ</span> <span class='ocrx_word' id='word_1_357' title='bbox 972 2329 1035 2377; x_wconf 81' lang='grc' dir='ltr'>γὰρ</span> <span class='ocrx_word' id='word_1_358' title='bbox 1052 2329 1168 2365; x_wconf 81' lang='grc' dir='ltr'>κεῖθεν</span> <span class='ocrx_word' id='word_1_359' title='bbox 1185 2329 1286 2376; x_wconf 81' lang='grc' dir='ltr'>ἦλθε,</span> 
     </span>
     <span class='ocr_line' id='line_1_45' title="bbox 276 2374 1292 2425; baseline 0.002 -16"><span class='ocrx_word' id='word_1_360' title='bbox 276 2374 464 2416; x_wconf 80' lang='grc' dir='ltr'>ἐξικέτευσε</span> <span class='ocrx_word' id='word_1_361' title='bbox 489 2374 570 2410; x_wconf 90' lang='grc'>758.</span> <span class='ocrx_word' id='word_1_362' title='bbox 612 2376 676 2411; x_wconf 86' lang='grc' dir='ltr'>κού</span> <span class='ocrx_word' id='word_1_363' title='bbox 703 2377 751 2423; x_wconf 85' lang='grc' dir='ltr'>μὴ</span> <span class='ocrx_word' id='word_1_364' title='bbox 779 2375 1067 2424; x_wconf 76' lang='grc' dir='ltr'>στερηθῇς...τῷ</span> <span class='ocrx_word' id='word_1_365' title='bbox 1092 2376 1215 2425; x_wconf 82' lang='grc' dir='ltr'>γὰρᾶν</span> <span class='ocrx_word' id='word_1_366' title='bbox 1232 2378 1292 2411; x_wconf 86' lang='grc' dir='ltr'>καὶ</span> 
     </span>
     <span class='ocr_line' id='line_1_46' title="bbox 277 2418 1291 2471; baseline 0.001 -14"><span class='ocrx_word' id='word_1_367' title='bbox 277 2421 407 2468; x_wconf 77' lang='grc' dir='ltr'>μείζονι</span> <span class='ocrx_word' id='word_1_368' title='bbox 429 2418 559 2469; x_wconf 74' lang='grc' dir='ltr'>λέξαιμ’</span> <span class='ocrx_word' id='word_1_369' title='bbox 582 2421 643 2466; x_wconf 72' lang='grc' dir='ltr'>ἂνς</span> <span class='ocrx_word' id='word_1_370' title='bbox 673 2422 753 2457; x_wconf 88' lang='grc'>772.</span> <span class='ocrx_word' id='word_1_371' title='bbox 800 2423 865 2458; x_wconf 87' lang='grc' dir='ltr'>οὐκ</span> <span class='ocrx_word' id='word_1_372' title='bbox 889 2424 958 2470; x_wconf 87' lang='grc' dir='ltr'>ἐγὼ</span> <span class='ocrx_word' id='word_1_373' title='bbox 981 2419 1133 2467; x_wconf 81' lang='grc' dir='ltr'>’κτανον,</span> <span class='ocrx_word' id='word_1_374' title='bbox 1162 2424 1201 2459; x_wconf 81' lang='grc' dir='ltr'>οὐ</span> <span class='ocrx_word' id='word_1_375' title='bbox 1227 2423 1291 2471; x_wconf 82' lang='grc' dir='ltr'>γὰρ</span> 
     </span>
     <span class='ocr_line' id='line_1_47' title="bbox 275 2467 1292 2518; baseline 0.002 -15"><span class='ocrx_word' id='word_1_376' title='bbox 275 2469 386 2516; x_wconf 90' lang='grc' dir='ltr'>γένοιτ</span> <span class='ocrx_word' id='word_1_377' title='bbox 410 2467 450 2504; x_wconf 85' lang='grc' dir='ltr'>ἂν</span> <span class='ocrx_word' id='word_1_378' title='bbox 476 2469 525 2508; x_wconf 83' lang='grc' dir='ltr'>εἷς</span> <span class='ocrx_word' id='word_1_379' title='bbox 549 2482 587 2518; x_wconf 91' lang='grc' dir='ltr'>γε</span> <span class='ocrx_word' id='word_1_380' title='bbox 610 2474 683 2509; x_wconf 90' lang='grc' dir='ltr'>τοῖς</span> <span class='ocrx_word' id='word_1_381' title='bbox 707 2469 851 2509; x_wconf 85' lang='grc' dir='ltr'>πολλοῖς</span> <span class='ocrx_word' id='word_1_382' title='bbox 874 2469 947 2509; x_wconf 77' lang='grc' dir='ltr'>ἴσος</span> <span class='ocrx_word' id='word_1_383' title='bbox 964 2469 1045 2505; x_wconf 88' lang='grc'>845.</span> <span class='ocrx_word' id='word_1_384' title='bbox 1089 2471 1178 2506; x_wconf 77' lang='grc' dir='ltr'>κούκ</span> <span class='ocrx_word' id='word_1_385' title='bbox 1203 2470 1292 2505; x_wconf 80' lang='grc' dir='ltr'>ἔστιν</span> 
     </span>
     <span class='ocr_line' id='line_1_48' title="bbox 276 2515 1293 2566; baseline 0.001 -14"><span class='ocrx_word' id='word_1_386' title='bbox 276 2515 436 2562; x_wconf 80' lang='grc' dir='ltr'>ἐκβαλεῖν</span> <span class='ocrx_word' id='word_1_387' title='bbox 454 2517 556 2552; x_wconf 89' lang='grc' dir='ltr'>πάλιν</span> <span class='ocrx_word' id='word_1_388' title='bbox 570 2528 577 2536; x_wconf 90' lang='grc'>·</span> <span class='ocrx_word' id='word_1_389' title='bbox 596 2517 694 2556; x_wconf 82' lang='grc' dir='ltr'>πόλις</span> <span class='ocrx_word' id='word_1_390' title='bbox 712 2517 756 2566; x_wconf 83' lang='grc' dir='ltr'>γά</span> <span class='ocrx_word' id='word_1_391' title='bbox 793 2516 922 2563; x_wconf 84' lang='grc' dir='ltr'>ἤκουσε</span> <span class='ocrx_word' id='word_1_392' title='bbox 935 2517 1016 2552; x_wconf 90' lang='grc'>850.</span> <span class='ocrx_word' id='word_1_393' title='bbox 1038 2517 1118 2559; x_wconf 75' lang='grc' dir='ltr'>δόξα</span> <span class='ocrx_word' id='word_1_394' title='bbox 1131 2531 1190 2565; x_wconf 90' lang='grc' dir='ltr'>μοι</span> <span class='ocrx_word' id='word_1_395' title='bbox 1203 2530 1293 2565; x_wconf 90' lang='grc' dir='ltr'>παρ-</span> 
     </span>
     <span class='ocr_line' id='line_1_49' title="bbox 277 2562 1293 2613; baseline 0.002 -16"><span class='ocrx_word' id='word_1_396' title='bbox 277 2562 406 2611; x_wconf 86' lang='grc' dir='ltr'>εστάθη</span> <span class='ocrx_word' id='word_1_397' title='bbox 437 2563 540 2603; x_wconf 87' lang='grc' dir='ltr'>ναοὺς</span> <span class='ocrx_word' id='word_1_398' title='bbox 568 2564 721 2600; x_wconf 76' lang='grc' dir='ltr'>ἱκέσθαι·</span> <span class='ocrx_word' id='word_1_399' title='bbox 757 2564 845 2612; x_wconf 83' lang='grc' dir='ltr'>υψοῦ</span> <span class='ocrx_word' id='word_1_400' title='bbox 870 2564 934 2612; x_wconf 86' lang='grc' dir='ltr'>γὰρ</span> <span class='ocrx_word' id='word_1_401' title='bbox 960 2564 1049 2613; x_wconf 80' lang='grc' dir='ltr'>αἴρει</span> <span class='ocrx_word' id='word_1_402' title='bbox 1065 2565 1177 2612; x_wconf 89' lang='grc' dir='ltr'>θυμὸν</span> <span class='ocrx_word' id='word_1_403' title='bbox 1196 2563 1293 2602; x_wconf 81' lang='grc' dir='ltr'>Οἰδί-</span> 
     </span>
     <span class='ocr_line' id='line_1_50' title="bbox 276 2610 1291 2660; baseline 0.001 -15"><span class='ocrx_word' id='word_1_404' title='bbox 276 2623 363 2650; x_wconf 86' lang='grc' dir='ltr'>πους</span> <span class='ocrx_word' id='word_1_405' title='bbox 380 2610 460 2644; x_wconf 90' lang='grc'>914.</span> <span class='ocrx_word' id='word_1_406' title='bbox 503 2612 561 2646; x_wconf 87' lang='grc' dir='ltr'>καὶ</span> <span class='ocrx_word' id='word_1_407' title='bbox 579 2611 617 2646; x_wconf 86' lang='grc' dir='ltr'>σὺ</span> <span class='ocrx_word' id='word_1_408' title='bbox 634 2612 779 2659; x_wconf 86' lang='grc' dir='ltr'>(χαῖρε).</span> <span class='ocrx_word' id='word_1_409' title='bbox 824 2611 917 2654; x_wconf 76' lang='grc' dir='ltr'>ἄξιος</span> <span class='ocrx_word' id='word_1_410' title='bbox 931 2612 996 2660; x_wconf 82' lang='grc' dir='ltr'>γὰρ</span> <span class='ocrx_word' id='word_1_411' title='bbox 1013 2611 1043 2647; x_wconf 81' lang='grc' dir='ltr'>εἶ</span> <span class='ocrx_word' id='word_1_412' title='bbox 1060 2611 1140 2647; x_wconf 87' lang='grc'>931.</span> <span class='ocrx_word' id='word_1_413' title='bbox 1168 2613 1211 2647; x_wconf 82' lang='grc' dir='ltr'>τὰ</span> <span class='ocrx_word' id='word_1_414' title='bbox 1228 2612 1291 2659; x_wconf 86' lang='grc' dir='ltr'>μὲν</span> 
     </span>
     <span class='ocr_line' id='line_1_51' title="bbox 275 2653 1292 2708; baseline 0.002 -16"><span class='ocrx_word' id='word_1_415' title='bbox 275 2653 404 2705; x_wconf 74' lang='grc' dir='ltr'>ἄλγιστ’</span> <span class='ocrx_word' id='word_1_416' title='bbox 421 2657 560 2693; x_wconf 82' lang='grc' dir='ltr'>ἄπεστιν</span> <span class='ocrx_word' id='word_1_417' title='bbox 575 2669 582 2676; x_wconf 88' lang='grc'>·</span> <span class='ocrx_word' id='word_1_418' title='bbox 617 2659 641 2706; x_wconf 83' lang='grc' dir='ltr'>ἡ</span> <span class='ocrx_word' id='word_1_419' title='bbox 666 2659 730 2708; x_wconf 87' lang='grc' dir='ltr'>γὰρ</span> <span class='ocrx_word' id='word_1_420' title='bbox 754 2659 774 2694; x_wconf 78' lang='grc' dir='ltr'>ό</span> <span class='ocrx_word' id='word_1_421' title='bbox 804 2671 831 2698; x_wconf 87' lang='grc' dir='ltr'>ις</span> <span class='ocrx_word' id='word_1_422' title='bbox 855 2658 894 2694; x_wconf 84' lang='grc' dir='ltr'>οὐ</span> <span class='ocrx_word' id='word_1_423' title='bbox 912 2659 1005 2707; x_wconf 89' lang='grc' dir='ltr'>πάρα</span> <span class='ocrx_word' id='word_1_424' title='bbox 1024 2658 1125 2693; x_wconf 88' lang='grc'>1238.</span> <span class='ocrx_word' id='word_1_425' title='bbox 1172 2659 1292 2707; x_wconf 72' lang='grc' dir='ltr'>ῥώμης</span> 
     </span>
     <span class='ocr_line' id='line_1_52' title="bbox 277 2704 1289 2765; baseline 0.003 -26"><span class='ocrx_word' id='word_1_426' title='bbox 277 2704 403 2740; x_wconf 87' lang='grc' dir='ltr'>δεῖται·</span> <span class='ocrx_word' id='word_1_427' title='bbox 429 2705 468 2740; x_wconf 88' lang='grc' dir='ltr'>τὸ</span> <span class='ocrx_word' id='word_1_428' title='bbox 485 2705 549 2765; x_wconf 82' lang='grc' dir='ltr'>γὰρ</span> <span class='ocrx_word' id='word_1_429' title='bbox 564 2706 703 2754; x_wconf 83' lang='grc' dir='ltr'>νόσημα</span> <span class='ocrx_word' id='word_1_430' title='bbox 720 2710 779 2753; x_wconf 88' lang='grc' dir='ltr'>μεῖ</span> <span class='ocrx_word' id='word_1_431' title='bbox 800 2704 871 2753; x_wconf 88' lang='grc' dir='ltr'>ονῆ</span> <span class='ocrx_word' id='word_1_432' title='bbox 888 2707 1001 2754; x_wconf 85' lang='grc' dir='ltr'>φέρειν</span> <span class='ocrx_word' id='word_1_433' title='bbox 1018 2705 1119 2741; x_wconf 87' lang='grc'>1293.</span> <span class='ocrx_word' id='word_1_434' title='bbox 1150 2707 1198 2754; x_wconf 85' lang='grc' dir='ltr'>μὴ</span> <span class='ocrx_word' id='word_1_435' title='bbox 1218 2707 1289 2742; x_wconf 86' lang='grc' dir='ltr'>δεί-</span> 
     </span>
     <span class='ocr_line' id='line_1_53' title="bbox 277 2752 1292 2802; baseline 0.004 -16"><span class='ocrx_word' id='word_1_436' title='bbox 277 2763 380 2799; x_wconf 86' lang='grc' dir='ltr'>σητε·</span> <span class='ocrx_word' id='word_1_437' title='bbox 415 2752 510 2798; x_wconf 84' lang='grc' dir='ltr'>τάμοι</span> <span class='ocrx_word' id='word_1_438' title='bbox 526 2753 591 2801; x_wconf 85' lang='grc' dir='ltr'>γὰρ</span> <span class='ocrx_word' id='word_1_439' title='bbox 607 2753 701 2788; x_wconf 84' lang='grc' dir='ltr'>κακὰ</span> <span class='ocrx_word' id='word_1_440' title='bbox 717 2753 828 2792; x_wconf 84' lang='grc' dir='ltr'>οὐδεὶς</span> <span class='ocrx_word' id='word_1_441' title='bbox 847 2753 920 2792; x_wconf 84' lang='grc' dir='ltr'>οἷός</span> <span class='ocrx_word' id='word_1_442' title='bbox 937 2765 974 2787; x_wconf 89' lang='grc' dir='ltr'>τε</span> <span class='ocrx_word' id='word_1_443' title='bbox 992 2754 1105 2802; x_wconf 88' lang='grc' dir='ltr'>φέρειν</span> <span class='ocrx_word' id='word_1_444' title='bbox 1126 2753 1227 2788; x_wconf 84' lang='grc'>1414.</span> <span class='ocrx_word' id='word_1_445' title='bbox 1257 2755 1292 2792; x_wconf 80' lang='grc' dir='ltr'>ἐς</span> 
     </span>
     <span class='ocr_line' id='line_1_54' title="bbox 277 2796 1293 2849; baseline 0.002 -15"><span class='ocrx_word' id='word_1_446' title='bbox 277 2798 371 2834; x_wconf 75' lang='grc' dir='ltr'>οἷκον</span> <span class='ocrx_word' id='word_1_447' title='bbox 389 2799 586 2847; x_wconf 76' lang='grc' dir='ltr'>ἐσκομίζετε</span> <span class='ocrx_word' id='word_1_448' title='bbox 599 2810 606 2817; x_wconf 90' lang='grc'>·</span> <span class='ocrx_word' id='word_1_449' title='bbox 641 2805 716 2839; x_wconf 88' lang='grc' dir='ltr'>τοῖς</span> <span class='ocrx_word' id='word_1_450' title='bbox 741 2801 776 2836; x_wconf 90' lang='grc' dir='ltr'>ἐν</span> <span class='ocrx_word' id='word_1_451' title='bbox 799 2801 887 2848; x_wconf 85' lang='grc' dir='ltr'>γένει</span> <span class='ocrx_word' id='word_1_452' title='bbox 904 2800 969 2849; x_wconf 83' lang='grc' dir='ltr'>γὰρ</span> <span class='ocrx_word' id='word_1_453' title='bbox 991 2801 1137 2849; x_wconf 85' lang='grc' dir='ltr'>τάγγενῆ</span> <span class='ocrx_word' id='word_1_454' title='bbox 1158 2796 1293 2848; x_wconf 80' lang='grc' dir='ltr'>μάλιστ’</span> 
     </span>
     <span class='ocr_line' id='line_1_55' title="bbox 246 2845 1289 2896; baseline 0.003 -16"><span class='ocrx_word' id='word_1_455' title='bbox 246 2882 252 2886; x_wconf 69' lang='grc'>,</span> <span class='ocrx_word' id='word_1_456' title='bbox 279 2846 361 2894; x_wconf 86' lang='grc' dir='ltr'>ὁρᾶν</span> <span class='ocrx_word' id='word_1_457' title='bbox 379 2845 526 2892; x_wconf 79' lang='grc' dir='ltr'>εὐσεβῶς</span> <span class='ocrx_word' id='word_1_458' title='bbox 544 2846 617 2894; x_wconf 82' lang='grc' dir='ltr'>ἔχει</span> <span class='ocrx_word' id='word_1_459' title='bbox 635 2846 736 2882; x_wconf 90' lang='grc'>1430.</span> <span class='ocrx_word' id='word_1_460' title='bbox 781 2848 891 2882; x_wconf 88' lang='grc' dir='ltr'>πάντα</span> <span class='ocrx_word' id='word_1_461' title='bbox 917 2850 966 2896; x_wconf 82' lang='grc' dir='ltr'>μὴ</span> <span class='ocrx_word' id='word_1_462' title='bbox 987 2848 1114 2895; x_wconf 86' lang='grc' dir='ltr'>βούλου</span> <span class='ocrx_word' id='word_1_463' title='bbox 1131 2852 1269 2896; x_wconf 89' lang='grc' dir='ltr'>κρατεῖν</span> <span class='ocrx_word' id='word_1_464' title='bbox 1282 2859 1289 2867; x_wconf 82' lang='grc'>·</span> 
     </span>
     <span class='ocr_line' id='line_1_56' title="bbox 277 2893 1288 2943; baseline 0.001 -16"><span class='ocrx_word' id='word_1_465' title='bbox 277 2893 417 2941; x_wconf 86' lang='grc' dir='ltr'>καὶγὰρ</span> <span class='ocrx_word' id='word_1_466' title='bbox 435 2894 651 2941; x_wconf 86' lang='grc' dir='ltr'>ἁκράτησας,</span> <span class='ocrx_word' id='word_1_467' title='bbox 682 2893 721 2929; x_wconf 77' lang='grc' dir='ltr'>οὔ</span> <span class='ocrx_word' id='word_1_468' title='bbox 748 2906 800 2929; x_wconf 88' lang='grc' dir='ltr'>σοι</span> <span class='ocrx_word' id='word_1_469' title='bbox 823 2895 874 2941; x_wconf 76' lang='grc' dir='ltr'>τῷ</span> <span class='ocrx_word' id='word_1_470' title='bbox 900 2895 963 2943; x_wconf 83' lang='grc' dir='ltr'>βίῳ</span> <span class='ocrx_word' id='word_1_471' title='bbox 982 2896 1165 2930; x_wconf 86' lang='grc' dir='ltr'>συνέσπετο</span> <span class='ocrx_word' id='word_1_472' title='bbox 1187 2894 1288 2929; x_wconf 90' lang='grc'>1523.</span> 
     </span>
     <span class='ocr_line' id='line_1_57' title="bbox 279 2939 1292 2990; baseline 0.003 -16"><span class='ocrx_word' id='word_1_473' title='bbox 279 2940 399 2986; x_wconf 83' lang='grc' dir='ltr'>οἴομαι</span> <span class='ocrx_word' id='word_1_474' title='bbox 415 2939 452 2975; x_wconf 88' lang='grc' dir='ltr'>δὲ</span> <span class='ocrx_word' id='word_1_475' title='bbox 471 2940 540 2975; x_wconf 87' lang='grc' dir='ltr'>δεῖν</span> <span class='ocrx_word' id='word_1_476' title='bbox 559 2940 656 2976; x_wconf 81' lang='grc' dir='ltr'>οὐδέν</span> <span class='ocrx_word' id='word_1_477' title='bbox 670 2952 678 2959; x_wconf 88' lang='grc'>·</span> <span class='ocrx_word' id='word_1_478' title='bbox 705 2942 810 2977; x_wconf 81' lang='grc' dir='ltr'>πέλας</span> <span class='ocrx_word' id='word_1_479' title='bbox 827 2943 870 2990; x_wconf 87' lang='grc' dir='ltr'>γά</span> <span class='ocrx_word' id='word_1_480' title='bbox 909 2941 1016 2989; x_wconf 80' lang='grc' dir='ltr'>ἄνδρα</span> <span class='ocrx_word' id='word_1_481' title='bbox 1030 2942 1127 2977; x_wconf 86' lang='grc' dir='ltr'>τόνδε</span> <span class='ocrx_word' id='word_1_482' title='bbox 1139 2943 1207 2989; x_wconf 77' lang='grc' dir='ltr'>νῷν</span> <span class='ocrx_word' id='word_1_483' title='bbox 1223 2943 1240 2978; x_wconf 98' lang='lat'>6</span> <span class='ocrx_word' id='word_1_484' title='bbox 1264 2948 1292 2977; x_wconf 92' lang='grc' dir='ltr'>ῶ</span> 
     </span>
     <span class='ocr_line' id='line_1_58' title="bbox 278 2954 1288 3037; baseline 0.003 -18"><span class='ocrx_word' id='word_1_485' title='bbox 278 2989 334 3020; x_wconf 83' lang='lat' dir='ltr'>OC</span> <span class='ocrx_word' id='word_1_486' title='bbox 347 2985 404 3020; x_wconf 90' lang='grc'>29.</span> <span class='ocrx_word' id='word_1_487' title='bbox 433 2986 573 3027; x_wconf 80' lang='grc' dir='ltr'>ἄθικτος</span> <span class='ocrx_word' id='word_1_488' title='bbox 637 2988 672 3024; x_wconf 85' lang='grc' dir='ltr'>αἱ</span> <span class='ocrx_word' id='word_1_489' title='bbox 688 2989 752 3037; x_wconf 86' lang='grc' dir='ltr'>γὰρ</span> <span class='ocrx_word' id='word_1_490' title='bbox 770 2954 920 3037; x_wconf 53' lang='grc' dir='ltr'>ἔμφοβοι</span> <span class='ocrx_word' id='word_1_491' title='bbox 936 2987 1014 3024; x_wconf 83' lang='grc' dir='ltr'>θεαί</span> <span class='ocrx_word' id='word_1_492' title='bbox 1031 2985 1086 3037; x_wconf 86' lang='grc' dir='ltr'>σφ’</span> <span class='ocrx_word' id='word_1_493' title='bbox 1104 2989 1223 3037; x_wconf 81' lang='grc' dir='ltr'>ἔχουσι</span> <span class='ocrx_word' id='word_1_494' title='bbox 1255 2988 1288 3022; x_wconf 88' lang='grc'>9.</span> 
     </span>
     <span class='ocr_line' id='line_1_59' title="bbox 278 3029 1289 3084; baseline 0.003 -16"><span class='ocrx_word' id='word_1_495' title='bbox 278 3029 354 3068; x_wconf 80' lang='grc' dir='ltr'>ἀλλ’</span> <span class='ocrx_word' id='word_1_496' title='bbox 372 3033 441 3081; x_wconf 85' lang='grc' dir='ltr'>ἐρῶ</span> <span class='ocrx_word' id='word_1_497' title='bbox 453 3046 460 3053; x_wconf 87' lang='lat'><strong>·</strong></span> <span class='ocrx_word' id='word_1_498' title='bbox 489 3035 528 3070; x_wconf 83' lang='grc' dir='ltr'>οὐ</span> <span class='ocrx_word' id='word_1_499' title='bbox 545 3035 609 3083; x_wconf 84' lang='grc' dir='ltr'>γὰρ</span> <span class='ocrx_word' id='word_1_500' title='bbox 629 3035 700 3084; x_wconf 86' lang='grc' dir='ltr'>ἔχω</span> <span class='ocrx_word' id='word_1_501' title='bbox 717 3036 941 3084; x_wconf 89' lang='grc' dir='ltr'>κατακρυφάν</span> <span class='ocrx_word' id='word_1_502' title='bbox 953 3035 1023 3070; x_wconf 89' lang='grc'>218</span> <span class='ocrx_word' id='word_1_503' title='bbox 1034 3048 1078 3069; x_wconf 94' lang='lat' dir='ltr'>m.</span> <span class='ocrx_word' id='word_1_504' title='bbox 1107 3036 1289 3084; x_wconf 89' lang='grc' dir='ltr'>πάρεσται·</span> 
     </span>
     <span class='ocr_line' id='line_1_60' title="bbox 278 3080 1292 3143; baseline 0.002 -28"><span class='ocrx_word' id='word_1_505' title='bbox 278 3080 366 3140; x_wconf 72' lang='grc' dir='ltr'>πολὺ</span> <span class='ocrx_word' id='word_1_506' title='bbox 385 3080 449 3141; x_wconf 82' lang='grc' dir='ltr'>γὰρ</span> <span class='ocrx_word' id='word_1_507' title='bbox 464 3082 503 3116; x_wconf 85' lang='grc' dir='ltr'>τὸ</span> <span class='ocrx_word' id='word_1_508' title='bbox 522 3083 579 3137; x_wconf 72' lang='grc' dir='ltr'>σὸν</span> <span class='ocrx_word' id='word_1_509' title='bbox 597 3082 708 3128; x_wconf 84' lang='grc' dir='ltr'>ὄνομα</span> <span class='ocrx_word' id='word_1_510' title='bbox 725 3082 837 3130; x_wconf 87' lang='grc' dir='ltr'>διήκει</span> <span class='ocrx_word' id='word_1_511' title='bbox 853 3083 983 3118; x_wconf 79' lang='grc' dir='ltr'>πάντας</span> <span class='ocrx_word' id='word_1_512' title='bbox 999 3082 1080 3117; x_wconf 87' lang='grc'>305.</span> <span class='ocrx_word' id='word_1_513' title='bbox 1109 3082 1202 3143; x_wconf 58' lang='grc' dir='ltr'>ἐάσω</span> <span class='ocrx_word' id='word_1_514' title='bbox 1213 3094 1220 3101; x_wconf 99' lang='grc'>·</span> <span class='ocrx_word' id='word_1_515' title='bbox 1241 3083 1292 3142; x_wconf 48' lang='grc' dir='ltr'>δῑις</span> 
     </span>
     <span class='ocr_line' id='line_1_61' title="bbox 277 3127 1293 3225; baseline 0.002 -15"><span class='ocrx_word' id='word_1_516' title='bbox 277 3140 408 3220; x_wconf 59' lang='grc' dir='ltr'>ἷέατξειθυ</span> <span class='ocrx_word' id='word_1_517' title='bbox 418 3128 647 3223; x_wconf 46' lang='grc' dir='ltr'>άηὲἴέξὸμαβ</span> <span class='ocrx_word' id='word_1_518' title='bbox 652 3127 1210 3225; x_wconf 35' lang='lat' dir='ltr'>&amp;ZZZ-vugssgz-ffiflzezfizzlgmtttowss</span> <span class='ocrx_word' id='word_1_519' title='bbox 1228 3142 1293 3225; x_wconf 42' lang='lat' dir='ltr'>{gg</span> 
     </span>
     <span class='ocr_line' id='line_1_62' title="bbox 279 3222 1292 3271; baseline 0.001 -15"><span class='ocrx_word' id='word_1_520' title='bbox 279 3222 427 3270; x_wconf 75' lang='grc' dir='ltr'>εἰρηκὼς</span> <span class='ocrx_word' id='word_1_521' title='bbox 442 3227 558 3269; x_wconf 87' lang='grc' dir='ltr'>κυρεῖς</span> <span class='ocrx_word' id='word_1_522' title='bbox 572 3223 652 3257; x_wconf 86' lang='grc'>572.</span> <span class='ocrx_word' id='word_1_523' title='bbox 679 3222 827 3259; x_wconf 76' lang='grc' dir='ltr'>δίδασκ’·</span> <span class='ocrx_word' id='word_1_524' title='bbox 855 3223 934 3259; x_wconf 83' lang='grc' dir='ltr'>ἄνευ</span> <span class='ocrx_word' id='word_1_525' title='bbox 972 3226 1094 3271; x_wconf 87' lang='grc' dir='ltr'>νώμης</span> <span class='ocrx_word' id='word_1_526' title='bbox 1110 3223 1174 3271; x_wconf 81' lang='grc' dir='ltr'>γὰρ</span> <span class='ocrx_word' id='word_1_527' title='bbox 1191 3222 1231 3259; x_wconf 79' lang='grc' dir='ltr'>οὔ</span> <span class='ocrx_word' id='word_1_528' title='bbox 1250 3235 1292 3271; x_wconf 88' lang='grc' dir='ltr'>με</span> 
     </span>
     <span class='ocr_line' id='line_1_63' title="bbox 277 3238 1291 3351; baseline 0.003 -48"><span class='ocrx_word' id='word_1_529' title='bbox 277 3269 348 3316; x_wconf 80' lang='grc' dir='ltr'>χρὴ</span> <span class='ocrx_word' id='word_1_530' title='bbox 367 3269 475 3317; x_wconf 84' lang='grc' dir='ltr'>λέγειν</span> <span class='ocrx_word' id='word_1_531' title='bbox 494 3268 573 3303; x_wconf 85' lang='grc'>594.</span> <span class='ocrx_word' id='word_1_532' title='bbox 607 3271 646 3305; x_wconf 87' lang='grc' dir='ltr'>τὸ</span> <span class='ocrx_word' id='word_1_533' title='bbox 673 3271 733 3316; x_wconf 92' lang='grc' dir='ltr'>μέν</span> <span class='ocrx_word' id='word_1_534' title='bbox 758 3278 808 3305; x_wconf 75' lang='grc' dir='ltr'>τις</span> <span class='ocrx_word' id='word_1_535' title='bbox 832 3267 906 3306; x_wconf 74' lang='grc' dir='ltr'>οὔθ’</span> <span class='ocrx_word' id='word_1_536' title='bbox 931 3238 1014 3351; x_wconf 49' lang='lat' dir='ltr'>rige&lt;</span> <span class='ocrx_word' id='word_1_537' title='bbox 1031 3270 1220 3306; x_wconf 85' lang='grc' dir='ltr'>ἁλιώσει...</span> <span class='ocrx_word' id='word_1_538' title='bbox 1238 3281 1245 3289; x_wconf 90' lang='grc'>·</span> <span class='ocrx_word' id='word_1_539' title='bbox 1274 3271 1291 3306; x_wconf 87' lang='lat'>6</span> 
     </span>
     <span class='ocr_line' id='line_1_64' title="bbox 278 3312 1292 3457; baseline 0.002 -60"><span class='ocrx_word' id='word_1_540' title='bbox 278 3312 902 3412; x_wconf 38' lang='lat' dir='ltr'>iits‘zfftfg‘f’vxssffl‘&amp;233²ae</span> <span class='ocrx_word' id='word_1_541' title='bbox 927 3317 997 3397; x_wconf 61' lang='lat'>353</span> <span class='ocrx_word' id='word_1_542' title='bbox 1014 3317 1292 3457; x_wconf 52' lang='lat' dir='ltr'>0h5&lt;tgz¹ffi³0tiz</span> 
     </span>
    </p>
   </div>
   <div class='ocr_carea' id='block_1_5' title="bbox 279 3409 1290 3458">
    <p class='ocr_par' dir='ltr' id='par_1_5' title="bbox 279 3409 1290 3458">
     <span class='ocr_line' id='line_1_65' title="bbox 279 3409 1290 3458; baseline 0 -15"><span class='ocrx_word' id='word_1_543' title='bbox 279 3409 343 3456; x_wconf 82' lang='grc' dir='ltr'>γὰρ</span> <span class='ocrx_word' id='word_1_544' title='bbox 367 3409 408 3443; x_wconf 79' lang='grc' dir='ltr'>τὰ</span> <span class='ocrx_word' id='word_1_545' title='bbox 441 3414 498 3445; x_wconf 88' lang='grc' dir='ltr'>νῦν</span> <span class='ocrx_word' id='word_1_546' title='bbox 525 3410 639 3445; x_wconf 80' lang='grc' dir='ltr'>δίκαια</span> <span class='ocrx_word' id='word_1_547' title='bbox 670 3411 829 3458; x_wconf 82' lang='grc' dir='ltr'>πράσσεις</span> <span class='ocrx_word' id='word_1_548' title='bbox 856 3412 878 3443; x_wconf 79' lang='grc'>8</span> <span class='ocrx_word' id='word_1_549' title='bbox 904 3410 935 3443; x_wconf 81' lang='grc'>4.</span> <span class='ocrx_word' id='word_1_550' title='bbox 990 3411 1068 3445; x_wconf 89' lang='grc' dir='ltr'>νίκα</span> <span class='ocrx_word' id='word_1_551' title='bbox 1115 3414 1290 3445; x_wconf 81' lang='lat' dir='ltr'>concedam</span> 
     </span>
    </p>
   </div>
   <div class='ocr_carea' id='block_1_6' title="bbox 682 2185 1290 2230">
    <p class='ocr_par' dir='ltr' id='par_1_6' title="bbox 682 2185 1290 2230">
     <span class='ocr_line' id='line_1_66' title="bbox 682 2185 1290 2230; baseline 0.002 -11"><span class='ocrx_word' id='word_1_552' title='bbox 682 2214 690 2230; x_wconf 87' lang='lat'>‚</span> <span class='ocrx_word' id='word_1_553' title='bbox 722 2185 763 2220; x_wconf 92' lang='grc'>19</span> <span class='ocrx_word' id='word_1_554' title='bbox 790 2194 824 2220; x_wconf 90' lang='lat' dir='ltr'>et</span> <span class='ocrx_word' id='word_1_555' title='bbox 849 2190 924 2220; x_wconf 82' lang='lat' dir='ltr'>aliis</span> <span class='ocrx_word' id='word_1_556' title='bbox 942 2190 1022 2221; x_wconf 82' lang='lat' dir='ltr'>loeis</span> <span class='ocrx_word' id='word_1_557' title='bbox 1039 2191 1080 2221; x_wconf 83' lang='lat' dir='ltr'>ab</span> <span class='ocrx_word' id='word_1_558' title='bbox 1098 2191 1213 2222; x_wconf 88' lang='lat' dir='ltr'>Herm.</span> <span class='ocrx_word' id='word_1_559' title='bbox 1235 2190 1290 2220; x_wconf 87' lang='lat' dir='ltr'>in—</span> 
     </span>
    </p>
   </div>
   <div class='ocr_carea' id='block_1_7' title="bbox 1081 128 1553 199">
    <p class='ocr_par' dir='ltr' id='par_1_7' title="bbox 1081 128 1553 199">
     <span class='ocr_line' id='line_1_67' title="bbox 1081 128 1553 199; baseline -0.004 -19"><span class='ocrx_word' id='word_1_560' title='bbox 1081 128 1115 180; x_wconf 86' lang='grc' dir='ltr'>Γ</span> <span class='ocrx_word' id='word_1_561' title='bbox 1118 130 1338 199; x_wconf 69' lang='grc' dir='ltr'>αμψῶνυξ</span> <span class='ocrx_word' id='word_1_562' title='bbox 1366 160 1427 168; x_wconf 88' lang='grc'>-</span> <span class='ocrx_word' id='word_1_563' title='bbox 1459 128 1553 197; x_wconf 85' lang='grc' dir='ltr'>Γάρ</span> 
     </span>
    </p>
   </div>
   <div class='ocr_carea' id='block_1_8' title="bbox 1306 1306 1312 2065">
    <p class='ocr_par' dir='ltr' id='par_1_8' title="bbox 1306 1306 1312 2065">
     <span class='ocr_line' id='line_1_68' title="bbox 1306 1306 1312 2065; baseline 0 0"><span class='ocrx_word' id='word_1_564' title='bbox 1306 1306 1312 2065; x_wconf 95' lang='lat' dir='ltr'> </span> 
     </span>
    </p>
   </div>
   <div class='ocr_carea' id='block_1_9' title="bbox 2026 136 2288 186">
    <p class='ocr_par' dir='ltr' id='par_1_9' title="bbox 2026 136 2288 186">
     <span class='ocr_line' id='line_1_69' title="bbox 2026 136 2288 186; baseline 0.008 -12"><span class='ocrx_word' id='word_1_565' title='bbox 2026 138 2057 186; x_wconf 91' lang='lat'>[1</span> <span class='ocrx_word' id='word_1_566' title='bbox 2073 152 2107 184; x_wconf 74' lang='lat' dir='ltr'>p.</span> <span class='ocrx_word' id='word_1_567' title='bbox 2125 136 2288 176; x_wconf 80' lang='lat'><strong>328-33</strong></span> 
     </span>
    </p>
   </div>
   <div class='ocr_carea' id='block_1_10' title="bbox 1323 244 2288 3459">
    <p class='ocr_par' dir='ltr' id='par_1_10' title="bbox 1323 244 2288 3459">
     <span class='ocr_line' id='line_1_70' title="bbox 1326 244 2288 294; baseline 0.003 -15"><span class='ocrx_word' id='word_1_568' title='bbox 1326 246 1423 292; x_wconf 85' lang='lat' dir='ltr'>tibi)·</span> <span class='ocrx_word' id='word_1_569' title='bbox 1449 244 1565 294; x_wconf 65' lang='grc' dir='ltr'>χρόνῳ</span> <span class='ocrx_word' id='word_1_570' title='bbox 1583 245 1646 294; x_wconf 83' lang='grc' dir='ltr'>γὰρ</span> <span class='ocrx_word' id='word_1_571' title='bbox 1663 248 1785 294; x_wconf 86' lang='grc' dir='ltr'>γνώσει</span> <span class='ocrx_word' id='word_1_572' title='bbox 1800 245 1882 281; x_wconf 89' lang='grc' dir='ltr'>τάδε</span> <span class='ocrx_word' id='word_1_573' title='bbox 1899 245 1981 281; x_wconf 87' lang='grc'>852.</span> <span class='ocrx_word' id='word_1_574' title='bbox 2014 245 2113 281; x_wconf 83' lang='grc' dir='ltr'>οὐδὲν</span> <span class='ocrx_word' id='word_1_575' title='bbox 2132 246 2185 282; x_wconf 85' lang='grc' dir='ltr'>δεῖ</span> <span class='ocrx_word' id='word_1_576' title='bbox 2200 251 2288 282; x_wconf 78' lang='grc' dir='ltr'>πονε</span> 
     </span>
     <span class='ocr_line' id='line_1_71' title="bbox 1324 289 2288 342; baseline 0.001 -14"><span class='ocrx_word' id='word_1_577' title='bbox 1324 292 1425 328; x_wconf 83' lang='grc' dir='ltr'>ἄλλοι</span> <span class='ocrx_word' id='word_1_578' title='bbox 1440 295 1503 342; x_wconf 87' lang='grc' dir='ltr'>γὰρ</span> <span class='ocrx_word' id='word_1_579' title='bbox 1518 293 1550 328; x_wconf 84' lang='grc' dir='ltr'>οἱ</span> <span class='ocrx_word' id='word_1_580' title='bbox 1563 289 1764 333; x_wconf 76' lang='grc' dir='ltr'>σπεύδοντες</span> <span class='ocrx_word' id='word_1_581' title='bbox 1778 291 1878 327; x_wconf 88' lang='grc'>1023.</span> <span class='ocrx_word' id='word_1_582' title='bbox 1901 289 1930 327; x_wconf 77' lang='grc' dir='ltr'>α’</span> <span class='ocrx_word' id='word_1_583' title='bbox 1942 292 2014 328; x_wconf 87' lang='grc' dir='ltr'>εἷλε</span> <span class='ocrx_word' id='word_1_584' title='bbox 2027 289 2180 341; x_wconf 83' lang='grc' dir='ltr'>θηρῶνθ’</span> <span class='ocrx_word' id='word_1_585' title='bbox 2190 294 2214 340; x_wconf 90' lang='grc' dir='ltr'>ή</span> <span class='ocrx_word' id='word_1_586' title='bbox 2226 289 2288 342; x_wconf 74' lang='grc' dir='ltr'>τόχ</span> 
     </span>
     <span class='ocr_line' id='line_1_72' title="bbox 1323 339 2288 424; baseline 0 -49"><span class='ocrx_word' id='word_1_587' title='bbox 1323 339 1447 422; x_wconf 49' lang='grc' dir='ltr'>τ’ῗλγὰρ</span> <span class='ocrx_word' id='word_1_588' title='bbox 1466 339 1557 422; x_wconf 57' lang='grc' dir='ltr'>δόλέιζ</span> <span class='ocrx_word' id='word_1_589' title='bbox 1575 339 1722 411; x_wconf 67' lang='grc' dir='ltr'>κτήματ’</span> <span class='ocrx_word' id='word_1_590' title='bbox 1741 340 1820 424; x_wconf 40' lang='lat' dir='ltr'>gn&amp;</span> <span class='ocrx_word' id='word_1_591' title='bbox 1838 340 1981 406; x_wconf 66' lang='grc' dir='ltr'>σώζεται</span> <span class='ocrx_word' id='word_1_592' title='bbox 2001 339 2101 400; x_wconf 77' lang='grc'>1028.</span> <span class='ocrx_word' id='word_1_593' title='bbox 2129 340 2246 423; x_wconf 54' lang='grc' dir='ltr'>τέὲψέιν</span> <span class='ocrx_word' id='word_1_594' title='bbox 2263 353 2288 420; x_wconf 66' lang='lat' dir='ltr'>‘rtt</span> 
     </span>
     <span class='ocr_line' id='line_1_73' title="bbox 1324 399 2288 495; baseline 0.001 -28"><span class='ocrx_word' id='word_1_595' title='bbox 1324 400 1432 469; x_wconf 43' lang='lat'>5123?</span> <span class='ocrx_word' id='word_1_596' title='bbox 1467 399 1615 473; x_wconf 46' lang='grc' dir='ltr'>ἑῖἓὼέοδῖ</span> <span class='ocrx_word' id='word_1_597' title='bbox 1629 401 1787 482; x_wconf 42' lang='lat' dir='ltr'>affl&amp;</span> <span class='ocrx_word' id='word_1_598' title='bbox 1807 400 1879 495; x_wconf 55' lang='grc' dir='ltr'>ἓξὲξ.</span> <span class='ocrx_word' id='word_1_599' title='bbox 1897 400 1974 484; x_wconf 55' lang='grc' dir='ltr'>γάσρῗ</span> <span class='ocrx_word' id='word_1_600' title='bbox 1994 401 2086 485; x_wconf 62' lang='grc' dir='ltr'>ἆῖἕ,</span> <span class='ocrx_word' id='word_1_601' title='bbox 2098 401 2162 470; x_wconf 55' lang='grc' dir='ltr'>ἳῖᾱ</span> <span class='ocrx_word' id='word_1_602' title='bbox 2179 403 2217 470; x_wconf 66' lang='lat'>0}</span> <span class='ocrx_word' id='word_1_603' title='bbox 2231 400 2288 468; x_wconf 53' lang='lat'>{⁰12</span> 
     </span>
     <span class='ocr_line' id='line_1_74' title="bbox 1327 480 2288 531; baseline 0 -15"><span class='ocrx_word' id='word_1_604' title='bbox 1327 480 1404 516; x_wconf 76' lang='grc' dir='ltr'>οὔτε</span> <span class='ocrx_word' id='word_1_605' title='bbox 1421 481 1603 529; x_wconf 86' lang='grc' dir='ltr'>θαυμάσας</span> <span class='ocrx_word' id='word_1_606' title='bbox 1622 482 1694 530; x_wconf 76' lang='grc' dir='ltr'>ἔχω</span> <span class='ocrx_word' id='word_1_607' title='bbox 1706 510 1714 525; x_wconf 91' lang='grc'>,</span> <span class='ocrx_word' id='word_1_608' title='bbox 1737 482 1776 518; x_wconf 81' lang='grc' dir='ltr'>ού</span> <span class='ocrx_word' id='word_1_609' title='bbox 1793 495 1857 530; x_wconf 88' lang='grc' dir='ltr'>γαρ</span> <span class='ocrx_word' id='word_1_610' title='bbox 1874 482 2006 531; x_wconf 90' lang='grc' dir='ltr'>λόγοισι</span> <span class='ocrx_word' id='word_1_611' title='bbox 2022 483 2081 518; x_wconf 87' lang='grc' dir='ltr'>τὸν</span> <span class='ocrx_word' id='word_1_612' title='bbox 2099 482 2172 529; x_wconf 89' lang='grc' dir='ltr'>βίον</span> <span class='ocrx_word' id='word_1_613' title='bbox 2189 482 2288 517; x_wconf 78' lang='grc' dir='ltr'>σπουὲ</span> 
     </span>
     <span class='ocr_line' id='line_1_75' title="bbox 1325 526 2288 577; baseline 0 -13"><span class='ocrx_word' id='word_1_614' title='bbox 1325 529 1428 575; x_wconf 78' lang='grc' dir='ltr'>ζομεν</span> <span class='ocrx_word' id='word_1_615' title='bbox 1446 529 1604 575; x_wconf 87' lang='grc' dir='ltr'>λαμπρὸν</span> <span class='ocrx_word' id='word_1_616' title='bbox 1622 529 1797 565; x_wconf 91' lang='grc' dir='ltr'>ποιεῖσθαι</span> <span class='ocrx_word' id='word_1_617' title='bbox 1821 528 1921 563; x_wconf 88' lang='grc'>1143.</span> <span class='ocrx_word' id='word_1_618' title='bbox 1957 529 2112 576; x_wconf 81' lang='grc' dir='ltr'>δείκνυμι</span> <span class='ocrx_word' id='word_1_619' title='bbox 2130 526 2157 564; x_wconf 84' lang='grc' dir='ltr'>δ’</span> <span class='ocrx_word' id='word_1_620' title='bbox 2169 540 2177 547; x_wconf 86' lang='grc'>·</span> <span class='ocrx_word' id='word_1_621' title='bbox 2212 531 2259 565; x_wconf 85' lang='grc' dir='ltr'>ὧν</span> <span class='ocrx_word' id='word_1_622' title='bbox 2276 543 2288 577; x_wconf 77' lang='grc' dir='ltr'>γ</span> 
     </span>
     <span class='ocr_line' id='line_1_76' title="bbox 1325 572 2288 625; baseline 0.002 -15"><span class='ocrx_word' id='word_1_623' title='bbox 1325 572 1433 623; x_wconf 76' lang='grc' dir='ltr'>ὤμοσ’</span> <span class='ocrx_word' id='word_1_624' title='bbox 1451 576 1515 611; x_wconf 84' lang='grc' dir='ltr'>οὐκ</span> <span class='ocrx_word' id='word_1_625' title='bbox 1533 575 1732 624; x_wconf 76' lang='grc' dir='ltr'>ἐψευσάμην</span> <span class='ocrx_word' id='word_1_626' title='bbox 1753 576 1854 611; x_wconf 88' lang='grc'>1145.</span> <span class='ocrx_word' id='word_1_627' title='bbox 1885 577 2011 625; x_wconf 76' lang='grc' dir='ltr'>ἐξερῶ·</span> <span class='ocrx_word' id='word_1_628' title='bbox 2039 576 2158 616; x_wconf 89' lang='grc' dir='ltr'>καλῶς</span> <span class='ocrx_word' id='word_1_629' title='bbox 2175 576 2240 625; x_wconf 81' lang='grc' dir='ltr'>γὰρ</span> <span class='ocrx_word' id='word_1_630' title='bbox 2257 577 2288 619; x_wconf 81' lang='grc' dir='ltr'>ἐξ</span> 
     </span>
     <span class='ocr_line' id='line_1_77' title="bbox 1324 623 2288 685; baseline 0.002 -28"><span class='ocrx_word' id='word_1_631' title='bbox 1324 627 1379 682; x_wconf 66' lang='grc' dir='ltr'>γεῖ</span> <span class='ocrx_word' id='word_1_632' title='bbox 1403 623 1442 659; x_wconf 88' lang='grc' dir='ltr'>σύ</span> <span class='ocrx_word' id='word_1_633' title='bbox 1469 636 1528 682; x_wconf 72' lang='grc' dir='ltr'>μοι</span> <span class='ocrx_word' id='word_1_634' title='bbox 1555 623 1657 658; x_wconf 88' lang='grc'>1284.</span> <span class='ocrx_word' id='word_1_635' title='bbox 1702 624 1767 672; x_wconf 84' lang='grc' dir='ltr'>οὐχ</span> <span class='ocrx_word' id='word_1_636' title='bbox 1792 623 1863 684; x_wconf 75' lang='grc' dir='ltr'>οἷόν</span> <span class='ocrx_word' id='word_1_637' title='bbox 1888 635 1949 680; x_wconf 43' lang='lat' dir='ltr'>‘&#39;ce&#39;’</span> <span class='ocrx_word' id='word_1_638' title='bbox 1981 629 2057 683; x_wconf 76' lang='grc' dir='ltr'>πῶς</span> <span class='ocrx_word' id='word_1_639' title='bbox 2081 624 2145 685; x_wconf 73' lang='grc' dir='ltr'>γὰρ</span> <span class='ocrx_word' id='word_1_640' title='bbox 2164 624 2288 680; x_wconf 62' lang='grc' dir='ltr'>στράτε]</span> 
     </span>
     <span class='ocr_line' id='line_1_78' title="bbox 1324 669 2288 767; baseline 0.002 -15"><span class='ocrx_word' id='word_1_641' title='bbox 1324 671 1615 766; x_wconf 49' lang='grc' dir='ltr'>ἷξῖἓψέἱῖἶᾷἱῖᾎί</span> <span class='ocrx_word' id='word_1_642' title='bbox 1621 669 1729 758; x_wconf 51' lang='lat' dir='ltr'>{¹5}oe</span> <span class='ocrx_word' id='word_1_643' title='bbox 1745 684 1811 752; x_wconf 57' lang='lat'>³522</span> <span class='ocrx_word' id='word_1_644' title='bbox 1825 671 2175 767; x_wconf 53' lang='lat' dir='ltr'>{7⁶}{v&#39;qzss⁰alsssssfi²·</span> <span class='ocrx_word' id='word_1_645' title='bbox 2195 671 2288 766; x_wconf 57' lang='grc' dir='ltr'>ἔξὲρῖ</span> 
     </span>
     <span class='ocr_line' id='line_1_79' title="bbox 1325 764 2288 815; baseline 0 -14"><span class='ocrx_word' id='word_1_646' title='bbox 1325 766 1388 814; x_wconf 77' lang='grc' dir='ltr'>γὰρ</span> <span class='ocrx_word' id='word_1_647' title='bbox 1407 765 1564 813; x_wconf 78' lang='grc' dir='ltr'>ἀστραπὴ</span> <span class='ocrx_word' id='word_1_648' title='bbox 1593 765 1710 814; x_wconf 87' lang='grc' dir='ltr'>φλέγει</span> <span class='ocrx_word' id='word_1_649' title='bbox 1735 766 1837 801; x_wconf 90' lang='grc' dir='ltr'>πάλιν</span> <span class='ocrx_word' id='word_1_650' title='bbox 1858 764 1959 799; x_wconf 91' lang='grc'>1466.</span> <span class='ocrx_word' id='word_1_651' title='bbox 2003 765 2081 802; x_wconf 79' lang='grc' dir='ltr'>ἵκου</span> <span class='ocrx_word' id='word_1_652' title='bbox 2094 776 2101 783; x_wconf 93' lang='grc'>·</span> <span class='ocrx_word' id='word_1_653' title='bbox 2132 767 2149 802; x_wconf 86' lang='grc' dir='ltr'>ὁ</span> <span class='ocrx_word' id='word_1_654' title='bbox 2166 766 2231 815; x_wconf 81' lang='grc' dir='ltr'>γὰρ</span> <span class='ocrx_word' id='word_1_655' title='bbox 2250 767 2288 808; x_wconf 80' lang='grc' dir='ltr'>Εέ</span> 
     </span>
     <span class='ocr_line' id='line_1_80' title="bbox 1326 811 2288 862; baseline -0.002 -13"><span class='ocrx_word' id='word_1_656' title='bbox 1326 813 1460 855; x_wconf 79' lang='grc' dir='ltr'>ἐπαξιοῖ</span> <span class='ocrx_word' id='word_1_657' title='bbox 1487 811 1576 848; x_wconf 86' lang='grc'>1496</span> <span class='ocrx_word' id='word_1_658' title='bbox 1595 816 1645 847; x_wconf 85' lang='lat' dir='ltr'>ch.</span> <span class='ocrx_word' id='word_1_659' title='bbox 1690 813 1821 849; x_wconf 78' lang='grc' dir='ltr'>πείθεις</span> <span class='ocrx_word' id='word_1_660' title='bbox 1845 824 1906 860; x_wconf 93' lang='grc' dir='ltr'>με·</span> <span class='ocrx_word' id='word_1_661' title='bbox 1933 812 2047 849; x_wconf 83' lang='grc' dir='ltr'>πολλοὶ</span> <span class='ocrx_word' id='word_1_662' title='bbox 2072 814 2135 862; x_wconf 89' lang='grc' dir='ltr'>γάρ</span> <span class='ocrx_word' id='word_1_663' title='bbox 2162 826 2198 848; x_wconf 90' lang='grc' dir='ltr'>σε</span> <span class='ocrx_word' id='word_1_664' title='bbox 2219 813 2288 849; x_wconf 75' lang='grc' dir='ltr'>θεστ</span> 
     </span>
     <span class='ocr_line' id='line_1_81' title="bbox 1327 855 2288 920; baseline 0.001 -25"><span class='ocrx_word' id='word_1_665' title='bbox 1327 857 1416 901; x_wconf 75' lang='grc' dir='ltr'>ζονθ’</span> <span class='ocrx_word' id='word_1_666' title='bbox 1443 861 1513 907; x_wconf 83' lang='grc' dir='ltr'>ὁρῶ</span> <span class='ocrx_word' id='word_1_667' title='bbox 1540 859 1642 895; x_wconf 83' lang='grc'>1516.</span> <span class='ocrx_word' id='word_1_668' title='bbox 1695 857 1752 896; x_wconf 78' lang='grc' dir='ltr'>ὧδ’</span> <span class='ocrx_word' id='word_1_669' title='bbox 1779 855 1914 896; x_wconf 75' lang='grc' dir='ltr'>ἕπεσθ’·</span> <span class='ocrx_word' id='word_1_670' title='bbox 1942 860 2011 909; x_wconf 86' lang='grc' dir='ltr'>ἐγὼ</span> <span class='ocrx_word' id='word_1_671' title='bbox 2035 861 2099 920; x_wconf 83' lang='grc' dir='ltr'>γὰρ</span> <span class='ocrx_word' id='word_1_672' title='bbox 2121 861 2288 909; x_wconf 67' lang='grc' dir='ltr'>ήγεμὼντ</span> 
     </span>
     <span class='ocr_line' id='line_1_82' title="bbox 1327 905 2249 996; baseline 0.001 -7"><span class='ocrx_word' id='word_1_673' title='bbox 1327 920 1460 989; x_wconf 55' lang='grc' dir='ltr'>Ῠὲἷ7αι</span> <span class='ocrx_word' id='word_1_674' title='bbox 1480 906 1582 996; x_wconf 45' lang='grc' dir='ltr'>ἓξὲξ)</span> <span class='ocrx_word' id='word_1_675' title='bbox 1608 907 1940 995; x_wconf 53' lang='grc' dir='ltr'>ἐὲῇαῗύσῖιόίτενεκτῇῦῗε</span> <span class='ocrx_word' id='word_1_676' title='bbox 1960 908 2078 991; x_wconf 45' lang='grc' dir='ltr'>Ξιῗίθίκιά</span> <span class='ocrx_word' id='word_1_677' title='bbox 2112 905 2249 990; x_wconf 42' lang='lat' dir='ltr'>51&amp;ss</span> 
     </span>
     <span class='ocr_line' id='line_1_83' title="bbox 1325 967 2288 1051; baseline 0.001 -14"><span class='ocrx_word' id='word_1_678' title='bbox 1325 1003 1390 1051; x_wconf 85' lang='grc' dir='ltr'>γὰρ</span> <span class='ocrx_word' id='word_1_679' title='bbox 1408 1002 1447 1037; x_wconf 81' lang='grc' dir='ltr'>ἂν</span> <span class='ocrx_word' id='word_1_680' title='bbox 1465 1003 1636 1050; x_wconf 89' lang='grc' dir='ltr'>πημάτων</span> <span class='ocrx_word' id='word_1_681' title='bbox 1656 967 1985 1050; x_wconf 74' lang='grc' dir='ltr'>ἱκνουμένωνρπάλιν</span> <span class='ocrx_word' id='word_1_682' title='bbox 2004 1014 2040 1037; x_wconf 89' lang='grc' dir='ltr'>σε</span> <span class='ocrx_word' id='word_1_683' title='bbox 2058 1003 2190 1050; x_wconf 88' lang='grc' dir='ltr'>δαίμων</span> <span class='ocrx_word' id='word_1_684' title='bbox 2209 1002 2288 1038; x_wconf 86' lang='grc' dir='ltr'>δίκα</span> 
     </span>
     <span class='ocr_line' id='line_1_84' title="bbox 1325 1045 2288 1098; baseline -0.002 -12"><span class='ocrx_word' id='word_1_685' title='bbox 1325 1050 1422 1092; x_wconf 74' lang='grc' dir='ltr'>αύξοι</span> <span class='ocrx_word' id='word_1_686' title='bbox 1442 1049 1531 1083; x_wconf 85' lang='grc'>1565</span> <span class='ocrx_word' id='word_1_687' title='bbox 1550 1052 1601 1084; x_wconf 81' lang='lat' dir='ltr'>ch.</span> <span class='ocrx_word' id='word_1_688' title='bbox 1632 1046 1702 1085; x_wconf 78' lang='grc' dir='ltr'>οὐδ’</span> <span class='ocrx_word' id='word_1_689' title='bbox 1719 1049 1759 1085; x_wconf 89' lang='grc' dir='ltr'>ἂν</span> <span class='ocrx_word' id='word_1_690' title='bbox 1778 1050 1828 1089; x_wconf 85' lang='grc' dir='ltr'>εἷς</span> <span class='ocrx_word' id='word_1_691' title='bbox 1846 1045 1985 1098; x_wconf 87' lang='grc' dir='ltr'>φράσειε</span> <span class='ocrx_word' id='word_1_692' title='bbox 2000 1061 2006 1067; x_wconf 91' lang='grc'>·</span> <span class='ocrx_word' id='word_1_693' title='bbox 2034 1050 2074 1085; x_wconf 85' lang='grc' dir='ltr'>οὐ</span> <span class='ocrx_word' id='word_1_694' title='bbox 2091 1046 2157 1098; x_wconf 91' lang='grc' dir='ltr'>γάρ</span> <span class='ocrx_word' id='word_1_695' title='bbox 2174 1058 2225 1084; x_wconf 78' lang='grc' dir='ltr'>τις</span> <span class='ocrx_word' id='word_1_696' title='bbox 2241 1050 2288 1085; x_wconf 68' lang='grc' dir='ltr'>αὐ</span> 
     </span>
     <span class='ocr_line' id='line_1_85' title="bbox 1325 1093 2288 1146; baseline 0 -14"><span class='ocrx_word' id='word_1_697' title='bbox 1325 1099 1490 1146; x_wconf 86' lang='grc' dir='ltr'>κέραυνος</span> <span class='ocrx_word' id='word_1_698' title='bbox 1508 1097 1685 1146; x_wconf 78' lang='grc' dir='ltr'>ἐξέπραξεν</span> <span class='ocrx_word' id='word_1_699' title='bbox 1706 1096 1808 1132; x_wconf 85' lang='grc'>1658.</span> <span class='ocrx_word' id='word_1_700' title='bbox 1855 1097 1934 1133; x_wconf 75' lang='grc' dir='ltr'>οὐδὲ</span> <span class='ocrx_word' id='word_1_701' title='bbox 1959 1096 2085 1137; x_wconf 88' lang='grc' dir='ltr'>πένθος</span> <span class='ocrx_word' id='word_1_702' title='bbox 2106 1093 2192 1133; x_wconf 77' lang='grc' dir='ltr'>ἕλιπ’</span> <span class='ocrx_word' id='word_1_703' title='bbox 2209 1097 2288 1132; x_wconf 81' lang='grc' dir='ltr'>ἄκλι</span> 
     </span>
     <span class='ocr_line' id='line_1_86' title="bbox 1323 1142 2275 1192; baseline 0 -14"><span class='ocrx_word' id='word_1_704' title='bbox 1323 1157 1381 1180; x_wconf 91' lang='grc' dir='ltr'>τον</span> <span class='ocrx_word' id='word_1_705' title='bbox 1395 1156 1403 1163; x_wconf 93' lang='grc'>·</span> <span class='ocrx_word' id='word_1_706' title='bbox 1447 1144 1511 1180; x_wconf 86' lang='grc' dir='ltr'>ἀνὰ</span> <span class='ocrx_word' id='word_1_707' title='bbox 1543 1144 1607 1192; x_wconf 81' lang='grc' dir='ltr'>γὰρ</span> <span class='ocrx_word' id='word_1_708' title='bbox 1631 1144 1730 1191; x_wconf 86' lang='grc' dir='ltr'>ὄμμα</span> <span class='ocrx_word' id='word_1_709' title='bbox 1752 1157 1788 1179; x_wconf 91' lang='grc' dir='ltr'>σε</span> <span class='ocrx_word' id='word_1_710' title='bbox 1813 1143 1883 1180; x_wconf 71' lang='grc' dir='ltr'>τόδ’</span> <span class='ocrx_word' id='word_1_711' title='bbox 1916 1144 1999 1191; x_wconf 89' lang='grc' dir='ltr'>ἐμὸν</span> <span class='ocrx_word' id='word_1_712' title='bbox 2035 1145 2140 1180; x_wconf 88' lang='grc' dir='ltr'>στένει</span> <span class='ocrx_word' id='word_1_713' title='bbox 2185 1142 2275 1178; x_wconf 90' lang='grc'>1709</span> 
     </span>
     <span class='ocr_line' id='line_1_87' title="bbox 1325 1187 2288 1240; baseline -0.002 -13"><span class='ocrx_word' id='word_1_714' title='bbox 1325 1193 1507 1238; x_wconf 89' lang='grc' dir='ltr'>πείσομαι·</span> <span class='ocrx_word' id='word_1_715' title='bbox 1545 1193 1584 1227; x_wconf 92' lang='grc' dir='ltr'>τὸ</span> <span class='ocrx_word' id='word_1_716' title='bbox 1615 1192 1678 1239; x_wconf 85' lang='grc' dir='ltr'>γὰρ</span> <span class='ocrx_word' id='word_1_717' title='bbox 1713 1192 1854 1240; x_wconf 77' lang='grc' dir='ltr'>περισσὰ</span> <span class='ocrx_word' id='word_1_718' title='bbox 1887 1187 2047 1239; x_wconf 89' lang='grc' dir='ltr'>πράσσειν</span> <span class='ocrx_word' id='word_1_719' title='bbox 2078 1192 2142 1228; x_wconf 84' lang='grc' dir='ltr'>οὐκ</span> <span class='ocrx_word' id='word_1_720' title='bbox 2167 1191 2240 1240; x_wconf 79' lang='grc' dir='ltr'>ἔχει</span> <span class='ocrx_word' id='word_1_721' title='bbox 2263 1204 2288 1226; x_wconf 70' lang='grc' dir='ltr'>νι</span> 
     </span>
     <span class='ocr_line' id='line_1_88' title="bbox 1325 1238 2288 1296; baseline -0.002 -22"><span class='ocrx_word' id='word_1_722' title='bbox 1325 1243 1406 1274; x_wconf 85' lang='lat' dir='ltr'>Ant.</span> <span class='ocrx_word' id='word_1_723' title='bbox 1429 1238 1485 1274; x_wconf 86' lang='grc'>67.</span> <span class='ocrx_word' id='word_1_724' title='bbox 1521 1239 1634 1286; x_wconf 75' lang='grc' dir='ltr'>ἡδέως</span> <span class='ocrx_word' id='word_1_725' title='bbox 1650 1238 1839 1287; x_wconf 82' lang='grc' dir='ltr'>κάλγεινῶς</span> <span class='ocrx_word' id='word_1_726' title='bbox 1856 1238 1943 1286; x_wconf 83' lang='grc' dir='ltr'>ἅμα.</span> <span class='ocrx_word' id='word_1_727' title='bbox 1987 1240 2025 1275; x_wconf 87' lang='grc' dir='ltr'>τὸ</span> <span class='ocrx_word' id='word_1_728' title='bbox 2051 1240 2114 1286; x_wconf 86' lang='grc' dir='ltr'>μὲν</span> <span class='ocrx_word' id='word_1_729' title='bbox 2131 1239 2195 1296; x_wconf 83' lang='grc' dir='ltr'>γὰρ</span> <span class='ocrx_word' id='word_1_730' title='bbox 2213 1251 2288 1287; x_wconf 81' lang='grc' dir='ltr'>πεφι</span> 
     </span>
     <span class='ocr_line' id='line_1_89' title="bbox 1324 1286 2282 1335; baseline -0.002 -13"><span class='ocrx_word' id='word_1_731' title='bbox 1324 1286 1572 1335; x_wconf 86' lang='grc' dir='ltr'>γέναιῆδιστον</span> <span class='ocrx_word' id='word_1_732' title='bbox 1590 1286 1670 1320; x_wconf 84' lang='grc'>437.</span> <span class='ocrx_word' id='word_1_733' title='bbox 1709 1286 1788 1322; x_wconf 81' lang='grc' dir='ltr'>οὐδὲ</span> <span class='ocrx_word' id='word_1_734' title='bbox 1815 1286 1943 1322; x_wconf 86' lang='grc' dir='ltr'>σθένειν</span> <span class='ocrx_word' id='word_1_735' title='bbox 1968 1291 2129 1322; x_wconf 80' lang='grc' dir='ltr'>τοσοῦτον</span> <span class='ocrx_word' id='word_1_736' title='bbox 2160 1286 2282 1334; x_wconf 81' lang='grc' dir='ltr'>ῳόμην</span> 
     </span>
     <span class='ocr_line' id='line_1_90' title="bbox 1324 1329 2288 1417; baseline 0.001 -2"><span class='ocrx_word' id='word_1_737' title='bbox 1324 1329 1918 1417; x_wconf 41' lang='lat' dir='ltr'>efflares&amp;“iri‘&#39;..zzgssv</span> <span class='ocrx_word' id='word_1_738' title='bbox 1999 1330 2156 1416; x_wconf 55' lang='grc' dir='ltr'>1,ὲὶἀὲ</span> <span class='ocrx_word' id='word_1_739' title='bbox 2175 1334 2288 1416; x_wconf 56' lang='lat' dir='ltr'>{ise</span> 
     </span>
     <span class='ocr_line' id='line_1_91' title="bbox 1325 1394 2288 1477; baseline -0.001 -14"><span class='ocrx_word' id='word_1_740' title='bbox 1325 1409 1404 1464; x_wconf 68' lang='grc' dir='ltr'>ἀλλ”</span> <span class='ocrx_word' id='word_1_741' title='bbox 1418 1394 1617 1476; x_wconf 41' lang='lat' dir='ltr'>raptim</span> <span class='ocrx_word' id='word_1_742' title='bbox 1635 1394 1683 1476; x_wconf 63' lang='grc' dir='ltr'>,ἷὴ</span> <span class='ocrx_word' id='word_1_743' title='bbox 1703 1425 1792 1477; x_wconf 67' lang='grc' dir='ltr'>λέγ’·</span> <span class='ocrx_word' id='word_1_744' title='bbox 1829 1429 1867 1464; x_wconf 70' lang='grc' dir='ltr'>οὐ</span> <span class='ocrx_word' id='word_1_745' title='bbox 1885 1394 2034 1476; x_wconf 59' lang='grc' dir='ltr'>γᾶρρὲστ·</span> <span class='ocrx_word' id='word_1_746' title='bbox 2051 1394 2198 1463; x_wconf 50' lang='lat'>51:¹56?</span> <span class='ocrx_word' id='word_1_747' title='bbox 2227 1427 2288 1463; x_wconf 47' lang='lat'>6135*</span> 
     </span>
     <span class='ocr_line' id='line_1_92' title="bbox 1327 1475 2288 1524; baseline -0.002 -13"><span class='ocrx_word' id='word_1_748' title='bbox 1327 1489 1427 1523; x_wconf 89' lang='grc' dir='ltr'>μονες</span> <span class='ocrx_word' id='word_1_749' title='bbox 1439 1504 1446 1518; x_wconf 92' lang='grc'>,</span> <span class='ocrx_word' id='word_1_750' title='bbox 1470 1476 1538 1510; x_wconf 87' lang='grc' dir='ltr'>οἷσι</span> <span class='ocrx_word' id='word_1_751' title='bbox 1555 1481 1673 1510; x_wconf 87' lang='grc' dir='ltr'>κακῶν</span> <span class='ocrx_word' id='word_1_752' title='bbox 1692 1475 1856 1524; x_wconf 82' lang='grc' dir='ltr'>ἄγευστος</span> <span class='ocrx_word' id='word_1_753' title='bbox 1875 1477 1958 1511; x_wconf 85' lang='grc' dir='ltr'>αἰών</span> <span class='ocrx_word' id='word_1_754' title='bbox 1972 1487 1979 1494; x_wconf 95' lang='grc'>·</span> <span class='ocrx_word' id='word_1_755' title='bbox 2014 1475 2067 1515; x_wconf 83' lang='grc' dir='ltr'>οἷς</span> <span class='ocrx_word' id='word_1_756' title='bbox 2084 1476 2147 1524; x_wconf 81' lang='grc' dir='ltr'>γὰρ</span> <span class='ocrx_word' id='word_1_757' title='bbox 2165 1475 2206 1511; x_wconf 81' lang='grc' dir='ltr'>ἂν</span> <span class='ocrx_word' id='word_1_758' title='bbox 2225 1487 2288 1509; x_wconf 78' lang='grc' dir='ltr'>σειι</span> 
     </span>
     <span class='ocr_line' id='line_1_93' title="bbox 1326 1522 2276 1569; baseline -0.004 -10"><span class='ocrx_word' id='word_1_759' title='bbox 1326 1523 1446 1559; x_wconf 87' lang='grc' dir='ltr'>θεόθεν</span> <span class='ocrx_word' id='word_1_760' title='bbox 1465 1523 1587 1569; x_wconf 83' lang='grc' dir='ltr'>δόμος,</span> <span class='ocrx_word' id='word_1_761' title='bbox 1615 1523 1699 1562; x_wconf 80' lang='grc' dir='ltr'>ἄτας</span> <span class='ocrx_word' id='word_1_762' title='bbox 1723 1523 1822 1558; x_wconf 84' lang='grc' dir='ltr'>οὐδὲν</span> <span class='ocrx_word' id='word_1_763' title='bbox 1841 1523 1991 1559; x_wconf 88' lang='grc' dir='ltr'>ἐλλείπει</span> <span class='ocrx_word' id='word_1_764' title='bbox 2007 1522 2077 1557; x_wconf 85' lang='grc'>584</span> <span class='ocrx_word' id='word_1_765' title='bbox 2094 1526 2145 1557; x_wconf 84' lang='lat' dir='ltr'>eh.</span> <span class='ocrx_word' id='word_1_766' title='bbox 2174 1526 2230 1557; x_wconf 85' lang='lat' dir='ltr'>eui</span> <span class='ocrx_word' id='word_1_767' title='bbox 2246 1525 2276 1555; x_wconf 87' lang='lat' dir='ltr'>si</span> 
     </span>
     <span class='ocr_line' id='line_1_94' title="bbox 1326 1573 2288 1613; baseline -0.001 -9"><span class='ocrx_word' id='word_1_768' title='bbox 1326 1580 1443 1605; x_wconf 89' lang='lat' dir='ltr'>natum</span> <span class='ocrx_word' id='word_1_769' title='bbox 1476 1574 1646 1613; x_wconf 80' lang='lat' dir='ltr'>poeticum</span> <span class='ocrx_word' id='word_1_770' title='bbox 1679 1573 1870 1604; x_wconf 85' lang='lat' dir='ltr'>sententiae</span> <span class='ocrx_word' id='word_1_771' title='bbox 1902 1574 2107 1613; x_wconf 83' lang='lat' dir='ltr'>detraxeris,</span> <span class='ocrx_word' id='word_1_772' title='bbox 2144 1573 2222 1604; x_wconf 84' lang='lat' dir='ltr'>talis</span> <span class='ocrx_word' id='word_1_773' title='bbox 2255 1581 2288 1603; x_wconf 85' lang='lat' dir='ltr'>er</span> 
     </span>
     <span class='ocr_line' id='line_1_95' title="bbox 1327 1613 2288 1666; baseline -0.001 -13"><span class='ocrx_word' id='word_1_774' title='bbox 1327 1618 1528 1664; x_wconf 82' lang='grc' dir='ltr'>εὐδαίμονες</span> <span class='ocrx_word' id='word_1_775' title='bbox 1546 1618 1578 1653; x_wconf 89' lang='grc' dir='ltr'>οἱ</span> <span class='ocrx_word' id='word_1_776' title='bbox 1604 1618 1694 1666; x_wconf 85' lang='grc' dir='ltr'>μηδὲ</span> <span class='ocrx_word' id='word_1_777' title='bbox 1711 1613 1914 1666; x_wconf 86' lang='grc' dir='ltr'>γευσάμενοι</span> <span class='ocrx_word' id='word_1_778' title='bbox 1930 1623 2049 1654; x_wconf 92' lang='grc' dir='ltr'>κακῶν</span> <span class='ocrx_word' id='word_1_779' title='bbox 2061 1629 2068 1636; x_wconf 91' lang='grc'>·</span> <span class='ocrx_word' id='word_1_780' title='bbox 2104 1618 2189 1653; x_wconf 89' lang='grc' dir='ltr'>διότι</span> <span class='ocrx_word' id='word_1_781' title='bbox 2205 1617 2238 1652; x_wconf 84' lang='grc' dir='ltr'>οἱ</span> <span class='ocrx_word' id='word_1_782' title='bbox 2254 1615 2288 1652; x_wconf 75' lang='grc' dir='ltr'>ἅι</span> 
     </span>
     <span class='ocr_line' id='line_1_96' title="bbox 1326 1665 2279 1714; baseline -0.003 -13"><span class='ocrx_word' id='word_1_783' title='bbox 1326 1667 1531 1713; x_wconf 81' lang='grc' dir='ltr'>ἀτυχοῦντες</span> <span class='ocrx_word' id='word_1_784' title='bbox 1548 1665 1626 1712; x_wconf 82' lang='grc' dir='ltr'>θείᾳ</span> <span class='ocrx_word' id='word_1_785' title='bbox 1642 1665 1732 1714; x_wconf 78' lang='grc' dir='ltr'>τύχῃ</span> <span class='ocrx_word' id='word_1_786' title='bbox 1752 1666 1808 1701; x_wconf 83' lang='grc' dir='ltr'>διὰ</span> <span class='ocrx_word' id='word_1_787' title='bbox 1824 1666 1951 1705; x_wconf 84' lang='grc' dir='ltr'>παντὸς</span> <span class='ocrx_word' id='word_1_788' title='bbox 1967 1665 2279 1711; x_wconf 89' lang='grc' dir='ltr'>κακοδαιμονῶσιν.</span> 
     </span>
     <span class='ocr_line' id='line_1_97' title="bbox 1326 1710 2288 1762; baseline 0 -15"><span class='ocrx_word' id='word_1_789' title='bbox 1326 1715 1484 1762; x_wconf 86' lang='grc' dir='ltr'>γνώμας,</span> <span class='ocrx_word' id='word_1_790' title='bbox 1513 1712 1565 1751; x_wconf 82' lang='grc' dir='ltr'>αἷς</span> <span class='ocrx_word' id='word_1_791' title='bbox 1585 1710 1683 1760; x_wconf 70' lang='grc' dir='ltr'>ἔγωγ’</span> <span class='ocrx_word' id='word_1_792' title='bbox 1703 1713 1895 1761; x_wconf 85' lang='grc' dir='ltr'>ἐφέψομαι·</span> <span class='ocrx_word' id='word_1_793' title='bbox 1931 1713 1947 1748; x_wconf 88' lang='grc' dir='ltr'>ἐ</span> <span class='ocrx_word' id='word_1_794' title='bbox 1977 1713 2009 1748; x_wconf 82' lang='grc' dir='ltr'>οὶ</span> <span class='ocrx_word' id='word_1_795' title='bbox 2026 1712 2091 1761; x_wconf 84' lang='grc' dir='ltr'>γὰρ</span> <span class='ocrx_word' id='word_1_796' title='bbox 2109 1712 2220 1751; x_wconf 79' lang='grc' dir='ltr'>οὐδεὶς</span> <span class='ocrx_word' id='word_1_797' title='bbox 2237 1711 2288 1753; x_wconf 75' lang='grc' dir='ltr'>άξι</span> 
     </span>
     <span class='ocr_line' id='line_1_98' title="bbox 1329 1755 2288 1809; baseline 0.001 -15"><span class='ocrx_word' id='word_1_798' title='bbox 1329 1773 1422 1795; x_wconf 89' lang='grc' dir='ltr'>σεται</span> <span class='ocrx_word' id='word_1_799' title='bbox 1438 1755 1549 1807; x_wconf 84' lang='grc' dir='ltr'>γάμος</span> <span class='ocrx_word' id='word_1_800' title='bbox 1569 1760 1693 1806; x_wconf 81' lang='grc' dir='ltr'>μείζων</span> <span class='ocrx_word' id='word_1_801' title='bbox 1713 1760 1876 1809; x_wconf 84' lang='grc' dir='ltr'>φέρεσθαι</span> <span class='ocrx_word' id='word_1_802' title='bbox 1894 1759 1938 1794; x_wconf 88' lang='grc'>63</span> <span class='ocrx_word' id='word_1_803' title='bbox 1967 1788 1974 1794; x_wconf 94' lang='grc'>.</span> <span class='ocrx_word' id='word_1_804' title='bbox 2003 1763 2064 1795; x_wconf 85' lang='grc' dir='ltr'>σοῦ</span> <span class='ocrx_word' id='word_1_805' title='bbox 2082 1755 2110 1794; x_wconf 75' lang='grc' dir='ltr'>δ’</span> <span class='ocrx_word' id='word_1_806' title='bbox 2129 1759 2187 1795; x_wconf 83' lang='grc' dir='ltr'>οὖν</span> <span class='ocrx_word' id='word_1_807' title='bbox 2205 1759 2248 1794; x_wconf 82' lang='grc' dir='ltr'>πὲ</span> <span class='ocrx_word' id='word_1_808' title='bbox 2276 1771 2288 1795; x_wconf 76' lang='grc' dir='ltr'>ι’</span> 
     </span>
     <span class='ocr_line' id='line_1_99' title="bbox 1328 1803 2288 1855; baseline -0.002 -12"><span class='ocrx_word' id='word_1_809' title='bbox 1328 1803 1438 1843; x_wconf 88' lang='grc' dir='ltr'>πάντα</span> <span class='ocrx_word' id='word_1_810' title='bbox 1455 1812 1716 1855; x_wconf 89' lang='grc' dir='ltr'>προσκοπεῖν</span> <span class='ocrx_word' id='word_1_811' title='bbox 1738 1820 1745 1826; x_wconf 94' lang='grc'>·</span> <span class='ocrx_word' id='word_1_812' title='bbox 1777 1808 1816 1843; x_wconf 89' lang='grc' dir='ltr'>τὸ</span> <span class='ocrx_word' id='word_1_813' title='bbox 1841 1807 1905 1855; x_wconf 84' lang='grc' dir='ltr'>γὰρ</span> <span class='ocrx_word' id='word_1_814' title='bbox 1930 1809 1986 1842; x_wconf 87' lang='grc' dir='ltr'>σὸν</span> <span class='ocrx_word' id='word_1_815' title='bbox 2007 1806 2105 1854; x_wconf 85' lang='grc' dir='ltr'>ὄμμα</span> <span class='ocrx_word' id='word_1_816' title='bbox 2122 1807 2229 1842; x_wconf 86' lang='grc' dir='ltr'>δεινὸν</span> <span class='ocrx_word' id='word_1_817' title='bbox 2247 1818 2288 1842; x_wconf 85' lang='grc' dir='ltr'>αν</span> 
     </span>
     <span class='ocr_line' id='line_1_100' title="bbox 1329 1852 2288 1903; baseline 0 -14"><span class='ocrx_word' id='word_1_818' title='bbox 1329 1855 1465 1903; x_wconf 75' lang='grc' dir='ltr'>δημότῃ</span> <span class='ocrx_word' id='word_1_819' title='bbox 1484 1853 1563 1888; x_wconf 90' lang='grc'>690.</span> <span class='ocrx_word' id='word_1_820' title='bbox 1609 1854 1707 1903; x_wconf 84' lang='grc' dir='ltr'>ε’ίπερ</span> <span class='ocrx_word' id='word_1_821' title='bbox 1724 1856 1810 1903; x_wconf 84' lang='grc' dir='ltr'>γυνὴ</span> <span class='ocrx_word' id='word_1_822' title='bbox 1830 1854 1870 1890; x_wconf 86' lang='grc' dir='ltr'>σύ</span> <span class='ocrx_word' id='word_1_823' title='bbox 1884 1865 1891 1872; x_wconf 84' lang='grc'>·</span> <span class='ocrx_word' id='word_1_824' title='bbox 1926 1858 1987 1890; x_wconf 87' lang='grc' dir='ltr'>σοῦ</span> <span class='ocrx_word' id='word_1_825' title='bbox 2011 1854 2076 1903; x_wconf 82' lang='grc' dir='ltr'>γὰρ</span> <span class='ocrx_word' id='word_1_826' title='bbox 2090 1854 2150 1889; x_wconf 80' lang='grc' dir='ltr'>οὖν</span> <span class='ocrx_word' id='word_1_827' title='bbox 2167 1852 2288 1902; x_wconf 68' lang='grc' dir='ltr'>προκήῐ</span> 
     </span>
     <span class='ocr_line' id='line_1_101' title="bbox 1329 1897 2288 1950; baseline -0.001 -13"><span class='ocrx_word' id='word_1_828' title='bbox 1329 1915 1391 1949; x_wconf 89' lang='grc' dir='ltr'>μαι</span> <span class='ocrx_word' id='word_1_829' title='bbox 1408 1902 1488 1935; x_wconf 83' lang='grc'>741.</span> <span class='ocrx_word' id='word_1_830' title='bbox 1517 1902 1600 1949; x_wconf 82' lang='grc' dir='ltr'>νικᾷ</span> <span class='ocrx_word' id='word_1_831' title='bbox 1621 1898 1648 1936; x_wconf 72' lang='grc' dir='ltr'>δ’</span> <span class='ocrx_word' id='word_1_832' title='bbox 1666 1902 1812 1950; x_wconf 77' lang='grc' dir='ltr'>ἐναργὴς</span> <span class='ocrx_word' id='word_1_833' title='bbox 1831 1897 2012 1950; x_wconf 85' lang='grc' dir='ltr'>βλεφάρων</span> <span class='ocrx_word' id='word_1_834' title='bbox 2029 1901 2198 1950; x_wconf 74' lang='grc' dir='ltr'>ἵμερος...</span> <span class='ocrx_word' id='word_1_835' title='bbox 2216 1912 2223 1919; x_wconf 93' lang='grc'><em>“</em></span> <span class='ocrx_word' id='word_1_836' title='bbox 2250 1901 2288 1947; x_wconf 69' lang='grc' dir='ltr'>ἄρ</span> 
     </span>
     <span class='ocr_line' id='line_1_102' title="bbox 1354 1944 2288 1997; baseline -0.001 -13"><span class='ocrx_word' id='word_1_837' title='bbox 1354 1962 1391 1988; x_wconf 86' lang='grc' dir='ltr'>ος</span> <span class='ocrx_word' id='word_1_838' title='bbox 1418 1950 1482 1997; x_wconf 83' lang='grc' dir='ltr'>γὰρ</span> <span class='ocrx_word' id='word_1_839' title='bbox 1508 1949 1667 1995; x_wconf 75' lang='grc' dir='ltr'>ἐμπαίζει</span> <span class='ocrx_word' id='word_1_840' title='bbox 1690 1949 1769 1988; x_wconf 85' lang='grc' dir='ltr'>θεός</span> <span class='ocrx_word' id='word_1_841' title='bbox 1799 1948 1867 1983; x_wconf 89' lang='grc'>799</span> <span class='ocrx_word' id='word_1_842' title='bbox 1885 1952 1938 1982; x_wconf 83' lang='lat' dir='ltr'>eh.</span> <span class='ocrx_word' id='word_1_843' title='bbox 1981 1948 2115 1996; x_wconf 84' lang='grc' dir='ltr'>ἥκομεν</span> <span class='ocrx_word' id='word_1_844' title='bbox 2144 1944 2194 1984; x_wconf 74' lang='grc' dir='ltr'>δύ’</span> <span class='ocrx_word' id='word_1_845' title='bbox 2219 1948 2255 1989; x_wconf 75' lang='grc' dir='ltr'>ἐξ</span> <span class='ocrx_word' id='word_1_846' title='bbox 2271 1949 2288 1983; x_wconf 88' lang='grc' dir='ltr'>ἑ</span> 
     </span>
     <span class='ocr_line' id='line_1_103' title="bbox 1327 1962 2288 2045; baseline -0.002 -13"><span class='ocrx_word' id='word_1_847' title='bbox 1327 1962 1494 2043; x_wconf 58' lang='grc' dir='ltr'>βλέποντε</span> <span class='ocrx_word' id='word_1_848' title='bbox 1510 2007 1516 2013; x_wconf 87' lang='grc'>·</span> <span class='ocrx_word' id='word_1_849' title='bbox 1558 2001 1634 2031; x_wconf 77' lang='grc' dir='ltr'>τοῖς</span> <span class='ocrx_word' id='word_1_850' title='bbox 1664 1997 1825 2045; x_wconf 83' lang='grc' dir='ltr'>τυφλοῖσι</span> <span class='ocrx_word' id='word_1_851' title='bbox 1857 1997 1920 2044; x_wconf 86' lang='grc' dir='ltr'>γὰρ</span> <span class='ocrx_word' id='word_1_852' title='bbox 1954 1996 2041 2044; x_wconf 80' lang='grc' dir='ltr'>αὕτη</span> <span class='ocrx_word' id='word_1_853' title='bbox 2071 1995 2237 2031; x_wconf 76' lang='grc' dir='ltr'>κέλευθος</span> <span class='ocrx_word' id='word_1_854' title='bbox 2260 1995 2288 2030; x_wconf 74' lang='grc'>91</span> 
     </span>
     <span class='ocr_line' id='line_1_104' title="bbox 1329 2039 2288 2092; baseline -0.003 -13"><span class='ocrx_word' id='word_1_855' title='bbox 1329 2044 1409 2079; x_wconf 81' lang='grc' dir='ltr'>οὐδὲ</span> <span class='ocrx_word' id='word_1_856' title='bbox 1442 2039 1584 2079; x_wconf 86' lang='grc' dir='ltr'>θάπτειν</span> <span class='ocrx_word' id='word_1_857' title='bbox 1618 2044 1765 2092; x_wconf 84' lang='grc' dir='ltr'>παρήσω</span> <span class='ocrx_word' id='word_1_858' title='bbox 1789 2048 1915 2079; x_wconf 88' lang='grc' dir='ltr'>κεῖνον.</span> <span class='ocrx_word' id='word_1_859' title='bbox 1968 2043 2005 2079; x_wconf 82' lang='grc' dir='ltr'>εὖ</span> <span class='ocrx_word' id='word_1_860' title='bbox 2038 2043 2101 2092; x_wconf 81' lang='grc' dir='ltr'>γὰρ</span> <span class='ocrx_word' id='word_1_861' title='bbox 2135 2043 2212 2078; x_wconf 83' lang='grc' dir='ltr'>οἶδα</span> <span class='ocrx_word' id='word_1_862' title='bbox 2240 2042 2288 2076; x_wconf 81' lang='grc' dir='ltr'>1οι</span> 
     </span>
     <span class='ocr_line' id='line_1_105' title="bbox 1329 2086 2288 2139; baseline 0 -14"><span class='ocrx_word' id='word_1_863' title='bbox 1329 2093 1446 2139; x_wconf 89' lang='grc' dir='ltr'>παρὼν</span> <span class='ocrx_word' id='word_1_864' title='bbox 1465 2091 1675 2137; x_wconf 75' lang='grc' dir='ltr'>ἐκλύσομαι·</span> <span class='ocrx_word' id='word_1_865' title='bbox 1697 2091 1836 2126; x_wconf 85' lang='grc' dir='ltr'>δέδοικα</span> <span class='ocrx_word' id='word_1_866' title='bbox 1851 2086 1915 2139; x_wconf 88' lang='grc' dir='ltr'>γάρ</span> <span class='ocrx_word' id='word_1_867' title='bbox 1936 2089 2037 2125; x_wconf 88' lang='grc'>1113.</span> <span class='ocrx_word' id='word_1_868' title='bbox 2066 2091 2185 2126; x_wconf 79' lang='grc' dir='ltr'>ε’ίπατε</span> <span class='ocrx_word' id='word_1_869' title='bbox 2199 2101 2206 2108; x_wconf 92' lang='grc'>·</span> <span class='ocrx_word' id='word_1_870' title='bbox 2225 2101 2288 2125; x_wconf 62' lang='grc' dir='ltr'>κατι</span> 
     </span>
     <span class='ocr_line' id='line_1_106' title="bbox 1328 2135 2288 2187; baseline -0.001 -13"><span class='ocrx_word' id='word_1_871' title='bbox 1328 2141 1393 2187; x_wconf 81' lang='grc' dir='ltr'>γάρ</span> <span class='ocrx_word' id='word_1_872' title='bbox 1411 2138 1474 2173; x_wconf 83' lang='grc' dir='ltr'>οὐκ</span> <span class='ocrx_word' id='word_1_873' title='bbox 1492 2137 1631 2186; x_wconf 84' lang='grc' dir='ltr'>ἄπειρος</span> <span class='ocrx_word' id='word_1_874' title='bbox 1657 2135 1728 2173; x_wconf 72' lang='grc' dir='ltr'>οὖσ’</span> <span class='ocrx_word' id='word_1_875' title='bbox 1745 2138 1939 2184; x_wconf 84' lang='grc' dir='ltr'>ἀκούσομαι</span> <span class='ocrx_word' id='word_1_876' title='bbox 1966 2136 2066 2172; x_wconf 89' lang='grc'>1191.</span> <span class='ocrx_word' id='word_1_877' title='bbox 2105 2138 2239 2184; x_wconf 76' lang='grc' dir='ltr'>δμωαῖς</span> <span class='ocrx_word' id='word_1_878' title='bbox 2255 2149 2288 2184; x_wconf 63' lang='grc' dir='ltr'>π.</span> 
     </span>
     <span class='ocr_line' id='line_1_107' title="bbox 1329 2184 2288 2233; baseline 0 -13"><span class='ocrx_word' id='word_1_879' title='bbox 1329 2187 1448 2233; x_wconf 83' lang='grc' dir='ltr'>θήσειν</span> <span class='ocrx_word' id='word_1_880' title='bbox 1482 2184 1608 2224; x_wconf 86' lang='grc' dir='ltr'>πένθος</span> <span class='ocrx_word' id='word_1_881' title='bbox 1641 2186 1769 2221; x_wconf 81' lang='grc' dir='ltr'>οἰκεῖον</span> <span class='ocrx_word' id='word_1_882' title='bbox 1803 2186 1947 2221; x_wconf 87' lang='grc' dir='ltr'>στένειν·</span> <span class='ocrx_word' id='word_1_883' title='bbox 1991 2185 2158 2233; x_wconf 76' lang='grc' dir='ltr'>*γνώμης</span> <span class='ocrx_word' id='word_1_884' title='bbox 2189 2185 2253 2233; x_wconf 82' lang='grc' dir='ltr'>γὰρ</span> <span class='ocrx_word' id='word_1_885' title='bbox 2277 2197 2288 2220; x_wconf 85' lang='grc' dir='ltr'>ι</span> 
     </span>
     <span class='ocr_line' id='line_1_108' title="bbox 1328 2227 2288 2320; baseline -0.002 -4"><span class='ocrx_word' id='word_1_886' title='bbox 1328 2234 1467 2292; x_wconf 67' lang='grc'>1</span> <span class='ocrx_word' id='word_1_887' title='bbox 1488 2232 1844 2315; x_wconf 58' lang='grc' dir='ltr'>12131.1ῑ·.1.1.13ι;ῑ11·</span> <span class='ocrx_word' id='word_1_888' title='bbox 1874 2227 2288 2320; x_wconf 45' lang='grc' dir='ltr'>11λ.1·.ἒ1·1ι··1ιᾴι.ἓὲι</span> 
     </span>
     <span class='ocr_line' id='line_1_109' title="bbox 1327 2292 2288 2376; baseline -0.001 -13"><span class='ocrx_word' id='word_1_889' title='bbox 1327 2325 1389 2363; x_wconf 73' lang='grc' dir='ltr'>τιν’</span> <span class='ocrx_word' id='word_1_890' title='bbox 1414 2329 1455 2364; x_wconf 88' lang='grc' dir='ltr'>ἐκ</span> <span class='ocrx_word' id='word_1_891' title='bbox 1481 2327 1588 2374; x_wconf 87' lang='grc' dir='ltr'>φόβου</span> <span class='ocrx_word' id='word_1_892' title='bbox 1614 2301 1719 2376; x_wconf 77' lang='grc' dir='ltr'>φόβον</span> <span class='ocrx_word' id='word_1_893' title='bbox 1736 2294 1852 2375; x_wconf 58' lang='grc' dir='ltr'>τρέξρω</span> <span class='ocrx_word' id='word_1_894' title='bbox 1870 2326 1927 2360; x_wconf 88' lang='grc'>27.</span> <span class='ocrx_word' id='word_1_895' title='bbox 1963 2292 2115 2362; x_wconf 48' lang='grc' dir='ltr'>ὶεέίπέῖῐ..εἴ</span> <span class='ocrx_word' id='word_1_896' title='bbox 2142 2325 2288 2374; x_wconf 74' lang='grc' dir='ltr'>ποθουμι</span> 
     </span>
     <span class='ocr_line' id='line_1_110' title="bbox 1329 2370 2288 2424; baseline -0.002 -14"><span class='ocrx_word' id='word_1_897' title='bbox 1329 2376 1392 2424; x_wconf 83' lang='grc' dir='ltr'>γὰρ</span> <span class='ocrx_word' id='word_1_898' title='bbox 1411 2375 1508 2424; x_wconf 84' lang='grc' dir='ltr'>φρενὶ</span> <span class='ocrx_word' id='word_1_899' title='bbox 1524 2370 1742 2421; x_wconf 84' lang='grc' dir='ltr'>πυνθάνομαι</span> <span class='ocrx_word' id='word_1_900' title='bbox 1762 2373 1828 2409; x_wconf 84' lang='grc'>103</span> <span class='ocrx_word' id='word_1_901' title='bbox 1846 2377 1897 2408; x_wconf 85' lang='lat' dir='ltr'>eh.</span> <span class='ocrx_word' id='word_1_902' title='bbox 1942 2374 2006 2408; x_wconf 89' lang='grc' dir='ltr'>οὐκ</span> <span class='ocrx_word' id='word_1_903' title='bbox 2023 2374 2188 2422; x_wconf 81' lang='grc' dir='ltr'>εύμαρείᾳ</span> <span class='ocrx_word' id='word_1_904' title='bbox 2204 2374 2288 2423; x_wconf 68' lang='grc' dir='ltr'>χρώι</span> 
     </span>
     <span class='ocr_line' id='line_1_111' title="bbox 1329 2419 2288 2471; baseline -0.003 -13"><span class='ocrx_word' id='word_1_905' title='bbox 1329 2436 1386 2462; x_wconf 92' lang='grc' dir='ltr'>νος</span> <span class='ocrx_word' id='word_1_906' title='bbox 1410 2421 1526 2471; x_wconf 79' lang='grc' dir='ltr'>πολλῆ</span> <span class='ocrx_word' id='word_1_907' title='bbox 1540 2432 1547 2438; x_wconf 94' lang='grc'>·</span> <span class='ocrx_word' id='word_1_908' title='bbox 1589 2421 1709 2470; x_wconf 85' lang='grc' dir='ltr'>κύκλῳ</span> <span class='ocrx_word' id='word_1_909' title='bbox 1739 2422 1803 2470; x_wconf 87' lang='grc' dir='ltr'>γὰρ</span> <span class='ocrx_word' id='word_1_910' title='bbox 1830 2421 1930 2456; x_wconf 85' lang='grc' dir='ltr'>αὐτὸν</span> <span class='ocrx_word' id='word_1_911' title='bbox 1955 2419 2112 2469; x_wconf 87' lang='grc' dir='ltr'>Μηλιεὺς</span> <span class='ocrx_word' id='word_1_912' title='bbox 2138 2419 2229 2460; x_wconf 81' lang='grc' dir='ltr'>ἅπας</span> <span class='ocrx_word' id='word_1_913' title='bbox 2253 2420 2288 2455; x_wconf 85' lang='grc' dir='ltr'>λε</span> 
     </span>
     <span class='ocr_line' id='line_1_112' title="bbox 1328 2455 2288 2551; baseline -0.001 -47"><span class='ocrx_word' id='word_1_914' title='bbox 1328 2470 1435 2551; x_wconf 58' lang='grc' dir='ltr'>κρὲνει</span> <span class='ocrx_word' id='word_1_915' title='bbox 1454 2455 1555 2550; x_wconf 65' lang='grc' dir='ltr'>194.κ</span> <span class='ocrx_word' id='word_1_916' title='bbox 1567 2468 1660 2550; x_wconf 36' lang='grc' dir='ltr'>εῗυδὲ</span> <span class='ocrx_word' id='word_1_917' title='bbox 1676 2467 1977 2529; x_wconf 40' lang='grc' dir='ltr'>πριοσφωνῖούμεθα</span> <span class='ocrx_word' id='word_1_918' title='bbox 1992 2465 2067 2504; x_wconf 82' lang='grc' dir='ltr'>κατ’</span> <span class='ocrx_word' id='word_1_919' title='bbox 2083 2469 2122 2550; x_wconf 67' lang='grc' dir='ltr'>ἕρ</span> <span class='ocrx_word' id='word_1_920' title='bbox 2146 2472 2288 2551; x_wconf 27' lang='lat' dir='ltr'>oneng-‘hg</span> 
     </span>
     <span class='ocr_line' id='line_1_113' title="bbox 1328 2528 2288 2612; baseline -0.001 -13"><span class='ocrx_word' id='word_1_921' title='bbox 1328 2529 1516 2612; x_wconf 59' lang='grc' dir='ltr'>ἔζηρέεἶᾶρ</span> <span class='ocrx_word' id='word_1_922' title='bbox 1535 2528 2189 2611; x_wconf 45' lang='grc' dir='ltr'>οἕκωξῑὲξῗῗῖἓῖξάῗἶέἔῃάἕῗσῖόὶουν</span> <span class='ocrx_word' id='word_1_923' title='bbox 2202 2528 2288 2612; x_wconf 55' lang='lat'>232¹</span> 
     </span>
     <span class='ocr_line' id='line_1_114' title="bbox 1330 2606 2288 2659; baseline -0.002 -14"><span class='ocrx_word' id='word_1_924' title='bbox 1330 2611 1408 2645; x_wconf 83' lang='lat'>317.</span> <span class='ocrx_word' id='word_1_925' title='bbox 1427 2607 1496 2657; x_wconf 81' lang='grc' dir='ltr'>λέγ’</span> <span class='ocrx_word' id='word_1_926' title='bbox 1506 2611 1537 2646; x_wconf 79' lang='grc' dir='ltr'>εἴ</span> <span class='ocrx_word' id='word_1_927' title='bbox 1550 2623 1582 2644; x_wconf 89' lang='grc' dir='ltr'>τι</span> <span class='ocrx_word' id='word_1_928' title='bbox 1600 2606 1756 2659; x_wconf 78' lang='grc' dir='ltr'>χρῄζεις,</span> <span class='ocrx_word' id='word_1_929' title='bbox 1776 2611 1908 2659; x_wconf 81' lang='grc' dir='ltr'>καὶγὰρ</span> <span class='ocrx_word' id='word_1_930' title='bbox 1919 2610 1958 2646; x_wconf 85' lang='grc' dir='ltr'>οὐ</span> <span class='ocrx_word' id='word_1_931' title='bbox 1971 2610 2109 2658; x_wconf 87' lang='grc' dir='ltr'>σιγηλὸς</span> <span class='ocrx_word' id='word_1_932' title='bbox 2121 2610 2151 2646; x_wconf 82' lang='grc' dir='ltr'>εἶ</span> <span class='ocrx_word' id='word_1_933' title='bbox 2163 2608 2245 2644; x_wconf 88' lang='grc'>416.</span> <span class='ocrx_word' id='word_1_934' title='bbox 2262 2621 2288 2645; x_wconf 86' lang='grc' dir='ltr'>οι</span> 
     </span>
     <span class='ocr_line' id='line_1_115' title="bbox 1328 2652 2288 2746; baseline -0.002 -5"><span class='ocrx_word' id='word_1_935' title='bbox 1328 2660 1709 2741; x_wconf 53' lang='grc' dir='ltr'>ιοῐῑ14ιι111ιλξξῑεί</span> <span class='ocrx_word' id='word_1_936' title='bbox 1718 2657 2009 2741; x_wconf 31' lang='lat' dir='ltr'>eserieie}</span> <span class='ocrx_word' id='word_1_937' title='bbox 2024 2652 2288 2746; x_wconf 40' lang='lat' dir='ltr'>eadee:</span> 
     </span>
     <span class='ocr_line' id='line_1_116' title="bbox 1328 2716 2262 2800; baseline 0 -13"><span class='ocrx_word' id='word_1_938' title='bbox 1328 2720 1499 2788; x_wconf 54' lang='grc' dir='ltr'>κλύουσαν</span> <span class='ocrx_word' id='word_1_939' title='bbox 1514 2752 1578 2787; x_wconf 80' lang='grc' dir='ltr'>οὐκ</span> <span class='ocrx_word' id='word_1_940' title='bbox 1588 2751 1774 2800; x_wconf 89' lang='grc' dir='ltr'>ἀνασχετόν</span> <span class='ocrx_word' id='word_1_941' title='bbox 1787 2752 1865 2786; x_wconf 91' lang='grc'>721.</span> <span class='ocrx_word' id='word_1_942' title='bbox 1881 2753 1898 2787; x_wconf 93' lang='lat'>6</span> <span class='ocrx_word' id='word_1_943' title='bbox 1913 2718 1995 2788; x_wconf 50' lang='grc' dir='ltr'>παςς</span> <span class='ocrx_word' id='word_1_944' title='bbox 2005 2718 2164 2798; x_wconf 60' lang='grc' dir='ltr'>ᾤμωηξενγ.</span> <span class='ocrx_word' id='word_1_945' title='bbox 2175 2716 2262 2800; x_wconf 57' lang='grc' dir='ltr'>ἔγνω</span> 
     </span>
     <span class='ocr_line' id='line_1_117' title="bbox 1329 2764 2288 2849; baseline -0.001 -16"><span class='ocrx_word' id='word_1_946' title='bbox 1329 2799 1408 2834; x_wconf 88' lang='grc'>932.</span> <span class='ocrx_word' id='word_1_947' title='bbox 1431 2799 1633 2847; x_wconf 88' lang='grc' dir='ltr'>ἐποικτείρω</span> <span class='ocrx_word' id='word_1_948' title='bbox 1652 2799 1688 2835; x_wconf 85' lang='grc' dir='ltr'>δέ</span> <span class='ocrx_word' id='word_1_949' title='bbox 1703 2812 1828 2834; x_wconf 91' lang='grc' dir='ltr'>νιν...·</span> <span class='ocrx_word' id='word_1_950' title='bbox 1857 2800 1928 2847; x_wconf 86' lang='grc' dir='ltr'>ὁρῶ</span> <span class='ocrx_word' id='word_1_951' title='bbox 1945 2794 1988 2847; x_wconf 84' lang='grc' dir='ltr'>γά</span> <span class='ocrx_word' id='word_1_952' title='bbox 2026 2802 2081 2832; x_wconf 87' lang='lat' dir='ltr'>Ai.</span> <span class='ocrx_word' id='word_1_953' title='bbox 2109 2797 2187 2833; x_wconf 82' lang='lat'>125.</span> <span class='ocrx_word' id='word_1_954' title='bbox 2215 2764 2288 2849; x_wconf 63' lang='grc' dir='ltr'>σφό]ι</span> 
     </span>
     <span class='ocr_line' id='line_1_118' title="bbox 1329 2811 2288 2895; baseline -0.002 -14"><span class='ocrx_word' id='word_1_955' title='bbox 1329 2846 1442 2882; x_wconf 89' lang='grc' dir='ltr'>πείθει</span> <span class='ocrx_word' id='word_1_956' title='bbox 1457 2858 1462 2864; x_wconf 92' lang='grc'>·</span> <span class='ocrx_word' id='word_1_957' title='bbox 1490 2847 1568 2895; x_wconf 88' lang='grc' dir='ltr'>περὶ</span> <span class='ocrx_word' id='word_1_958' title='bbox 1584 2846 1647 2894; x_wconf 82' lang='grc' dir='ltr'>γὰρ</span> <span class='ocrx_word' id='word_1_959' title='bbox 1667 2850 1726 2882; x_wconf 87' lang='grc' dir='ltr'>σοῦ</span> <span class='ocrx_word' id='word_1_960' title='bbox 1743 2851 1801 2882; x_wconf 85' lang='grc' dir='ltr'>νῦν</span> <span class='ocrx_word' id='word_1_961' title='bbox 1820 2845 1979 2881; x_wconf 79' lang='grc' dir='ltr'>εύπειστα</span> <span class='ocrx_word' id='word_1_962' title='bbox 1992 2811 2085 2894; x_wconf 52' lang='grc' dir='ltr'>λέγει</span> <span class='ocrx_word' id='word_1_963' title='bbox 2100 2845 2167 2880; x_wconf 87' lang='grc'>150</span> <span class='ocrx_word' id='word_1_964' title='bbox 2181 2857 2235 2880; x_wconf 80' lang='lat' dir='ltr'>an.</span> <span class='ocrx_word' id='word_1_965' title='bbox 2264 2855 2288 2888; x_wconf 54' lang='grc' dir='ltr'>σε</span> 
     </span>
     <span class='ocr_line' id='line_1_119' title="bbox 1329 2890 2288 2942; baseline -0.002 -13"><span class='ocrx_word' id='word_1_966' title='bbox 1329 2894 1407 2941; x_wconf 87' lang='grc' dir='ltr'>κροὶ</span> <span class='ocrx_word' id='word_1_967' title='bbox 1426 2890 1584 2942; x_wconf 87' lang='grc' dir='ltr'>μεγάλων</span> <span class='ocrx_word' id='word_1_968' title='bbox 1601 2894 1710 2941; x_wconf 81' lang='grc' dir='ltr'>χωρὶς</span> <span class='ocrx_word' id='word_1_969' title='bbox 1727 2894 1894 2941; x_wconf 87' lang='grc' dir='ltr'>σφαλερὸν</span> <span class='ocrx_word' id='word_1_970' title='bbox 1911 2893 2040 2942; x_wconf 89' lang='grc' dir='ltr'>πύργου</span> <span class='ocrx_word' id='word_1_971' title='bbox 2057 2893 2149 2941; x_wconf 79' lang='grc' dir='ltr'>ῥῦμα</span> <span class='ocrx_word' id='word_1_972' title='bbox 2160 2892 2288 2928; x_wconf 72' lang='grc' dir='ltr'>πέλοντι</span> 
     </span>
     <span class='ocr_line' id='line_1_120' title="bbox 1331 2937 2288 2988; baseline -0.003 -13"><span class='ocrx_word' id='word_1_973' title='bbox 1331 2941 1417 2987; x_wconf 85' lang='grc' dir='ltr'>μετὰ</span> <span class='ocrx_word' id='word_1_974' title='bbox 1440 2941 1504 2988; x_wconf 89' lang='grc' dir='ltr'>γὰρ</span> <span class='ocrx_word' id='word_1_975' title='bbox 1529 2938 1689 2988; x_wconf 89' lang='grc' dir='ltr'>μεγάλων</span> <span class='ocrx_word' id='word_1_976' title='bbox 1716 2941 1811 2987; x_wconf 84' lang='grc' dir='ltr'>βαιὸς</span> <span class='ocrx_word' id='word_1_977' title='bbox 1839 2937 1944 2988; x_wconf 78' lang='grc' dir='ltr'>ἄριστ’</span> <span class='ocrx_word' id='word_1_978' title='bbox 1970 2941 2010 2976; x_wconf 85' lang='grc' dir='ltr'>ἂν</span> <span class='ocrx_word' id='word_1_979' title='bbox 2030 2939 2168 2985; x_wconf 86' lang='grc' dir='ltr'>ὀρθοῖτο</span> <span class='ocrx_word' id='word_1_980' title='bbox 2197 2938 2288 2973; x_wconf 87' lang='grc' dir='ltr'>16οι</span> 
     </span>
     <span class='ocr_line' id='line_1_121' title="bbox 1329 2981 2288 3035; baseline 0 -12"><span class='ocrx_word' id='word_1_981' title='bbox 1329 2987 1436 3035; x_wconf 86' lang='grc' dir='ltr'>δῆλός</span> <span class='ocrx_word' id='word_1_982' title='bbox 1454 2988 1541 3023; x_wconf 91' lang='grc' dir='ltr'>ἐστιν</span> <span class='ocrx_word' id='word_1_983' title='bbox 1560 2989 1607 3027; x_wconf 81' lang='grc' dir='ltr'>ὥς</span> <span class='ocrx_word' id='word_1_984' title='bbox 1623 3000 1655 3022; x_wconf 89' lang='grc' dir='ltr'>τι</span> <span class='ocrx_word' id='word_1_985' title='bbox 1673 2987 1836 3035; x_wconf 87' lang='grc' dir='ltr'>δρασείων</span> <span class='ocrx_word' id='word_1_986' title='bbox 1853 2987 1959 3022; x_wconf 88' lang='grc' dir='ltr'>κακόν</span> <span class='ocrx_word' id='word_1_987' title='bbox 1973 2999 1980 3006; x_wconf 93' lang='grc'>·</span> <span class='ocrx_word' id='word_1_988' title='bbox 2004 2989 2171 3022; x_wconf 80' lang='grc' dir='ltr'>*τοιαῦτα</span> <span class='ocrx_word' id='word_1_989' title='bbox 2185 2981 2250 3034; x_wconf 85' lang='grc' dir='ltr'>γάρ</span> <span class='ocrx_word' id='word_1_990' title='bbox 2267 2997 2288 3023; x_wconf 81' lang='grc' dir='ltr'>π</span> 
     </span>
     <span class='ocr_line' id='line_1_122' title="bbox 1328 3033 2260 3083; baseline -0.001 -13"><span class='ocrx_word' id='word_1_991' title='bbox 1328 3036 1386 3070; x_wconf 79' lang='grc' dir='ltr'>καὶ</span> <span class='ocrx_word' id='word_1_992' title='bbox 1414 3035 1506 3083; x_wconf 88' lang='grc' dir='ltr'>λέγει</span> <span class='ocrx_word' id='word_1_993' title='bbox 1531 3035 1720 3082; x_wconf 82' lang='grc' dir='ltr'>κώδύρεται</span> <span class='ocrx_word' id='word_1_994' title='bbox 1745 3033 1814 3068; x_wconf 87' lang='grc'>327</span> <span class='ocrx_word' id='word_1_995' title='bbox 1842 3036 1934 3078; x_wconf 86' lang='lat' dir='ltr'>[secl.</span> <span class='ocrx_word' id='word_1_996' title='bbox 1962 3036 2075 3078; x_wconf 86' lang='lat' dir='ltr'>Nek.].</span> <span class='ocrx_word' id='word_1_997' title='bbox 2138 3033 2260 3070; x_wconf 79' lang='grc' dir='ltr'>ἔλεσθέ</span> 
     </span>
     <span class='ocr_line' id='line_1_123' title="bbox 1330 3075 2275 3130; baseline 0 -14"><span class='ocrx_word' id='word_1_998' title='bbox 1330 3081 1407 3117; x_wconf 77' lang='grc' dir='ltr'>οὔτε</span> <span class='ocrx_word' id='word_1_999' title='bbox 1425 3082 1488 3130; x_wconf 81' lang='grc' dir='ltr'>γὰρ</span> <span class='ocrx_word' id='word_1_1000' title='bbox 1506 3081 1596 3122; x_wconf 80' lang='grc' dir='ltr'>ἄξιος</span> <span class='ocrx_word' id='word_1_1001' title='bbox 1614 3081 1750 3128; x_wconf 81' lang='grc' dir='ltr'>βλέπειν</span> <span class='ocrx_word' id='word_1_1002' title='bbox 1766 3080 1833 3115; x_wconf 85' lang='grc'>397</span> <span class='ocrx_word' id='word_1_1003' title='bbox 1843 3093 1887 3114; x_wconf 92' lang='lat' dir='ltr'>m.</span> <span class='ocrx_word' id='word_1_1004' title='bbox 1916 3077 2056 3129; x_wconf 87' lang='grc' dir='ltr'>πάρεστι</span> <span class='ocrx_word' id='word_1_1005' title='bbox 2073 3080 2133 3115; x_wconf 88' lang='grc' dir='ltr'>καὶ</span> <span class='ocrx_word' id='word_1_1006' title='bbox 2150 3081 2200 3115; x_wconf 77' lang='grc' dir='ltr'>δὶς</span> <span class='ocrx_word' id='word_1_1007' title='bbox 2216 3075 2275 3116; x_wconf 69' lang='lat' dir='ltr'>ald</span> 
     </span>
     <span class='ocr_line' id='line_1_124' title="bbox 1330 3123 2288 3177; baseline -0.002 -13"><span class='ocrx_word' id='word_1_1008' title='bbox 1330 3129 1409 3175; x_wconf 90' lang='grc' dir='ltr'>ἐμοὶ</span> <span class='ocrx_word' id='word_1_1009' title='bbox 1434 3129 1493 3163; x_wconf 87' lang='grc' dir='ltr'>καὶ</span> <span class='ocrx_word' id='word_1_1010' title='bbox 1516 3129 1600 3177; x_wconf 89' lang='grc' dir='ltr'>πρὸς</span> <span class='ocrx_word' id='word_1_1011' title='bbox 1623 3128 1790 3163; x_wconf 83' lang='grc' dir='ltr'>τοιούτοις</span> <span class='ocrx_word' id='word_1_1012' title='bbox 1813 3128 1877 3175; x_wconf 85' lang='grc' dir='ltr'>γὰρ</span> <span class='ocrx_word' id='word_1_1013' title='bbox 1902 3133 2025 3167; x_wconf 89' lang='grc' dir='ltr'>κακοῖς</span> <span class='ocrx_word' id='word_1_1014' title='bbox 2045 3127 2120 3163; x_wconf 88' lang='grc' dir='ltr'>ἐντυ</span> <span class='ocrx_word' id='word_1_1015' title='bbox 2169 3123 2240 3163; x_wconf 84' lang='grc' dir='ltr'>άνω</span> <span class='ocrx_word' id='word_1_1016' title='bbox 2257 3125 2288 3162; x_wconf 72' lang='grc' dir='ltr'>4ἔ</span> 
     </span>
     <span class='ocr_line' id='line_1_125' title="bbox 1328 3172 2288 3224; baseline -0.004 -12"><span class='ocrx_word' id='word_1_1017' title='bbox 1328 3177 1360 3212; x_wconf 85' lang='grc' dir='ltr'>τί</span> <span class='ocrx_word' id='word_1_1018' title='bbox 1379 3176 1447 3223; x_wconf 84' lang='grc' dir='ltr'>μή;</span> <span class='ocrx_word' id='word_1_1019' title='bbox 1483 3176 1542 3211; x_wconf 89' lang='grc' dir='ltr'>καὶ</span> <span class='ocrx_word' id='word_1_1020' title='bbox 1566 3176 1629 3224; x_wconf 84' lang='grc' dir='ltr'>γὰρ</span> <span class='ocrx_word' id='word_1_1021' title='bbox 1654 3175 1696 3209; x_wconf 84' lang='grc' dir='ltr'>τὰ</span> <span class='ocrx_word' id='word_1_1022' title='bbox 1721 3175 1813 3210; x_wconf 85' lang='grc' dir='ltr'>δεινὰ</span> <span class='ocrx_word' id='word_1_1023' title='bbox 1834 3179 1952 3221; x_wconf 89' lang='grc' dir='ltr'>τιμαῖς</span> <span class='ocrx_word' id='word_1_1024' title='bbox 1975 3175 2107 3210; x_wconf 81' lang='grc' dir='ltr'>ὑπείκει</span> <span class='ocrx_word' id='word_1_1025' title='bbox 2147 3172 2203 3208; x_wconf 84' lang='grc'>69.</span> <span class='ocrx_word' id='word_1_1026' title='bbox 2247 3173 2288 3208; x_wconf 82' lang='grc' dir='ltr'>ὅπ</span> 
     </span>
     <span class='ocr_line' id='line_1_126' title="bbox 1331 3218 2288 3303; baseline -0.004 -44"><span class='ocrx_word' id='word_1_1027' title='bbox 1331 3224 1368 3271; x_wconf 87' lang='grc' dir='ltr'>ὀρ</span> <span class='ocrx_word' id='word_1_1028' title='bbox 1395 3224 1516 3270; x_wconf 88' lang='grc' dir='ltr'>ήματα</span> <span class='ocrx_word' id='word_1_1029' title='bbox 1596 3218 1724 3271; x_wconf 79' lang='grc' dir='ltr'>ἰάψῃς·</span> <span class='ocrx_word' id='word_1_1030' title='bbox 1767 3226 1826 3257; x_wconf 85' lang='grc' dir='ltr'>νῦν</span> <span class='ocrx_word' id='word_1_1031' title='bbox 1857 3222 1920 3270; x_wconf 85' lang='grc' dir='ltr'>γὰρ</span> <span class='ocrx_word' id='word_1_1032' title='bbox 1948 3222 2025 3268; x_wconf 86' lang='grc' dir='ltr'>ἐμοὶ</span> <span class='ocrx_word' id='word_1_1033' title='bbox 2051 3221 2148 3269; x_wconf 85' lang='grc' dir='ltr'>μέλει</span> <span class='ocrx_word' id='word_1_1034' title='bbox 2179 3223 2288 3303; x_wconf 49' lang='grc' dir='ltr'>ξορεῦι</span> 
     </span>
     <span class='ocr_line' id='line_1_127' title="bbox 1330 3268 2288 3317; baseline -0.001 -13"><span class='ocrx_word' id='word_1_1035' title='bbox 1330 3271 1374 3305; x_wconf 91' lang='grc'>70</span> <span class='ocrx_word' id='word_1_1036' title='bbox 1417 3273 1466 3303; x_wconf 84' lang='lat' dir='ltr'>eh.</span> <span class='ocrx_word' id='word_1_1037' title='bbox 1503 3268 1626 3304; x_wconf 75' lang='grc' dir='ltr'>*αὑτῶ</span> <span class='ocrx_word' id='word_1_1038' title='bbox 1653 3270 1693 3304; x_wconf 85' lang='grc' dir='ltr'>δὲ</span> <span class='ocrx_word' id='word_1_1039' title='bbox 1709 3269 1852 3317; x_wconf 79' lang='grc' dir='ltr'>τερπνός</span> <span class='ocrx_word' id='word_1_1040' title='bbox 1883 3268 2067 3316; x_wconf 86' lang='grc' dir='ltr'>τέθνηκε)·</span> <span class='ocrx_word' id='word_1_1041' title='bbox 2103 3270 2150 3304; x_wconf 86' lang='grc' dir='ltr'>ὦν</span> <span class='ocrx_word' id='word_1_1042' title='bbox 2167 3281 2187 3316; x_wconf 92' lang='grc' dir='ltr'>γ</span> <span class='ocrx_word' id='word_1_1043' title='bbox 2213 3281 2231 3316; x_wconf 91' lang='grc' dir='ltr'>ρ</span> <span class='ocrx_word' id='word_1_1044' title='bbox 2286 3313 2288 3315; x_wconf 26' lang='lat'>¹</span> 
     </span>
     <span class='ocr_line' id='line_1_128' title="bbox 1330 3271 2264 3365; baseline -0.001 -14"><span class='ocrx_word' id='word_1_1045' title='bbox 1330 3317 1397 3365; x_wconf 74' lang='grc' dir='ltr'>σθη</span> <span class='ocrx_word' id='word_1_1046' title='bbox 1421 3330 1460 3352; x_wconf 90' lang='grc' dir='ltr'>τυ</span> <span class='ocrx_word' id='word_1_1047' title='bbox 1488 3320 1539 3351; x_wconf 90' lang='grc' dir='ltr'>εῖν</span> <span class='ocrx_word' id='word_1_1048' title='bbox 1565 3302 1728 3363; x_wconf 75' lang='grc' dir='ltr'>ἐκτήσαθ’</span> <span class='ocrx_word' id='word_1_1049' title='bbox 1755 3315 1850 3358; x_wconf 74' lang='grc' dir='ltr'>αύτῷ</span> <span class='ocrx_word' id='word_1_1050' title='bbox 1868 3271 1935 3349; x_wconf 77' lang='grc'>967</span> <span class='ocrx_word' id='word_1_1051' title='bbox 1957 3317 2047 3359; x_wconf 85' lang='lat' dir='ltr'>[secl.</span> <span class='ocrx_word' id='word_1_1052' title='bbox 2068 3318 2201 3360; x_wconf 78' lang='lat' dir='ltr'>Dind.].</span> <span class='ocrx_word' id='word_1_1053' title='bbox 2245 3314 2264 3350; x_wconf 85' lang='grc' dir='ltr'>ὑ</span> 
     </span>
     <span class='ocr_line' id='line_1_129' title="bbox 1329 3358 2288 3411; baseline -0.001 -12"><span class='ocrx_word' id='word_1_1054' title='bbox 1329 3364 1433 3405; x_wconf 77' lang='grc' dir='ltr'>ζέτω·</span> <span class='ocrx_word' id='word_1_1055' title='bbox 1502 3363 1556 3398; x_wconf 65' lang='lat' dir='ltr'>tae.</span> <span class='ocrx_word' id='word_1_1056' title='bbox 1576 3363 1640 3410; x_wconf 83' lang='grc' dir='ltr'>γὰρ</span> <span class='ocrx_word' id='word_1_1057' title='bbox 1666 3362 1776 3398; x_wconf 81' lang='grc' dir='ltr'>οὐκέτ’</span> <span class='ocrx_word' id='word_1_1058' title='bbox 1801 3363 1890 3397; x_wconf 87' lang='grc' dir='ltr'>ἐστίν</span> <span class='ocrx_word' id='word_1_1059' title='bbox 1923 3361 2002 3396; x_wconf 88' lang='grc'>972.</span> <span class='ocrx_word' id='word_1_1060' title='bbox 2046 3362 2203 3411; x_wconf 85' lang='grc' dir='ltr'>σίγησον·</span> <span class='ocrx_word' id='word_1_1061' title='bbox 2231 3358 2288 3398; x_wconf 61' lang='lat' dir='ltr'>affl</span> 
     </span>
     <span class='ocr_line' id='line_1_130' title="bbox 1328 3407 2288 3459; baseline -0.003 -13"><span class='ocrx_word' id='word_1_1062' title='bbox 1328 3410 1392 3459; x_wconf 80' lang='grc' dir='ltr'>γὰρ</span> <span class='ocrx_word' id='word_1_1063' title='bbox 1417 3411 1509 3446; x_wconf 87' lang='grc' dir='ltr'>δοκῶ</span> <span class='ocrx_word' id='word_1_1064' title='bbox 1536 3409 1689 3457; x_wconf 85' lang='grc' dir='ltr'>Τεύκρου</span> <span class='ocrx_word' id='word_1_1065' title='bbox 1716 3408 1831 3444; x_wconf 88' lang='grc' dir='ltr'>κλύειν</span> <span class='ocrx_word' id='word_1_1066' title='bbox 1858 3409 1937 3443; x_wconf 90' lang='grc'>975.</span> <span class='ocrx_word' id='word_1_1067' title='bbox 1977 3414 2087 3445; x_wconf 87' lang='grc' dir='ltr'>κακοῦ</span> <span class='ocrx_word' id='word_1_1068' title='bbox 2112 3410 2197 3457; x_wconf 71' lang='grc' dir='ltr'>πρὸς</span> <span class='ocrx_word' id='word_1_1069' title='bbox 2219 3407 2288 3456; x_wconf 65' lang='grc' dir='ltr'>ἀνδ]</span> 
     </span>
    </p>
   </div>
  </div>
 </body>
</html>
