2288 3600
27 121 271 200 Issa-esc]

61 257 343 306 ποζεύγνυμι.
371 260 548 291 Passivum
572 259 734 291 subeundi
758 259 878 291 laboris
911 259 945 289 vi

14 303 42 335 '.
54 309 126 386 &1222
143 310 266 339 exstat.
292 304 389 352 κάγὼ
405 303 582 350 ’θελοντὴς
597 303 675 353 τῷδ’
692 303 862 352 ὑπεζύγην
875 302 947 338 .πό-

53 407 302 456 Ϊπόκειμαι
328 411 388 442 Ph.
405 407 471 443 190
487 410 540 445 ch.
561 421 619 453 pro
635 408 810 444 ὑπόκειται
827 411 943 443 Herm.

8 464 36 489 π
56 459 154 500 εἷται,
175 459 228 492 El.
248 455 349 490 1419.
378 467 437 499 pro
459 455 678 503 ὑποκείμενοι
701 458 843 490 Brunck.
867 454 948 490 ὑπαὶ

7 524 39 549 -4
56 515 88 539 οι
116 507 280 544 correxit3
317 505 358 536 de
383 509 524 546 utroque
551 515 583 538 v.
610 502 676 538 ὑπό
702 515 729 537 s.
757 502 861 545 ὑπαί,
906 505 947 536 de

63 553 164 584 etiam
183 563 213 585 v.
235 550 338 599 ὀχέω.

61 607 294 644 ποκλέπτω
313 612 466 651 surripio.
494 608 598 648 *τοὺς
615 608 713 648 εὐνὰς
731 607 949 643 ὑποκλεπτο-

19 654 21 658 ”
45 689 62 702 ‚¹
81 657 134 690 El.
158 654 224 690 114
240 667 293 691 an.
317 655 412 702 [secl.
434 655 556 702 Dind.]
578 656 660 695 τούς
683 651 712 690 τ’
735 654 835 699 εὐνάς
853 658 944 698 Lips.

2 701 16 736 ’ξε
30 707 43 747 J
65 705 106 737 cl.
133 702 213 742 τοὺς
236 701 297 742 τὰς
323 702 436 742 εὐνάς.
473 704 570 736 Certe
588 710 647 736 aut
665 705 791 744 syllaba
807 714 876 736 una
892 707 950 735 aut

16 769 36 777 κ
54 752 113 784 sti
129 752 195 784 duo
211 761 286 783 cum
305 752 429 791 syllaba
446 752 581 783 desunt.
613 751 722 783 Schol.
744 752 816 783 len.
837 748 950 795 λάθρα

7 805 23 844 Ιζ
55 839 57 842 ¹
89 809 111 831 α
123 799 366 840 interpretatus
384 800 425 830 de
434 799 595 838 Aegistho
612 799 782 839 intelligit,
812 798 899 839 quod
916 802 950 829 et

29 846 166 878 tiorum
183 846 319 887 quidam
337 846 501 878 fecerunt.
539 847 605 878 Sed
623 846 684 877 hoc
700 845 948 877 alienissimum

42 902 89 932 ιι,
119 894 177 934 qui
194 893 247 924 his
266 893 391 933 verbis,
412 897 450 924 ut
466 893 749 934 praecedentibus
774 890 853 929 τοὺς
871 889 948 924 ἀδί-

6 934 251 984 θνήσκοντας,
281 943 316 972 et
333 941 555 981 sequentibus
571 937 710 973 τίσασθε
727 937 855 984 πατρὸς
882 937 949 985 φό-

12 986 60 1041 «ᾖξ’,
67 995 300 1019 memnonem
325 988 505 1026 significari
522 988 627 1028 iubet,
655 988 708 1018 cui
725 986 819 1027 furto
833 986 948 1026 prodi-

88 1046 93 1061 :
113 1036 242 1074 ereptus
258 1035 311 1067 sit.
340 1033 459 1066 Elmsl.
481 1032 528 1071 είς
544 1032 624 1071 τοὺς
649 1030 749 1071 εὐνάς
766 1034 921 1066 coniecit.

6 1079 37 1141 ΑΒ
52 1097 268 1150 ,ποκλῄζω
294 1105 380 1135 clam
404 1106 534 1144 nuntio,
570 1105 611 1136 de
637 1105 725 1136 fama
749 1104 945 1146 spargenda.

6 1156 28 1197 ,ᾖ
45 1147 99 1185 ίαν
118 1176 126 1183 .
141 1177 148 1183 .
165 1177 172 1183 .
191 1153 260 1183 τῶν
296 1149 455 1197 μεγάλων
489 1147 633 1185 Δαναῶν
666 1148 950 1198 ὑποκλῃζομέναν

103 1207 147 1230 ιιι.
178 1198 268 1230 Libri
294 1208 410 1231 omnes
426 1202 559 1240 praeter
578 1199 737 1230 Brunckii
757 1198 799 1229 D.
820 1201 855 1230 et
873 1196 951 1228 Sui-

75 1242 378 1290 ὑποκλῃζομέναν,
407 1250 446 1278 ut
471 1246 667 1288 scripsimus
687 1249 746 1277 aut
762 1255 838 1277 cum
855 1245 951 1276 diae-

12 1293 30 1336 ξ
66 1291 104 1324 Id
120 1289 311 1323 Brunclrius
337 1293 504 1334 exemplis
530 1292 571 1324 ad
589 1293 793 1324 sententiam
810 1292 952 1323 minime

45 1338 212 1371 firmatum
226 1340 314 1379 ibat,
343 1341 402 1371 sed
420 1349 484 1371 non
503 1340 616 1372 minus
633 1343 746 1371 tamen
764 1343 855 1370 recte
872 1347 951 1370 con-

16 1395 122 1427 uam
148 1382 215 1418 ὕπο
238 1383 474 1431 κλῃζομέναν,
503 1387 590 1427 quod
617 1390 817 1428 receperunt
835 1386 949 1417 Herm-

13 1430 97 1464 2¹52d1.
117 1429 178 1477 [cf.
201 1433 264 1464 Th.
287 1434 447 1474 Ludewig
463 1445 496 1475 p.
518 1430 590 1475 37.]

2 1494 264 1550 Ἰ,ἐμπολείπω
281 1505 441 1546 relinque.
477 1502 604 1539 ὁπόταν
622 1502 771 1550 δνοφερὰ
793 1501 851 1542 νὺξ
868 1501 953 1536 ὑπο-

11 1596 13 1598 ¹
85 1549 139 1582 El.
160 1546 202 1581 91
222 1560 276 1582 an.
296 1560 371 1583 cum
386 1555 500 1592 cessat,
520 1552 645 1593 finitur.

26 1613 47 1649 ᾖ
64 1618 117 1642 πο
129 1607 244 1653 μένω
268 1618 405 1650 maneo,
432 1610 662 1649 adsignificata
686 1620 777 1641 cura.
815 1607 865 1642 ἔτι
889 1607 932 1654 γὰ

76 1665 125 1692 εις
142 1655 199 1687 OR
219 1652 307 1688 1323
325 1666 369 1688 m.
677 1655 727 1701 (11
745 1667 778 1697 p.
799 1653 880 1697 884,
903 1618 955 1701 13

5 1705 39 1758 {J
65 1723 117 1747 πο
127 1724 171 1758 μι
181 1712 265 1758 μνή
275 1723 362 1747 σκω
379 1714 549 1755 admoneo,
571 1716 607 1746 in
621 1717 814 1747 memoriam
826 1714 948 1754 rediyo.

7 1784 36 1805 ¹
52 1758 207 1794 ἰπαλαιὸν
225 1756 350 1807 ἅλγημ’
377 1758 575 1806 ὑπέμνασας
600 1761 661 1793 Ph.
685 1758 775 1794 1170
793 1772 838 1793 m.
866 1758 952 1795 ὑπέ-

8 1840 49 1869 Ι,-
82 1817 133 1852 με
150 1807 279 1840 Buttm.
299 1818 375 1840 cum
394 1809 625 1849 Triclinianis,
646 1809 763 1840 vitiato
781 1812 896 1841 metro.

42 1873 43 1876 ¹
65 1875 117 1911 πό
128 1889 175 1922 μν
186 1888 205 1911 υ
215 1889 270 1922 μι.
300 1878 372 1917 Qua
400 1879 645 1919 significatione
670 1880 753 1911 iuris
769 1880 876 1911 Attici
893 1888 951 1910 vo-

51 1933 99 1956 m
115 1925 271 1966 inprimis
288 1926 397 1957 media
414 1926 518 1957 forma
537 1927 671 1967 legitur,
700 1936 739 1958 ea
756 1935 821 1958 non
841 1929 953 1958 exstat

10 1964 127 2032 {5¹:9¹¹-
168 1966 291 2051 Ιῗὲιφῂς
324 1970 484 2028 ,ὑπομνὺς
517 1969 798 2028 ἀνθυπουργῆσαι
829 1971 947 2020 χοίρως

11 2050 40 2086 ἡ
76 2018 116 2050 fr.
137 2015 180 2051 31
210 2045 217 2051 .
247 2019 462 2051 iureiurando
479 2019 592 2051 addito
609 2021 787 2062 affirmas?

66 2098 91 2121 π
99 2086 117 2122 ό
127 2099 178 2121 πτ
187 2099 203 2121 ε
214 2099 231 2134 ρ
241 2099 259 2122 ο
267 2100 283 2126 ς
308 2089 440 2121 volucer
455 2087 662 2134 (pinnatus).
705 2089 766 2128 τὰς
800 2088 949 2124 ὑποπτὲ-

13 2130 170 2191 sim&
188 2133 325 2173 πελείας
341 2136 403 2168 Ph.
422 2133 503 2169 288,

15 2214 47 2244 *ῃ
67 2215 118 2239 πο
129 2203 273 2239 πτεύω
298 2208 333 2237 in
344 2208 560 2247 suspicionem
572 2216 662 2238 voco.
691 2205 762 2240 οὐδ’
781 2205 950 2240 ὑποπτεύ-

19 2255 43 2293 s
58 2249 139 2286 ’ὧδ’
160 2249 368 2297 ἠνθισμένον
394 2253 448 2285 El.
469 2251 526 2286 43.
562 2255 702 2295 Aliquot
725 2264 834 2296 apogr.
862 2252 952 2288 ὑπο-

28 2320 41 2328 ..
72 2308 140 2340 σιν,
168 2300 205 2331 in
222 2309 291 2331 uno
317 2301 582 2341 suprascriptum
600 2306 651 2333 est
679 2299 948 2335 ὑποπτεύσωσιν.

33 2343 50 2350 “”
90 2344 274 2388 scripturae
291 2348 488 2379 varietatem
505 2349 582 2380 vide
605 2349 784 2380 iudicatam
808 2359 827 2380 a
844 2349 948 2381 Dind.

42 2386 135 2427 mx.
156 2390 208 2437 3.]

28 2445 237 2498 Ἐπόπτης
255 2454 420 2492 suspicax.
448 2451 481 2487 τί
525 2451 567 2498 ρὴ
586 2452 724 2500 στέγειν,
752 2451 776 2499 ἢ
794 2452 825 2487 τί
841 2452 952 2501 λέγειν

21 2491 134 2554 ,ξήρ’
153 2495 328 2541 ὑπόπτως
356 2499 415 2531 Ph.
439 2464 522 2534 136³(
522 2501 573 2533 ch.

21 2561 256 2614 Ἆπόπυρος
282 2571 417 2610 iynitus.
455 2568 566 2616 παγὰς
599 2567 795 2616 ὑποπύρους
827 2571 948 2612 Naupl.

23 2616 87 2652 ja‘ss.
102 2649 103 2655 ¹
114 2615 254 2655 fallaces
271 2618 362 2657 iynes
387 2617 487 2658 Soph.
509 2618 596 2650 dixit
609 2641 617 2657 ,
645 2618 768 2658 quibus
786 2618 953 2659 Nauplius

21 2660 82 2721 {2⁹³
113 2662 148 2694 in
165 2672 245 2694 saxa
263 2664 369 2695 litoris
387 2664 527 2696 Euboici
544 2665 666 2696 illexit.

97 2730 294 2767 πορφνος
321 2733 352 2754 v.
380 2719 546 2769 ὕποφρος.

22 2775 62 2823 ἱ,
101 2778 401 2824 οσπανίζομαι
431 2781 573 2821 indiyeo.
620 2779 653 2814 τί
681 2780 708 2814 δ’
738 2779 808 2815 ἐστὶ
836 2779 952 2828 χρείας

23 2831 41 2877 ‘¹
65 2825 378 2872 ,πεσπανισμένονς
407 2828 462 2860 Ai.
483 2824 562 2860 740.
591 2827 670 2869 quid
695 2830 780 2860 iusto
802 2830 948 2869 parcius,

23 2872 53 2912 ζῇ
85 2873 213 2915 rdius,
241 2875 366 2906 factum
391 2878 437 2906 est
454 2876 489 2906 in
507 2875 564 2906 hoc
579 2877 732 2915 neyotio:
757 2872 864 2920 ἤγουν
889 2878 952 2920 τῆς

30 2918 68 2935 ⁸
99 2929 161 2966 της
187 2919 306 2967 χρείας
333 2919 365 2954 τί
392 2920 462 2955 ἐστι
483 2920 522 2955 τὸ
547 2919 684 2959 ἐλλιπές
702 2922 803 2954 schol.
838 2923 955 2955 Altera

31 2967 125 3018 vtio
149 2966 310 3012 δεόμενον
341 2971 403 3013 τῆς
427 2970 487 3001 τοῦ
505 2964 654 3006 Α’ίαντος
679 2966 866 3016 παρουσίας
883 2979 902 3001 a
918 2979 953 3001 re

28 3061 282 3119 ’Ἶπόστεγος
306 3072 394 3104 domi
420 3082 446 3105 s.
468 3074 558 3104 intus
573 3083 721 3106 versans.
755 3070 798 3106 τὰ
824 3067 852 3106 δ’
876 3067 950 3107 ἄλλ’

37 3115 197 3172 ¹.'¹*itoboev
214 3117 281 3153 ἐστ’
297 3116 483 3166 ὑπόστεγον
497 3132 503 3159 ;
531 3120 592 3151 Ph.
610 3117 665 3152 34.
694 3121 747 3152 De
763 3124 857 3152 antro
869 3120 953 3152 Phi-

105 3165 302 3207 loquuntur.
333 3165 469 3212 βεβᾶσιν
487 3164 562 3212 ἄρτι
579 3164 749 3211 δωμάτων
774 3164 953 3213 ὑπόστεγοι

67 3212 125 3245 Η.
145 3221 216 3245 sen.
238 3212 326 3245 chor.
361 3207 424 3246 τίν’
447 3211 661 3260 είσδέδεγμαι
687 3212 848 3260 πημονὴν
867 3211 954 3247 ὑπό-

64 3253 267 3305 ,·λαθραῖον;
298 3260 353 3291 Tr.
374 3257 454 3292 376.
495 3261 583 3292 Num
600 3264 691 3293 recte
710 3262 810 3302 vulgo
827 3262 953 3294 distin-

66 3319 93 3334 -π
129 3307 208 3346 gula
220 3310 296 3348 post
313 3304 510 3353 ὑπόστεγον,
539 3308 716 3340 admodum
733 3309 860 3349 dubito,
878 3318 953 3340 cum

34 3371 36 3390 ξ
78 3351 103 3390 ³:
119 3354 270 3394 componi
282 3363 379 3395 posse
389 3355 521 3386 videam
527 3351 600 3387 τίνα
613 3353 775 3401 πημονὴν
786 3353 954 3401 λαθραῖον

71 3428 76 3434 ,,
124 3410 159 3432 αι
175 3396 374 3447 ὑπόστεγον;

31 3240 38 3256 ’ἢ

32 3258 45 3272 ¹..

33 3336 46 3353 ¹.

34 3412 38 3433 l

35 3485 41 3498 ι
66 3478 85 3499 ζ

35 3498 91 3579 Ξ

590 135 929 209 ιΥποζεύγνυμι
947 168 1017 180 ·-
1044 142 1292 209 ’Υποφέρω

1891 145 1988 191 755

1049 253 1058 266 ‘
1067 254 1094 291 Υ
1103 268 1153 291 πο
1164 267 1208 290 στ
1217 267 1257 290 εν
1268 255 1316 296 σίζ
1327 270 1355 290 ω
1371 259 1457 289 clam
1471 259 1660 297 inyemisco.
1686 255 1868 304 ἀψόφητος
1887 256 1992 298 ὀξέων

981 302 1199 350 κωκυμάτων
1229 301 1431 343 ὑπεστέναζε
1459 306 1582 349 ταῦρος
1611 303 1658 342 ὡς
1727 305 1907 351 υχώμενος
1933 306 1989 338 Ai.

983 348 1063 383 822.
1094 348 1251 385 ἐκποδὼν
1271 349 1333 395 μὲν
1351 349 1399 384 ὢν
1416 349 1642 390 ὑπεστέναζον
1663 348 1678 382 1
1733 349 1763 384 1.

1050 416 1310 455 ’Υποστένω
1335 423 1523 461 ἰπρεπιὶεοο.
1567 420 1625 455 καὶ
1653 420 1721 467 μὴν
1747 419 1862 467 θυρῶν
1895 419 1996 460 ἔδοξα

985 465 1190 548 &scandiam
1223 467 1311 505 τινὸς
1347 466 1596 513 ὑποστενούσης
1622 466 1718 502 ἔνδον
1743 466 1922 503 αἰσθέσθαι
1940 470 1991 501 El.

1071 516 1180 547 Affert
1193 516 1289 547 Eust.
1308 525 1341 556 p.
1360 512 1440 555 642,
1458 512 1514 547 34.
1542 512 1656 562 θυρῶν
1675 512 1855 549 αἰσθέσθαι
1871 527 1893 547 α
1909 515 1995 556 fori-

986 563 1044 594 bus
1058 562 1173 594 audire
1198 562 1379 602 iungenda.

1055 615 1356 666 ‘Taocrpeepm
1392 622 1551 652 Activum
1577 621 1786 652 convertendi
1810 622 1844 652 vi
1860 621 1997 662 praedi-

986 672 1069 700 tum.
1109 665 1181 700 ἰδού
1213 667 1259 711 μ’,
1291 665 1515 712 ἀναταράσσει
1544 665 1562 700 ὁ
1591 667 1707 705 κισσὸς
1733 666 1809 713 ἄρτι
1838 664 1996 714 Βακχίαν

987 712 1209 760 ὑποστρέφων
1227 711 1376 759 ἅμιλλαν
1395 715 1450 747 Tr.
1467 711 1538 746 220
1547 715 1598 747 ch.
1627 716 1907 747 concertationem
1921 725 1997 747 cum

987 762 1123 794 Bacchis
1141 763 1237 802 quasi
1264 765 1350 793 retro
1375 761 1419 793 ad
1435 771 1486 793 me
1503 765 1647 801 vertens,
1676 763 1699 793 i.
1720 772 1750 795 e.
1782 772 1834 794 me
1859 771 1999 794 conver-

986 813 1062 841 tens
1087 809 1124 840 ad
1153 809 1422 840 concertandum.
1459 809 1650 850 Passivum‚
1685 810 1771 850 quod
1796 813 1830 840 et
1848 810 1996 841 medium

987 861 1124 895 vocant,
1153 857 1302 887 animum
1320 859 1504 887 convertere
1528 855 1572 887 ad
1594 856 1742 897 aliquid,
1772 866 1799 888 s.
1828 858 1994 896 respicere,

986 913 1101 934 curare
1118 903 1295 943 significat.
1332 900 1432 939 ποίας
1458 900 1625 948 μερίμνης
1648 901 1744 936 τοῦθ’
1771 900 1997 948 ὑποστραφεὶς

986 948 1112 996 λέγεις;
1151 950 1208 982 OR
1226 946 1305 981 728.
1334 951 1355 982 i.
1377 959 1407 981 e.
1438 948 1636 995 φροντίζειν.
1677 950 1804 981 Eadem
1823 951 1856 981 vi
1875 951 1996 982 dicun-

986 1000 1042 1028 tur
1059 993 1264 1042 στρέφεσθαι
1289 1001 1323 1028 et
1349 994 1625 1042 ἐπιστρέφεσθαι.
1669 997 1763 1036 Quod
1780 998 1816 1028 in
1835 998 1904 1029 cod.
1926 997 1995 1030 Pal.

987 1045 1110 1084 legitur
1134 1041 1200 1077 ὑπὸ
1227 1041 1404 1089 στραφείς,
1434 1053 1501 1075 non
1526 1045 1625 1084 plane
1652 1044 1808 1085 displicet
1826 1045 1996 1078 ElmsleiO.

988 1089 1107 1135 [Dind.
1128 1091 1257 1132 recepit
1275 1090 1431 1130 Blaydesi
1449 1091 1676 1122 coniecturam
1690 1089 1940 1137 ἐπιστραφείς.]
1956 1109 1996 1114 -

986 1137 1044 1171 καὶ
1076 1135 1310 1183 ὑπεστρέψατο
1342 1135 1517 1183 πανδημεί
1543 1139 1641 1178 vulgo
1668 1139 1732 1170 inc.
1761 1139 1800 1170 fr.
1828 1139 2000 1180 Sophoclis

988 1186 1160 1225 habitum;
1189 1185 1248 1216 sed
1268 1196 1299 1216 v.
1318 1182 1470 1222 κίναδος.
1721 1183 1771 1228 (ΙΙ
1790 1196 1823 1226 p.
1844 1183 1926 1225 885,
1945 1182 2001 1229 2.)

1053 1238 1062 1251 ‘
1075 1239 1341 1290 Υποστροφή
1359 1246 1537 1277 conversio.
1559 1240 1670 1277 πῶλοι
1736 1242 1775 1276 ἐκ
1789 1240 1816 1276 δ’
1833 1241 1942 1277 ὑποστ
1965 1255 2001 1277 ο-

989 1292 1056 1335 φῆς
1077 1287 1253 1327 τελοῦντες
1270 1287 1369 1323 ἕκτον
1387 1287 1534 1335 ἕβδομόν
1561 1288 1588 1322 δ’
1607 1288 1651 1334 ἥδ
1695 1288 1823 1335 δρόμον
1841 1290 1896 1323 El.
1918 1289 1938 1322 7
1990 1316 1997 1324 .

991 1337 1100 1369 Schol.
1130 1334 1165 1375 ἐξ
1194 1335 1416 1382 ὑπαντήσεως
1442 1335 1637 1376 ἐπετίναξαν
1653 1302 1804 1370 γέκείνων
1834 1335 2001 1383 ὑποστρε-

989 1383 1134 1431 φόντων,
1151 1385 1240 1425 quod
1258 1385 1373 1416 Herm.
1390 1385 1516 1425 pariter
1534 1386 1706 1424 redarguit
1722 1389 1823 1425 atque
1842 1385 2001 1417 Brunckii

990 1432 1152 1463 rationem
1187 1428 1223 1471 ἐξ
1256 1429 1476 1476 ὑποστροφῆς
1511 1430 1718 1477 συμπαίουσι
1747 1434 1999 1473 coniungentis,

989 1487 1075 1519 quae
1093 1479 1173 1511 ferri
1200 1488 1265 1510 non
1284 1482 1405 1520 potest,
1430 1479 1495 1510 nisi
1514 1489 1590 1510 cum
1608 1479 1762 1511 Passovio
1787 1480 2002 1520 transpositio

991 1535 1148 1557 versuum
1165 1529 1330 1558 tentetur.
1368 1526 1434 1558 Sed
1460 1523 1495 1565 ἐξ
1519 1524 1739 1572 ὑποστροφῆς
1765 1535 1810 1558 sc.
1831 1531 1900 1559 τῶν
1924 1525 2002 1572 περὶ

988 1570 1052 1617 τὴν
1079 1570 1209 1618 στήλην
1231 1571 1460 1617 καμπτόντων
1483 1574 1609 1604 iteratis
1633 1574 1768 1613 vicibus,
1799 1576 1918 1606 iterum
1939 1576 2002 1606 ite-

989 1629 1126 1661 rumque
1153 1621 1338 1660 signisscat,
1377 1621 1465 1661 quod
1492 1621 1574 1661 quid
1600 1622 1662 1660 sit,
1699 1621 1811 1652 addita
1826 1618 2003 1658 τελοῦντες

990 1663 1088 1699 ἕκτον
1114 1663 1262 1712 ἕβδομόν
1287 1678 1323 1699 τε
1343 1665 1468 1713 δρόμον
1486 1668 1667 1700 declarant.
1696 1665 1814 1712 [Dind.
1835 1668 2003 1710 interpre-

990 1717 1081 1745 tatur
1100 1715 1169 1745 sic:
1215 1715 1251 1745 in
1272 1716 1474 1746 contrariam
1494 1718 1622 1755 partem
1648 1717 1754 1747 aversi
1777 1715 1858 1746 dum
1876 1718 2003 1747 sextum

988 1762 1202 1801 septimumve
1225 1771 1357 1792 cursum
1375 1761 1580 1803 conficiunt]

1056 1826 1064 1839 ‘
1080 1827 1304 1864 Υποτείνω
1330 1831 1476 1863 intendo.
1518 1830 1559 1865 τὸ
1581 1829 1645 1877 γὰρ
1669 1829 1874 1865 εἰσλεύσσειν
1892 1830 2004 1865 οἰκεῖα

988 1874 1137 1923 πάθη
1152 1876 1302 1926 μεγάλας
1321 1877 1443 1915 ὀδύνας
1461 1876 1630 1911 ὑποτείνει
1654 1880 1708 1910 Ai.
1728 1875 1798 1910 262
1815 1889 1868 1911 an.
1891 1881 2002 1911 inten—

990 1928 1038 1957 tat
1058 1928 1088 1956 et
1105 1929 1215 1965 auyet.

1049 1976 1064 1990 ‘'
1076 1979 1220 2017 Υπουλ
1231 1994 1287 2020 ος.
1324 1983 1459 2025 Proprie
1476 1985 1626 2016 cicatrice
1643 1983 1831 2024 obductum,
1861 1984 1916 2016 sed
1933 1995 2001 2016 non

986 2034 1204 2070 per-sanatum
1230 2031 1408 2070 significat.
1444 2031 1532 2063 Hinc
1549 2032 1750 2063 transfertur
1776 2029 1849 2064 οἷον
1870 2028 1938 2078 ἆρά
1956 2042 1999 2076 με

987 2074 1117 2115 κάλλος
1148 2081 1268 2110 κακῶν
1300 2074 1451 2111 ὕπουλον
1483 2075 1687 2124 ἐξεθρέψατε
1716 2079 1773 2110 OR
1792 2075 1892 2111 1396.
1930 2079 2001 2111 Hoc

988 2133 1054 2156 non
1081 2125 1203 2156 melius
1227 2124 1405 2157 scholiasta
1429 2125 1602 2157 intellexit
1626 2125 1724 2158 Eust.
1751 2136 1785 2167 p.
1810 2122 1918 2166 1097,
1938 2122 1997 2159 23.

990 2168 1090 2212 1558,
1106 2169 1163 2211 55,
1184 2171 1226 2203 de
1236 2172 1393 2204 vocabulo
1406 2169 1556 2205 ὕπουλον
1566 2172 1735 2204 disserens
1749 2173 1838 2204 idem
1848 2183 1881 2214 p.
1896 2169 1998 2213 1496,

988 2215 1044 2249 35.
1069 2221 1189 2251 κακῶν
1215 2229 1290 2250 cum
1310 2215 1459 2252 ὕπουλον
1484 2220 1581 2259 iungi
1605 2220 1794 2252 docuerunt
1810 2220 1937 2260 Musgr.
1965 2224 2001 2251 et

989 2265 1189 2305 Brunckius,
1218 2267 1355 2305 speciem
1371 2267 1571 2298 caetrimecus
1592 2267 1778 2308 putchram,
1807 2268 1895 2298 intus
1910 2275 2000 2298 mor-

989 2311 1036 2343 bis
1053 2313 1227 2344 latentibus
1243 2311 1282 2356 (i.
1304 2322 1335 2345 e.
1355 2313 1463 2344 foedis
1482 2312 1705 2357 facinoribus)
1726 2315 1872 2354 plenam.
1908 2314 2001 2346 Bene

989 2360 1136 2400 explicat
1154 2360 1275 2392 Suidas
1288 2385 1295 2399 ‚
1326 2359 1529 2401 Sophocleae
1554 2361 1695 2392 fortasse
1720 2363 1909 2393 sententiae
1925 2371 1999 2393 me-

989 2416 1069 2438 mor.
1089 2425 1136 2429 —
1152 2403 1346 2439 ὕπουλον
1372 2404 1446 2440 εἷπε
1464 2403 1551 2452 Σοφ.
1571 2406 1628 2440 τὸν
1647 2404 1799 2453 δούρειον
1825 2405 1996 2441 ἵππον

989 2452 1036 2490 ὡς
1052 2451 1121 2486 ἀπὸ
1139 2450 1251 2486 ἑλκῶν
1268 2451 1290 2486 ἃ
1316 2452 1485 2486 δοκοῦντα
1505 2451 1717 2500 ὑγιάσθαι...
1731 2452 1797 2488 ὑπὸ
1821 2454 1884 2501 τὴν
1911 2466 1999 2500 προ-

989 2498 1199 2579 φαινομένην
1224 2497 1331 2546 οὐλὴν
1355 2499 1463 2534 κακόν
1487 2511 1519 2534 τι
1542 2499 1684 2546 κρύπτει
1709 2501 1809 2534 Eust.
1837 2512 1870 2542 p.
1895 2499 1997 2543 1496,

1013 2545 1045 2587 5,
1073 2548 1203 2579 scilicet
1225 2547 1315 2588 quod
1338 2549 1429 2589 pacis
1455 2549 1567 2590 specie
1586 2549 1733 2580 exitium
1752 2549 1870 2581 Troiae
1887 2550 1998 2581 inclu-

990 2595 1100 2626 debat.
1121 2592 1205 2637 (inc.
1223 2595 1265 2626 fr.
1287 2590 1390 2639 952.)

1055 2647 1313 2699 ’Υπουργέω
1341 2655 1493 2694 inserviO,
1531 2663 1663 2694 operam
1685 2663 1784 2694 navo,
1817 2654 1995 2695 yratz‘ficor.

990 2698 1043 2733 δεῖ
1065 2710 1102 2732 σε
1116 2725 1123 2732 .
1140 2725 1147 2732 .
1164 2726 1171 2732 .
1183 2697 1366 2746 ὑπουργεῖν
1393 2701 1454 2733 Ph.
1475 2697 1533 2734 53.
1560 2699 1592 2734 τί
1617 2711 1670 2735 σοι
1685 2701 1796 2748 χρεὼν
1815 2698 1999 2746 ὑπουργεῖν

991 2744 1056 2778 143
1074 2747 1125 2779 ch.
1161 2745 1196 2784 ἔς
1219 2746 1259 2780 τε
1278 2747 1336 2782 τὸν
1359 2744 1457 2794 φίλον
1483 2744 1620 2781 τοσαῦθ’
1646 2745 1825 2794 ὑπουργῶν
1851 2746 1999 2795 ὠφελεῖν

1012 2791 1224 2839 ουλήσομαι,
1252 2793 1299 2832 ὡς
1323 2792 1395 2828 αἰὲν
1426 2792 1464 2828 οὐ
1499 2796 1666 2840 μενοῦντα
1691 2795 1746 2827 Ai.
1768 2792 1847 2827 681.
1893 2793 1944 2828 σοί
1967 2791 1999 2828 θ’

988 2838 1205 2888 ὑπούργησον
1222 2839 1303 2875 τάδε
1321 2839 1399 2887 ἐμοί
1415 2835 1444 2874 τ’
1461 2839 1580 2888 ἀρωγοί
1598 2841 1651 2875 El.
1670 2838 1751 2875 461.

1054 2906 1300 2957 ’Υπουργία
1326 2913 1559 2952 ministerium,
1588 2912 1789 2954 beneficium.
1823 2910 1883 2944 καὶ
1907 2910 1998 2957 σφῷν

989 2954 1007 2990 ὁ
1038 2959 1097 2991 νῦν
1121 2956 1280 2995 ἔπαινος.
1296 2984 1303 2990 .
1319 2957 1405 2991 ,οὐκ
1429 2956 1595 2992 ἐλάσσονα
1622 2957 1667 2992 ἔτ’
1694 2956 1800 2991 ἄλλον
1825 2956 1913 2991 οἴσει
1935 2961 1997 3003 τῆς

989 3001 1078 3050 ἐμῆς
1110 3001 1298 3050 ὑπουργίας
1330 3004 1384 3037 00
1405 3003 1506 3038 1415.
1551 3003 1709 3038 Precatur
1733 3006 1929 3046 Polynices,
1958 3009 2019 3048 ut·¹

988 3061 1055 3092 qua
1079 3061 1159 3084 cura
1182 3052 1291 3084 adhuc
1315 3062 1431 3084 senem
1449 3057 1578 3094 patrem
1601 3055 1794 3094 prosecutae
1811 3053 1891 3092 sint,
1913 3062 2010 3084 ean-v

988 3098 1064 3130 dem
1081 3099 1213 3131 Thebas
1230 3099 1371 3131 reduces
1389 3100 1425 3130 in
1442 3109 1478 3130 se
1496 3102 1663 3131 mortuum
1679 3101 1866 3131 conferant.

1034 3161 1270 3215 “Υποφέρω
1294 3168 1411 3210 afferO,
1432 3170 1544 3200 excito.
1574 3167 1604 3202 εί
1627 3172 1696 3202 τῶν
1721 3171 1875 3214 φανερῶς
1901 3165 1999 3214 οἰχο-

990 3213 1102 3259 μένων
1119 3213 1167 3253 είς
1185 3211 1301 3249 Ἀΐδαν
1320 3212 1426 3248 ἐλπίδ’
1443 3213 1592 3252 ὑποίσεις
1608 3216 1663 3247 El.
1682 3212 1752 3247 833
1770 3225 1813 3246 m.
1835 3212 2011 3258 [mortuo--

988 3271 1064 3294 rum
1080 3271 1169 3302 spem
1185 3271 1337 3302 suyyeres
1354 3263 1377 3293 i.
1399 3271 1428 3293 e.
1450 3272 1582 3303 sperare
1599 3262 1727 3302 aliquid
1742 3263 1782 3293 ab
1799 3263 1848 3293 eis
1866 3262 1998 3293 iubebis

990 3309 1091 3341 Dind.
1113 3309 1220 3351 expl.]
1265 3306 1363 3354 εἴπερ
1395 3306 1582 3354 ὑποβάλοις
1611 3308 1671 3342 καὶ
1699 3306 1889 3353 ὑποθήσοις
1912 3306 1994 3351 (scr.

991 3352 1175 3401 ὑποβαλεῖς
1198 3354 1258 3389 καὶ
1283 3353 1487 3400 ὑποθήσεις)
1512 3354 1588 3401 ἐμοὶ
1614 3354 1737 3389 ἐλπίδα
1761 3356 1886 3397 schol.;
1913 3356 1999 3386 alius

991 3400 1191 3449 ὑπενέγκῃς,
1220 3400 1419 3447 ὑποβαλεῖς.
1987 3417 1989 3420 <

1651 3458 1722 3491 48*
