2288 3600
321 122 417 170 128

315 249 392 283 μοις
411 237 468 270 OB.
485 234 543 269 26.
589 239 699 270 Etiam
717 239 777 270 hoc
794 240 999 271 nominativo
1025 237 1134 286 ἀγέλη
1161 233 1330 285 βοόνομος

314 286 529 317 scribendum
547 286 631 327 fuit,
662 289 714 318 est
730 287 822 317 enim
842 284 932 330 βοῶν
949 284 1162 331 νεμομένων.

1071 117 1355 191 Βούπρῳρος
1382 153 1448 158 ——
1473 118 1646 190 Βρέμω

2071 131 2100 176 [1
2122 143 2157 175 p.
2169 126 2288 167 318-:

1368 249 1434 281 quo
1452 240 1577 272 diserte
1604 240 1775 281 praecepit
1800 237 1941 285 δηιοτής
1965 237 2084 282 (schol.
2113 240 2153 271 11.
2174 250 2194 285 γ
2209 235 2286 319 2οὲ,

1368 297 1433 328 que
1451 297 1527 319 cum
1544 287 1602 318 illo
1619 287 1845 328 componitur,
1877 288 1971 318 velut
1993 296 2083 334 ταχυ
2133 297 2150 324 ς
2173 290 2209 318 et
2233 284 2255 319 ἁ
2279 296 2288 332 f

1428 332 1435 344 1

387 338 662 398 ΒοόπρῳρΟΙς
687 344 905 397 tauriformis.
950 345 1116 377 Achelous
1134 347 1259 377 fluvius
1277 346 1329 377 di-
1369 344 1395 366 S·
1417 331 1596 380 othpovhz.
1639 336 1681 366 V·
1706 334 1821 365 Lehl‘s·
1851 334 2033 366 Arisstal'ch·
2064 344 2097 375 P·
2143 329 2201 366 69·
2253 334 2288 365 A*

315 393 402 423 citur
427 389 488 424 ἀνδ
513 389 572 437 είῳ
597 402 691 424 κυτει
718 390 919 438 βουπρῳρος
946 402 988 424 ex
1016 394 1070 424 Tr.
1095 390 1137 425 13
1163 403 1215 434 ap.
1238 393 1330 425 Stra-

315 440 436 470 bonem
464 436 480 470 1
511 464 517 470 .
547 449 580 480 p.
611 436 655 470 45
687 436 728 482 [t.
757 436 789 470 4.
819 449 853 479 p.
885 437 987 483 105),
1021 441 1109 480 quod
1136 450 1211 472 cum
1234 441 1331 480 longe

314 487 476 518 librorum
509 487 693 527 scripturae
727 487 894 526 elegantia
926 491 1091 527 praestet,
1134 489 1197 518 etsi
1232 492 1331 527 negat

316 534 445 574 Apitz.,
466 534 546 564 inde
564 544 583 565 a
600 534 768 564 Brunckio
787 538 958 574 receptum
977 539 1039 566 est.
1069 535 1162 566 Libri
1181 527 1331 580 βούκρα-

314 586 372 613 νος
389 573 621 627 [βουκρημνος
639 582 724 612 coni.
748 578 934 625 Campius].
966 582 1029 614 Sed
1049 583 1188 613 alterius
1213 591 1331 614 recen-

315 628 418 660 sionis
436 629 618 668 Vestigium
635 629 671 659 in
694 628 754 659 hoc
771 637 836 660 non
856 638 964 669 cerno,
986 630 1075 669 quod
1092 630 1165 661 vult
1181 629 1296 661 Herm.

386 683 474 720 Βοῦ
486 697 502 723 ς
520 687 586 718 bos.
633 685 738 732 μέγας
764 684 801 719 δὲ
820 685 952 733 πλευρὰ
970 685 1134 733 [πλευρὰν
1153 689 1193 719 ab
1211 686 1330 732 schol.]

317 731 397 777 βοῦς
421 735 476 765 Ai.
501 730 601 765 1253.
651 745 682 765 v.
713 731 863 780 πλευρά,
893 739 928 766 et
950 736 1040 767 Pors.
1071 736 1112 767 ad
1135 736 1216 767 Hec.
1247 732 1327 767 820.

315 781 445 813 Schaef.
467 781 507 812 ad
525 782 628 821 Long.
650 791 683 821 p.
699 778 780 813 414.
811 779 891 826 βοῦς
908 780 1009 828 ἐργάτ
1038 794 1053 819 ς
1072 783 1174 822 Synd.
1193 784 1233 813 fr.
1249 778 1326 823 149,

315 825 347 860 3.
363 826 449 874 ῥινὸν
464 822 636 874 ἀγραύλου
648 826 726 872 βοός
735 829 908 869 Aniphiar.
923 831 963 861 fr.
981 793 1059 862 1272.
1073 827 1169 874 [βοὸς
1181 827 1270 876 ῥινόν
1288 839 1331 861 ex

314 875 508 907 Pastoribus
520 873 577 918 (fr.
591 872 661 907 458
678 876 731 907 cll.
754 886 782 907 c.
799 873 881 919 122)
900 879 995 908 affert
1012 877 1162 908 Erotian.
1183 887 1217 918 p.
1232 873 1332 921 306.]

311 914 429 960 ’Ἄθως
455 921 586 961 σκιάζει
615 926 709 956 νῶτα
737 919 896 968 Λημνίας
925 922 1005 968 βοός
1032 925 1149 955 Lemn.
1179 926 1219 955 fr.
1248 921 1327 956 348.

316 967 382 1013 [De
408 971 508 1002 variis
540 970 642 1002 huius
667 971 885 1011 proverbialis
910 981 1028 1003 versus
1052 969 1268 1015 lectionibus]
1296 983 1326 1003 v.

315 1018 452 1049 Ruhnk.
489 1017 554 1058 Ep.
584 1017 638 1049 Cr.
659 1027 693 1058 p.
718 1014 783 1049 197
801 1015 851 1061 [et
868 1019 974 1050 Piers.
996 1019 1037 1050 ad
1054 1019 1154 1050 Moer.
1175 1029 1209 1060 p.
1230 1016 1327 1063 297].

317 1082 357 1087 —
377 1062 497 1097 δώδεκ’
515 1062 663 1101 ἐντελεῖς
682 1062 772 1123 ἔχων
794 1063 874 1109 βοῦς
894 1067 946 1097 Tr.
968 1063 1047 1097 761.
1078 1064 1134 1098 ἐπὶ
1154 1064 1233 1110 βοῦς
1251 1064 1272 1099 ἀ
1295 1077 1332 1098 ε-

314 1109 412 1149 λαίας
431 1113 485 1143 Ai.
501 1109 567 1143 175
578 1113 630 1143 ch.
657 1123 737 1149 τους
756 1110 884 1150 ζῶντας
904 1111 1073 1158 συνδήσας
1092 1111 1181 1157 βοῶν
1202 1114 1255 1144 Ai.
1293 1111 1326 1145 2.

314 1158 349 1192 ἐν
377 1153 403 1191 δ’
429 1157 578 1192 έλίκεσσι
605 1157 701 1203 βουσὶ
718 1158 775 1192 καὶ
793 1157 933 1197 κλυτοῖς
951 1160 1063 1193 πεσὼν
1083 1158 1254 1197 αἰπολίοις
1272 1162 1327 1192 Ai.

338 1203 394 1238 75.
434 1224 475 1229 —
509 1207 667 1247 Denique
685 1207 829 1238 Antiatt.
852 1208 957 1239 Bekk.
979 1218 1012 1249 p.
1035 1205 1099 1248 84,
1131 1205 1189 1240 18:
1220 1204 1326 1241 Boo:

314 1251 389 1286 ἀντὶ
404 1256 464 1287 τοῦ
480 1252 559 1298 βοός
576 1250 663 1300 Σοφ.
682 1250 805 1300 Ἰνάχῳ
815 1252 873 1298 (fr.
887 1251 984 1299 277).
1005 1255 1099 1286 Idem
1111 1265 1154 1286 ex
1164 1256 1331 1295 Aeschylo

314 1305 503 1332 antestatur
529 1301 688 1333 Choerob.
718 1302 863 1333 Bekkeri
888 1312 920 1343 p.
945 1299 1054 1343 1096,
1092 1303 1127 1333 in
1147 1303 1271 1335 Theod.
1293 1313 1327 1344 p.

313 1345 402 1389 237,
430 1345 464 1380 8.
486 1349 528 1380 cf.
557 1349 682 1389 Spohn.
711 1348 836 1380 Gomm.
866 1349 906 1380 de
931 1354 1017 1381 extr.
1040 1349 1156 1389 Odyss.
1179 1354 1274 1391 parte
1292 1360 1326 1391 p.

315 1391 381 1427 129
408 1400 441 1427 et
466 1397 544 1428 Lob.
575 1396 615 1427 de
635 1396 700 1427 adi.
721 1397 868 1428 motione
893 1398 1043 1429 anomala
1059 1397 1139 1429 diss.
1161 1394 1194 1429 4.
1215 1408 1249 1439 p.
1273 1394 1326 1429 10.

313 1439 379 1487 [De
397 1444 551 1483 genetivo
566 1443 778 1484 hypothetico
798 1441 879 1488 βοῦς
896 1455 926 1475 ν.
941 1445 1061 1484 Bergk.
1078 1445 1115 1475 in
1132 1445 1202 1476 ind.
1224 1445 1327 1476 schol.

313 1491 389 1522 Hal.
413 1486 503 1522 1859
529 1500 562 1531 p.
584 1487 617 1522 2.
638 1491 761 1522 Annal.
783 1491 948 1523 Fleckeis.
970 1488 1034 1531 97,
1063 1488 1143 1524 389.
1171 1503 1200 1524 a.
1226 1488 1326 1524 1868.

313 1541 427 1569 contra
460 1538 586 1569 Nauck.
623 1538 740 1579 Eurip.
778 1538 872 1570 stud.
909 1535 950 1579 2,
988 1535 1033 1570 92
1066 1543 1100 1570 et
1133 1540 1168 1570 in
1203 1540 1326 1571 Annal.

314 1585 478 1617 Fleckeis.
500 1581 557 1625 97,
579 1582 659 1616 759.
672 1596 701 1616 a.
721 1582 841 1630 1868]
861 1603 902 1608 —
923 1587 974 1617 De
993 1591 1133 1618 accentu
1152 1597 1182 1618 v.
1206 1587 1326 1618 Herod.

314 1642 350 1664 π.
373 1643 449 1677 μον.
471 1629 539 1671 λέξ.
562 1642 595 1673 p.
621 1629 675 1674 14,
696 1629 752 1664 35.
775 1634 851 1664 Arc.
873 1644 906 1674 p.
931 1630 1009 1674 126,
1030 1631 1063 1665 4.

386 1683 560 1725 Βουστόι
573 1702 601 1728 ς.
646 1689 836 1736 βουστάδας
863 1692 1007 1731 Hesych.
1038 1703 1069 1723 V.
1124 1685 1253 1738 ερσεύει
1273 1691 1331 1724 So-

314 1739 466 1779 phoclem
497 1739 651 1780 posuisse
676 1739 723 1770 ait
746 1739 782 1769 in
808 1738 922 1771 Oeneo
946 1737 1004 1782 (fr.
1033 1737 1075 1771 41
1103 1739 1137 1780 '):
1173 1738 1331 1784 κείμενος

316 1784 378 1831 μὲν
397 1783 586 1831 βουστάδας
604 1783 729 1826 αὐλάς,
759 1791 849 1818 recte
874 1787 964 1818 enim
988 1780 1110 1818 nomen
1129 1788 1260 1819 fabulae
1279 1797 1332 1818 re-

314 1834 427 1865 stituit
444 1833 547 1865 Dind.
578 1830 693 1877 [immo
705 1825 797 1866 Ἴωνι
816 1837 873 1865 aut
894 1830 1050 1878 Σίνωνι],
1081 1838 1182 1866 cortes
1206 1838 1237 1866 et
1260 1839 1331 1867 stu-

315 1880 391 1912 bula
415 1881 537 1912 bovillo
560 1881 705 1920 intelligi
728 1881 863 1912 debent.
910 1883 952 1913 V.
982 1882 1062 1913 Lob.
1093 1882 1134 1913 de
1158 1882 1217 1914 Gr.
1245 1883 1327 1921 ling.

315 1938 385 1959 voc.
408 1929 578 1967 monosyll.
599 1938 632 1969 p.
658 1925 712 1959 11.
1008 1928 1039 1972 (Ι
1056 1939 1091 1970 p.
1112 1926 1179 1961 319
1197 1930 1258 1961 lin.
1280 1926 1333 1973 3.)

386 1979 587 2032 Βρᾶβεύς
620 1986 717 2024 iudex
741 1988 939 2019 certamini&
985 1984 1074 2021 ὅσων
1099 1986 1163 2034 γὰρ
1192 1986 1330 2034 εἰσεκή-

316 2031 415 2080 ρυξαν
477 2031 565 2080 αβῆς
589 2033 649 2075 [sic
666 2035 744 2074 LA,
775 2045 805 2067 ει
828 2044 930 2076 snper
946 2046 969 2080 η
987 2045 1006 2066 a
1023 2045 1067 2066 m.
1091 2035 1171 2077 rec.]
1194 2033 1330 2080 δρόμων

315 2082 368 2113 El.
398 2078 419 2113 6
444 2044 478 2114 ὅ
531 2081 624 2113 Suid.
661 2092 692 2113 V.
730 2079 880 2126 βραβεῖς.
916 2080 948 2115 οἱ
971 2080 1174 2127 τεταγμένοι
1199 2081 1330 2128 βραβῆς

315 2125 382 2161 709
404 2128 444 2170 [ει
462 2138 564 2169 super
579 2141 602 2174 η
621 2130 662 2160 ab
678 2129 744 2160 alia
756 2139 799 2160 m.
815 2132 883 2160 ant.
901 2129 986 2171 LA],
1009 2130 1098 2170 quod
1114 2131 1210 2161 affert
1228 2130 1326 2161 Eust.

314 2186 348 2217 p.
368 2173 449 2216 419,
470 2172 504 2207 2.
550 2177 625 2207 Huc
650 2177 786 2217 respicit
812 2177 929 2208 Thom.
958 2188 988 2208 v.
1012 2170 1174 2222 βραβεύς,
1203 2178 1329 2209 addens

315 2221 506 2268 βραβευτής
524 2223 751 2255 abiiciendum
778 2233 871 2263 esse,
900 2225 1083 2264 significari
1105 2229 1220 2256 autem
1237 2228 1330 2256 utro—

313 2279 380 2311 que
396 2267 628 2316 ἀγωνοθέτην.
658 2270 752 2303 Suid.
771 2274 804 2302 et
817 2271 933 2302 Thom.
956 2280 1031 2302 cum
1044 2280 1154 2312 apogr.
1174 2270 1325 2316 βραβεῖς.

385 2333 593 2386 Βρᾶδΰνω
618 2350 739 2372 moror.
784 2338 910 2387 πρᾶξον
935 2339 995 2374 καὶ
1020 2340 1062 2385 μ“
1098 2339 1242 2387 βράδυνε
1263 2342 1324 2373 Ph.

317 2384 418 2429 1400,
440 2389 557 2429 active,
579 2397 619 2420 ηε
636 2398 695 2420 nos
711 2397 850 2420 morare.
880 2389 993 2420 Pass.:
1014 2352 1083 2433 ἠδ’
1102 2388 1179 2426 ὁδὸς
1200 2383 1329 2435 βραδυ-

313 2445 406 2468 νεται
422 2434 476 2467 El.
500 2432 602 2467 1501.
646 2433 755 2469 πάλαι
779 2433 822 2480 δὴ
847 2433 936 2469 τάπὸ
962 2438 1021 2469 σοῦ
1048 2429 1248 2481 βραδύνεται
1273 2436 1328 2469 Oc

317 2478 417 2514 1628.
448 2481 499 2514 Gf.
520 2483 681 2514 Abresch.
700 2483 813 2515 Diluc.
835 2483 984 2523 Thucyd.
1004 2493 1038 2524 p.
1056 2481 1137 2516 546.

385 2533 560 2586 Βρᾶδός
577 2541 704 2574 tardus.
733 2542 785 2573 De
798 2541 950 2573 homine:
974 2539 991 2551 '⁸
1015 2536 1023 2550 '
1052 2540 1137 2589 άνην
1156 2541 1172 2576 ἐ
1196 2543 1223 2576 ὼ
1243 2541 1327 2589 βρα-

315 2580 375 2624 δύς
392 2589 447 2619 Ai.
469 2585 549 2620 739.
585 2586 638 2621 κεί
656 2586 782 2633 βραδὺς
800 2585 889 2621 εὕδει
907 2588 962 2621 OC
972 2552 1060 2622 7306.
1090 2602 1121 2622 V.
1143 2588 1179 2623 εὔ
1205 2603 1244 2623 ω.
1271 2590 1323 2632 [cf.

315 2634 408 2667 Boss.
438 2636 494 2667 ell.
530 2644 577 2675 gr.
612 2646 646 2676 p.
677 2632 745 2668 316
772 2635 919 2678 Schaef.]
963 2634 1078 2683 χρόνῳ
1112 2631 1237 2683 βραδύς
1260 2635 1328 2670 875

318 2681 445 2727 [γηρῶν
472 2676 576 2728 βαρύς
600 2693 619 2714 a
643 2693 687 2715 m.
714 2684 913 2724 perantiqua
938 2693 1104 2724 superscr.
1133 2686 1169 2716 in
1189 2685 1259 2727 LA]
1280 2694 1329 2716 se-

314 2732 443 2761 nectute
460 2729 585 2762 tardus.
632 2731 823 2762 Deteriores
841 2731 919 2762 libri
936 2725 1081 2778 βραχύς,
1113 2733 1209 2773 quasi
1233 2733 1330 2763 festi-

314 2781 410 2808 naret
427 2776 544 2809 Oreon.
592 2777 696 2809 Aliud
716 2777 753 2808 in
771 2777 905 2809 scholiis
922 2778 1046 2818 legitur
1063 2788 1106 2810 ex
1123 2780 1327 2820 interpreta-

314 2824 406 2855 tione
423 2827 544 2864 ortum,
565 2817 679 2870 βαρύς,
701 2825 723 2856 1.
741 2834 771 2856 e.
794 2821 986 2869 βαρυνθείς.
1008 2843 1049 2849 -
1069 2823 1172 2871 ἐσμὲν
1190 2823 1260 2872 ἤδη
1277 2825 1328 2871 τῷ

315 2870 441 2915 μακρῷ
457 2869 572 2917 χρόνῳ
601 2869 740 2916 βραδεῖς
767 2871 822 2903 Tr.
848 2867 916 2903 599
958 2873 1046 2904 tardi
1069 2883 1181 2905 samua
1205 2876 1330 2914 tempus

314 2927 460 2949 sermone
484 2921 630 2950 terente&
681 2918 746 2951 Sed
774 2919 810 2949 in
844 2918 926 2951 Ant.
954 2916 1020 2951 231
1064 2917 1189 2964 ἤνυτον
1223 2918 1334 2967 σχολῇ

316 2957 441 3010 βραδύς
467 2965 611 2997 deterior
634 2966 799 3007 scriptura
823 2967 977 3006 quamvis
1002 2968 1153 2998 omnium
1169 2968 1329 2999 librorum

316 3015 388 3052 est,
416 3021 501 3053 quae
527 3013 710 3052 genuinam
731 3023 782 3045 τα
822 3008 844 3045 o'
852 3023 888 3054 ς,
925 3023 944 3044 a
969 3013 1146 3046 scholiasta
1164 3019 1329 3046 servatam

315 3059 468 3100 expulit,
497 3069 573 3091 cum
596 3060 718 3100 aliquis
743 3023 853 3105 σχόζλῇ
874 3071 917 3093 τα
945 3053 983 3092 ιῖς
1008 3062 1055 3093 ita
1080 3061 1203 3093 fuisset
1219 3062 1324 3093 inter-

315 3109 521 3146 pretaturus.
552 3124 592 3129 —
621 3107 672 3138 De
689 3116 743 3138 re:
782 3105 840 3140 σὺν
857 3117 902 3152 χρ
926 3118 974 3152 νῳ
995 3106 1114 3154 βραδεῖ
1132 3105 1248 3152 μολών
1268 3109 1324 3141 Tr.

315 3148 383 3184 395
399 3153 423 3185 i.
444 3163 476 3193 q.
499 3150 663 3198 βραδέως.
701 3151 861 3199 βραδεῖαν
884 3152 987 3200 τήνδε
1003 3153 1066 3200 τὴν
1085 3152 1162 3189 ὁδὸν
1181 3153 1327 3200 πέμπων

313 3200 368 3231 Ai.
396 3196 465 3232 738
505 3201 565 3231 iter
591 3200 682 3232 tarde
708 3200 904 3240 confectum.
958 3199 1101 3248 βραδεῖα
1133 3201 1167 3236 ἐν
1201 3200 1329 3248 λόγοισι

313 3244 490 3293 προσβολή
509 3248 548 3278 fr.
570 3249 635 3279 inc.
656 3245 738 3287 737,
761 3244 792 3279 1.

384 3301 415 3338 Β
426 3316 443 3351 ρ
453 3317 475 3338 α
484 3303 501 3337 δ
511 3301 592 3350 ὕτή
603 3316 619 3342 ς
643 3305 794 3338 tarditas.
824 3303 1036 3352 βραδυτῆτος
1054 3303 1137 3352 ὅπερ
1156 3307 1237 3338 Ant.
1258 3303 1327 3339 932

1369 386 1460 413 satus
1487 382 1623 422 quidem
1649 381 1840 413 Aristarcho
1864 384 2016 422 receptae
2042 381 2288 413 consuetudini}

1369 430 1493 460 sensori
1511 428 1721 460 Herodianus
1739 434 1791 460 est
1808 429 1946 460 rationis
1962 433 2204 469 propugnator:
2235 428 2288 460 sed

1369 477 1460 507 illius
1478 476 1579 507 Verba
1596 476 1684 516 apud
1702 475 1799 507 Eust.
1820 485 1854 516 p.
1875 472 1933 516 26,
1953 473 1999 507 40
2017 476 2098 507 satis
2116 476 2202 507 clare
2219 484 2288 516 pro‹

1369 533 1435 555 non
1460 523 1642 564 pervicisse
1667 524 1829 554 rationem
1856 524 1954 554 istam
1971 523 2186 563 antiquitatis
2202 523 2288 554 totiu

1369 570 1549 602 servationi
1570 571 1780 601 contrariam.
1818 570 1914 609 Quod
1931 570 2061 601 Buttm.
2091 570 2148 602 Gr.
2169 566 2204 610 2,
2225 565 2288 601 324

1370 619 1461 657 vult,
1490 618 1581 648 hunc
1608 622 1642 648 et
1670 618 1750 649 alios
1777 618 1817 648 de
1844 618 1988 658 obliquis
2013 618 2145 649 casibus
2167 617 2288 648 inflect

1369 674 1434 696 non
1452 674 1639 705 pugnasse,
1668 665 1911 695 nominativum
1929 664 2117 696 acuendum
2134 673 2288 704 negasse.

1368 721 1434 752 que
1453 721 1495 743 ex
1513 712 1571 742 illo
1590 711 1763 743 Eustathii
1780 712 1848 743 loco
1866 721 1977 752 neque
1995 721 2038 743 ex
2056 712 2159 743 altero
2175 721 2209 752 p.
2231 706 2288 742 665

1369 760 1478 790 ullum
1496 759 1596 790 habet
1612 759 1829 799 praesidium.

1440 814 1652 864 Βραχέως
1679 829 1709 849 v.
1740 810 1882 864 βραχύς.
2085 814 2118 860 (1
2134 827 2169 859 p.
2191 813 2258 848 319
2276 825 2288 848 ε

1440 873 1470 909 Β
1483 869 1593 922 ραχι“’
1605 887 1660 909 ων
1678 876 1856 908 brachium.
1885 874 1914 908 ὦ
1928 873 2022 922 φίλοι
2035 873 2213 922 βραχίονες
2223 875 2278 907 Tr.

1369 925 1507 955 lacertos
1524 924 1663 955 intuens
1681 924 1844 955 Hercules
1862 923 1962 964 dicit,
1991 924 2115 964 quibus
2132 923 2239 955 multa
2255 924 2288 955 fo

1370 972 1518 1003 fecisset.
1541 988 1582 994 —
1603 971 1655 1002 De
1675 975 1750 1002 tono
1768 982 1798 1002 V.
1821 971 1896 1002 Arc.
1918 980 1953 1011 p.
1977 967 2031 1011 18,
2052 966 2085 1002 6.

1440 1026 1619 1075 Βρᾶχός
1652 1029 1666 1072 ΙΙ
1699 1030 1819 1070 brevis,
1841 1039 1916 1060 cum
1932 1029 1973 1060 de
1992 1029 2120 1070 spatio,
2147 1032 2221 1060 tum
2237 1028 2278 1060 de

1368 1087 1447 1119 pore
1473 1082 1507 1108 et
1531 1078 1630 1108 rebus
1657 1082 1797 1118 utraque
1821 1077 1948 1108 ratione
1972 1076 2199 1108 dimetiendis.
2237 1073 2288 1118 λόη

1368 1124 1492 1172 βραχεῖ
1509 1124 1568 1155 Ph.
1590 1121 1670 1156 435.
1708 1122 1839 1171 βραχύν
1863 1117 1923 1156 τιν’
1949 1122 2040 1157 αἰτεῖ
2065 1120 2176 1168 μῦθον
2202 1123 2258 1156 ΟΟ
2278 1121 2288 1155 1

1365 1170 1482 1218 χρόνῳ
1510 1168 1634 1219 βραχεῖ
1663 1168 1764 1204 1648.
1817 1169 1895 1208 ὁδὸς
1922 1169 2069 1217 βραχεῖα
2092 1169 2241 1216 γίγνεται
2267 1182 2288 1215 μ

1368 1221 1448 1253 Ant.
1472 1215 1551 1250 232.
1587 1220 1707 1250 Affert.
1729 1219 1818 1250 Plut.
1839 1219 1880 1250 de
1898 1219 1986 1250 Aud.
2009 1218 2101 1250 Poet.
2132 1227 2166 1259 p.
2195 1214 2241 1250 48
2258 1227 2288 1249 a.

1368 1277 1418 1304 σις
1436 1265 1583 1312 βραχεῖα
1593 1267 1634 1298 fr.
1655 1267 1764 1298 Acris.
1781 1263 1837 1297 62.
1861 1263 1984 1311 βραχεῖ
1999 1263 2061 1311 λόγ
2110 1266 2201 1296 Alet.
2219 1261 2276 1297 89.

1366 1312 1431 1361 χὺν
1448 1313 1573 1359 χρόνον
1600 1314 1683 1352 Mys.
1706 1310 1785 1345 358.
1831 1311 1942 1358 μῦθος
1968 1307 2074 1358 Ἀργο
2101 1311 2162 1345 ιστὶ
2188 1309 2287 1345 συντέ

1369 1355 1501 1408 βραχύς
1535 1361 1627 1392 Ulix.
1658 1362 1724 1392 fur.
1752 1357 1842 1401 411,
1877 1357 1910 1392 2.
1962 1358 1997 1393 ἐν
2025 1358 2150 1407 βραχεῖ
2181 1370 2218 1392 τε
2242 1358 2288 1392 κά

1368 1407 1485 1456 χρόνω
1512 1408 1619 1447 Tynd.
1649 1405 1736 1449 572,
1757 1405 1790 1439 4.
1822 1425 1862 1430 -
1890 1409 1978 1439 Hinc
2003 1411 2083 1439 sunt
2100 1407 2288 1438 adverbiasc

1369 1441 1474 1488 haec:¹
1498 1453 1533 1487 ἐν
1552 1453 1676 1502 βραχεῖ
1693 1452 1823 1494 ξυνθεὶς
1848 1452 1939 1501 λέγω
1957 1454 2012 1486 ΕΙ.
2034 1451 2114 1486 673.
2150 1450 2220 1487 οὐδ’
2237 1452 2255 1487 ὁ
2274 1465 2288 1498 ρ

1370 1502 1404 1537 ἐν
1430 1501 1554 1582 βραχίεῖ
1579 1501 1706 1548 φράσαι
1729 1501 1888 1548 πάρεστιν
1914 1502 1969 1534 OC
1990 1498 2090 1534 1581.
2137 1499 2172 1534 ἐν
2199 1498 2288 1547 βραχ

1369 1552 1435 1583 inc.
1457 1549 1501 1583 70
1530 1574 1538 1590 ,
1554 1547 1586 1581 3.
1601 1567 1642 1572 —
1663 1549 1677 1591 ΙΙ
1690 1560 1829 1590 parvm,
1849 1551 1997 1590 eziywus.
2026 1550 2110 1580 Raro
2128 1549 2169 1580 de
2187 1549 2287 1580 rebus

1370 1600 1423 1630 sui
1450 1598 1609 1630 subiectis
1637 1597 1779 1637 dicitur,
1812 1597 1903 1628 unde
1935 1597 2009 1628 fons
2042 1596 2149 1628 oritur
2173 1596 2286 1628 tralati

1370 1644 1405 1679 ἐν
1425 1643 1550 1692 βραχεῖ
1566 1642 1691 1690 χαλκῷ
1709 1644 1763 1675 El.
1786 1641 1865 1676 757.
1906 1642 1941 1677 ἐν
1960 1641 2085 1690 βραχεῖ
2101 1640 2159 1675 τεύ
2187 1653 2216 1675 ει
2236 1640 2288 1674 11:

1369 1703 1445 1724 vase
1466 1684 1657 1732 utrumque.
1697 1685 1749 1724 ἐπ’
1775 1688 1883 1737 ἄκρου
1909 1688 1993 1728 λᾶος
2012 1689 2142 1738 βραχὺς
2159 1653 2288 1724 δίκλάσα

1372 1736 1436 1772 196
1454 1741 1505 1772 ch.
1527 1740 1568 1770 de
1585 1739 1708 1770 humili
1729 1740 1889 1770 sessione.
1919 1756 1960 1761 —
1986 1735 2123 1784 ἡμέρας
2141 1735 2246 1783 μέρος
2272 1734 2288 1780 β

1369 1787 1430 1818 Ph.
1446 1784 1503 1819 83.
1533 1785 1644 1833 ἀρχὴν
1665 1784 1830 1832 βραχεῖαν
1847 1784 1876 1818 εἰ
1894 1783 2058 1830 λάβοιμεν
2076 1782 2215 1822 ἐλπίδος
2232 1783 2288 1816 OR

1368 1832 1427 1867 καὶ
1444 1832 1497 1868 σοί
1513 1844 1549 1866 τε
1565 1832 1707 1879 τοῦγρον
1732 1833 1819 1877 (rem
1837 1838 1966 1872 gestam
1982 1829 2134 1875 narrare)
2149 1825 2241 1865 τοῦτ’
2259 1828 2288 1876 ἐξ

1369 1880 1463 1914 ἔσται
1482 1879 1592 1927 βραχύ
1612 1881 1666 1913 OG
1687 1878 1788 1912 1118.
1834 1877 1958 1926 βραχεῖ
1984 1877 2042 1912 σὺν
2068 1876 2162 1925 ὄγκῳ
2185 1877 2242 1912 καὶ
2279 1878 2283 1881 “

1369 1927 1537 1961 διασκεδῶ
1558 1926 1658 1960 1341.
1691 1926 1768 1974 πρίν
1786 1921 1814 1973 γ’
1832 1924 1872 1960 ἂν
1890 1926 1993 1974 εἴπῃς
2013 1888 2288 1972 ἱστορούμενοςβ

1370 1977 1425 2008 Tr.
1446 1973 1526 2008 415.
1555 1970 1650 2009 κούδ’
1667 1973 1708 2008 ἄν
1728 1985 1763 2007 σε
1780 1972 1965 2020 λυπήσασα
1982 1971 2145 2019 δεξαίμην
2165 1971 2274 2020 βραχὺ

1370 2017 1444 2069 μέγ’
1470 2021 1579 2069 εὑρεῖν
1612 2021 1734 2068 κέρδος
1766 2022 1820 2053 El.
1853 2019 1953 2053 1304.
2001 2019 2076 2066 βίου
2102 2019 2167 2066 βρα
2194 2019 2231 2054 ὺν
2259 2018 2288 2053 lo

1369 2071 1472 2109 Synd.
1494 2072 1535 2102 fr.
1558 2067 1635 2102 146.
1670 2070 1921 2101 Adverbiascit:
1952 2066 1987 2101 ἐν
2014 2066 2139 2114 βραχεῖ
2163 2030 2206 2113 ⁴213]
2225 2065 2288 2112 τήν

1368 2116 1493 2157 ἐξαιτεῖ
1508 2115 1609 2163 χάριν
1633 2116 1688 2149 OC
1707 2113 1787 2148 586.
1833 2116 1963 2148 Schol.:
1995 2113 2104 2162 βραχὺ
2131 2113 2239 2161 δῶρόν
2265 2125 2288 2160 μ

1366 2167 1455 2205 τεῖς,
1485 2165 1575 2196 unde
1593 2164 1707 2195 Herm.
1733 2164 1869 2195 coniicit
1893 2161 2058 2209 βραχεῖαν
2074 2160 2196 2207 τήνδε,
2225 2170 2288 2203 quo

1366 2222 1461 2253 opus.
1496 2212 1640 2243 Tralatio
1664 2211 1871 2242 manifestior
1888 2214 1958 2250 est,
1986 2219 2062 2241 cum
2085 2219 2135 2240 res
2153 2210 2236 2240 leves
2251 2212 2286 2240 et

1367 2261 1431 2291 lius
1446 2261 1602 2290 momenti
1627 2259 1877 2298 significantur:
1906 2254 2038 2302 λόγοισι
2062 2255 2126 2303 γὰρ
2153 2254 2218 2289 οὐκ
2241 2255 2288 2289 ὢν

1367 2317 1440 2340 σται
1458 2304 1600 2353 βραχέσι
1618 2306 1672 2337 OC
1690 2301 1770 2337 294.
1810 2305 2082 2336 Consideratione
2109 2305 2244 2343 dignam
2260 2311 2288 2335 01

1367 2364 1445 2385 nem
1461 2358 1564 2385 vocat.
1607 2350 1707 2399 χάριν
1735 2350 1901 2399 βραχεῖαν
1926 2349 2011 2396 πρὸς
2029 2353 2176 2397 μακροῖς
2192 2348 2288 2384 ἄλλοι·

1367 2398 1446 2434 δούς
1464 2401 1519 2432 Tr.
1540 2392 1640 2432 1217.
1670 2400 1752 2431 Inde
1765 2399 1858 2430 homo
1871 2399 1985 2439 opibus
2001 2399 2104 2430 nullis
2120 2399 2233 2429 ‘valens
2251 2395 2288 2444 βρ

1365 2452 1518 2480 vocatur:
1555 2450 1629 2485 τοῖς
1653 2458 1706 2480 τοι
1725 2444 1868 2479 δικαίοις
1890 2445 1945 2492 χώ
1964 2443 2093 2492 βραχὺς
2108 2443 2189 2488 νικᾷ
2199 2442 2288 2490 μέγα

1365 2492 1446 2527 880.
1475 2495 1587 2535 Apud.
1610 2495 1700 2527 Stob.
1722 2494 1827 2526 Serm.
1852 2490 1906 2534 11,
1930 2490 1972 2524 13
1990 2502 2107 2524 Versus
2123 2493 2243 2524 vitiose
2259 2499 2288 2524 sc

1366 2546 1421 2574 tur
1444 2543 1517 2579 τοῖς
1541 2553 1595 2574 τοι
1613 2539 1755 2578 δικαίοις
1772 2543 1860 2587 χρῶ.
1904 2537 2034 2587 βραχὺς
2050 2539 2130 2585 νικᾷ
2147 2537 2267 2584 μέγαν.

1368 2589 1512 2621 Plumbia
1539 2593 1590 2620 est
1615 2590 1673 2620 ubi
1694 2598 1805 2628 pauca
1822 2588 2001 2627 significet.
2046 2585 2133 2619 ὥστε
2159 2584 2177 2630 β
2202 2581 2275 2632 αχέ’

1367 2634 1516 2683 [βραχέα
1534 2647 1592 2681 μοι
1608 2633 1731 2679 Dind.]
1757 2631 1891 2667 δεῖσθαι
1916 2633 2041 2681 φράσαι
2065 2633 2120 2666 OC
2146 2596 2225 2666 550.
2269 2630 2288 2666 d

1366 2682 1405 2716 σὺ
1424 2681 1574 2729 βραχέα,
1603 2685 1710 2716 ταῦτα
1736 2679 1763 2714 δ’
1789 2679 1824 2715 ἐν
1849 2682 1960 2728 καιρῷ
1977 2678 2087 2726 λέγεις
2104 2677 2173 2713 809
2198 2690 2231 2711 V.
2259 2678 2288 2712 Η

1367 2747 1407 2754 -—
1428 2731 1555 2762 Horum
1579 2733 1711 2771 praeter
1739 2729 1945 2761 adverbiales
1967 2729 2151 2760 locutiones
2168 2729 2288 2759 substa]

1365 2778 1524 2810 dicuntur
1541 2777 1595 2809 OG
1615 2773 1694 2808 570.
1711 2773 1792 2809 809.
1809 2772 1889 2807 880.
1910 2773 2010 2807 1118.
2034 2775 2090 2806 Tr.
2104 2771 2184 2806 415.
2206 2768 2288 2818 El.1

1367 2843 1407 2848 —-
1436 2824 1450 2867 ΙΙ
1479 2824 1730 2864 Comparativus
1747 2833 1813 2854 non
1838 2823 1974 2863 legitur.
2020 2821 2248 2862 Superlativus
2270 2828 2288 2861 p

1366 2872 1631 2912 significatione:
1661 2868 1828 2916 βράχιστα
1843 2867 1907 2915 γὰρ
1924 2868 2089 2916 κράτιστα
2103 2866 2164 2902 τάν
2176 2865 2288 2902 ποσὶν·

1366 2919 1446 2950 Ant.
1470 2915 1572 2950 1328.
1593 2929 1624 2949 V.
1646 2918 1760 2949 Herm.
1790 2916 1994 2963 βράχιστοντ
2024 2913 2248 2962 βραχύτατον.
2285 2910 2288 2948 J

1366 2961 1446 2999 Δαν.
1475 2963 1531 3009 (fr.
1556 2962 1638 3009 179)
1662 2965 1805 2996 Antiatt.
1835 2965 1941 2996 Bekk.
1969 2974 2002 3004 p.
2023 2960 2087 3004 85,
2118 2960 2171 2994 18.
2237 2962 2288 2994 Se(

1367 3010 1533 3104 βράχιστα
1551 3012 1771 3044 adverbiascit
1788 3011 1842 3043 OC
1864 3008 1964 3043 1115.
2001 3009 2044 3044 τὰ
2061 3005 2245 3056 πραχθέντ’
2261 3005 2288 3049 εἱ

1366 3058 1413 3097 ὡς

1437 3070 1511 3151 [ΞΒ
1522 3116 1539 3151 ρ
1548 3116 1602 3152 αχ
1612 3103 1630 3138 ὑ
1641 3103 1665 3151 ψ
1675 3117 1693 3138 υ
1702 3116 1727 3163 χ
1737 3117 1754 3139 ο
1766 3116 1781 3142 ς
1815 3106 1924 3145 eaeiyuz'
1947 3105 2062 3135 animi.
2125 3104 2234 3136 κακοῦ
2257 3110 2288 3134 τε

1365 3150 1590 3200 βραχυψΰχου
1610 3151 1731 3198 ἀνδρος
1749 3153 1803 3183 Ai.
1818 3149 1885 3183 319
1900 3152 2000 3190 Seyff.
2017 3161 2035 3182 e
2049 3151 2247 3182 coniectura.
2268 3157 2288 3180 Β·

1366 3211 1468 3246 μικρο
1500 3198 1596 3246 ύχου,
1617 3197 1928 3233 καταπεπτωκότος
1943 3197 2006 3243 τὴν
2035 3195 2163 3244 ψυχήν.
2212 3196 2288 3228 Dim

1363 3248 1458 3279 libris
1471 3198 1676 3293 βαρυψύχου
1696 3247 1783 3287 quod
1799 3243 1978 3288 praestat]

1433 3302 1464 3340 B
1475 3316 1492 3351 ρ
1503 3303 1519 3338 έ
1530 3317 1555 3350 μ
1566 3318 1593 3338 ω
1611 3305 1727 3344 fremo,
1756 3302 1943 3348 δυσάνεμον
1958 3300 2066 3346 στόνῳ
2085 3299 2249 3348 βρέμουσι
2265 3294 2288 3332 δ”

313 3361 367 3384 an.
391 3370 432 3375 -
451 3353 539 3384 Acui
556 3354 675 3384 iubent
691 3353 755 3384 EM
772 3363 806 3394 p.
830 3350 914 3394 103,
946 3351 976 3385 1.
1014 3354 1090 3385 Arc.
1120 3363 1152 3394 p.
1174 3350 1230 3393 28,
1253 3358 1321 3386 not.
1361 3350 1525 3399 τιπλῆγες
1542 3350 1642 3385 ἀκταί
1661 3353 1741 3383 Ant.
1770 3348 1839 3382 592
1856 3351 1906 3382 ch.
1943 3348 2123 3395 δυσανέμῳ
2141 3349 2284 3388 Iacobs.;

313 3396 375 3440 40,
404 3409 509 3440 eaque
527 3400 711 3432 Aristarchi
735 3401 850 3440 regula
866 3401 973 3432 fuisse
1000 3401 1151 3440 videtur,
1178 3401 1266 3441 quod
1284 3401 1325 3432 de

1363 3400 1514 3432 restituit
1548 3400 1715 3438 vulgatam
1741 3398 1879 3438 Herm,
1916 3398 2133 3429 distinctione
2163 3399 2240 3427 ante
2264 3401 2288 3426 σε

2283 3553 2288 3600 l
