2288 3600
267 117 365 166 118

264 231 416 280 φθόγγος
441 231 570 267 οἰκείου
600 235 712 266 κακοῦ
738 230 858 278 βάλλει
883 229 923 265 δι’
949 231 1047 267 ὤτων
1071 232 1153 265 Ant.
1178 228 1279 264 1188.

265 283 306 314 de
331 281 461 322 olfactu
481 282 661 321 perceptis:
697 278 808 325 ὀσμὴν
826 275 882 313 ἀπ’
904 277 1008 313 αὐτοῦ
1034 277 1084 324 μὴ
1105 276 1204 324 βάλοι
1220 289 1284 312 πε-

265 327 426 376 φευγότες
443 329 524 360 Ant.
545 325 626 360 411.
657 328 709 360 De
728 327 828 360 Salm.
851 329 891 359 fr.
913 324 993 368 483,
1015 324 1082 359 2v.
1099 324 1280 371 λαμβάνω.

267 394 308 400 --
328 376 342 419 11
359 377 412 408 Ab
429 376 533 409 altera
549 376 703 417 propriae
722 375 975 416 significationis
991 378 1086 416 parte
1099 377 1135 406 et
1148 374 1284 414 quidem

265 435 282 456 a
295 422 500 464 proiiciendo
518 423 704 454 traducitur
719 423 766 463 id,
787 423 874 463 quod
888 422 974 462 forte
986 423 1039 453 vel
1053 425 1169 455 temere
1183 422 1286 456 iacere

265 471 356 503 dicta
372 471 551 510 significat.
581 467 663 506 ἔπος
679 481 712 503 τι
727 468 889 515 τυγχάνει
907 467 1021 514 βαλών
1040 469 1094 501 ΕΙ.
1116 465 1196 500 569.
1231 469 1284 501 Ab

267 517 442 552 iniiciendo
467 521 539 558 est,
569 527 646 549 cum
664 518 704 549 de
721 518 876 557 adspectu
901 517 1068 549 offerendo
1103 517 1156 548 vel
1180 525 1281 547 sensu

266 567 494 608 qualicunque
512 565 690 596 excitando
707 568 899 606 usurpatur.
938 561 1127 610 δυςφόρους
1146 556 1198 596 ἐπ’
1216 560 1284 607 ὄμ-

267 623 368 658 μασιν
385 612 526 658 γνώμας
545 610 698 657 βαλοῦσα
723 613 778 644 Ai.
800 609 855 644 52.
901 612 997 643 Falsa
1023 612 1114 643 enim
1132 611 1283 643 caedium

267 661 379 702 specie
392 661 545 692 Minerva
555 660 694 691 Aiacem
711 659 922 691 deliniverat.
950 656 1064 704 λύπην
1083 659 1183 692 πᾶσιν
1201 651 1284 703 Ἀρ-

266 706 370 754 γείοις
389 705 506 753 βαλεῖς
523 707 585 739 Ph.
608 703 672 747 67,
702 707 791 748 quod
807 716 864 747 pro
883 704 1048 751 ἐμβαλεῖς
1065 707 1192 738 dictum
1210 715 1283 736 esse

267 756 457 788 observavit
474 755 604 787 Buttm.
633 754 724 786 Huic
739 755 838 795 plane
857 754 1060 786 contrarium
1079 754 1213 786 dicendi
1231 763 1283 784 ra-

267 804 372 843 tione,
393 812 496 834 sensu
514 802 617 833 affine
635 805 705 842 est,
734 811 810 833 cum
836 801 929 833 homo
955 802 1066 841 aliquo
1085 802 1220 842 coniici,
1250 799 1284 830 id

268 853 320 882 est
345 851 458 891 aliqua
482 859 517 881 re
543 860 575 880 v.
597 859 624 880 c.
654 849 846 890 suspicione
868 849 1033 889 implicari
1056 848 1191 879 dicitur.
1237 845 1284 885 ὥς

247 908 317 942 ,νιν
345 895 499 942 ματαίως
526 894 619 942 αἰτίᾳ
637 894 738 941 βάλοι
754 894 848 942 κακῇ
887 896 944 927 Tr.
971 892 1051 927 940.
1095 894 1153 928 τὸν
1179 893 1283 940 ἐναγῆ

269 943 369 991 φίλον
397 943 445 990 μή
474 937 548 977 ποτ’
574 941 608 977 ἐν
635 941 728 989 αἰτίᾳ
753 941 875 989 ἄτιμον
903 940 1020 987 βαλεῖν
1051 942 1109 974 ΟΒ.
1135 939 1203 974 657
1230 943 1280 973 ch.

271 993 332 1036 [sic
349 1002 458 1034 apogr.
475 1004 482 1023 z
512 989 673 1036 ἐκβαλεῖν
692 989 767 1035 LA]
786 1002 817 1022 v.
839 991 987 1022 Brunck.
1009 994 1043 1021 et
1061 990 1133 1021 Erf.
1179 990 1287 1021 Deni-

268 1050 334 1082 que
352 1040 432 1071 hinc
448 1039 489 1070 ad
506 1040 738 1079 coyitationem
750 1039 941 1070 deflectitur
954 1038 1065 1069 animo
1080 1043 1281 1078 susceptam.

271 1086 320 1132 μὴ
338 1089 397 1120 νῦν
422 1084 472 1120 ἔτι
514 1083 623 1131 μηδὲν
651 1084 685 1123 ἐς
711 1082 821 1130 θυμὸν
850 1082 959 1132 βάλῃς
983 1085 1041 1116 OR
1071 1081 1158 1125 975,
1199 1084 1285 1125 quod

269 1144 376 1176 genus
400 1133 561 1175 loquendi
586 1134 675 1174 apud
701 1134 811 1173 epicos
837 1133 994 1173 inprimis
1013 1133 1192 1173 frequens,
1222 1132 1287 1163 etsi

269 1183 311 1214 de
329 1183 399 1214 suis
419 1183 584 1222 cuiusque
598 1181 750 1220 cogitatis
760 1181 862 1212 medii
872 1181 1009 1212 formam
1020 1181 1228 1221 praeferunt.
1244 1197 1284 1202 —

271 1230 337 1263 Suo
354 1229 534 1270 separatim
551 1229 620 1260 loco
638 1228 890 1260 memorandum
909 1228 993 1268 fuit,
1015 1227 1103 1268 quod
1121 1225 1235 1272 βαλών
1254 1224 1289 1270 (a

271 1287 374 1309 manu
398 1276 584 1308 iniieienda
606 1272 859 1318 depromptum)
884 1275 979 1306 velut
1004 1272 1096 1320 ἔχων
1122 1278 1155 1305 et
1172 1272 1288 1318 λαβών

272 1323 563 1357 circumlocutioni
596 1323 784 1354 adhibetur.
845 1320 915 1359 οἰὸς
953 1319 1096 1358 νεαλοῦς
1129 1320 1288 1366 νεοπόκῳ

272 1369 397 1416 μαλλῷ
417 1368 531 1417 βαλών
549 1368 706 1416 (ἔρεψον)
723 1370 779 1402 OG
796 1367 876 1401 475.
964 1368 995 1412 (1
1012 1380 1045 1410 p.
1067 1366 1137 1400 294
1153 1370 1214 1401 lin.
1236 1366 1290 1412 8.)

342 1423 549 1464 Βάναυσο
561 1441 577 1467 ς
603 1429 784 1461 illiberalis.
823 1427 862 1462 οὐ
880 1427 944 1474 γὰρ
963 1427 1132 1474 βάναυσον
1149 1427 1213 1472 την
1230 1425 1289 1460 τέ-

269 1489 358 1525 χνην
377 1476 579 1523 ἐκτησάμην
598 1477 652 1508 Ai.
673 1474 774 1508 1121.
804 1487 835 1507 v.
857 1477 920 1508 EM
938 1486 971 1516 p.
993 1474 1070 1516 187,
1091 1473 1147 1515 40,
1170 1477 1228 1516 qui
1247 1485 1289 1506 ex

272 1525 469 1567 compendio
503 1525 672 1556 scribendi
706 1522 844 1568 ἐκτήσω
878 1524 1034 1564 exhibet,
1072 1535 1090 1554 a
1123 1523 1290 1554 Brunckio

272 1573 506 1614 emendatum,
544 1576 579 1603 et
595 1572 711 1603 Valck.
740 1572 781 1603 ad
805 1572 962 1603 Ammon.
990 1581 1023 1611 p.
1052 1568 1133 1602 215.
1156 1588 1196 1593 -—
1225 1571 1291 1601 Ac-

273 1624 409 1653 centum
428 1620 603 1661 compositi
621 1619 750 1650 notavit
766 1619 844 1650 Arc.
865 1628 898 1660 p.
921 1615 978 1658 76,
999 1615 1055 1650 21.

343 1676 374 1713 Β
385 1676 489 1718 άξις.
506 1677 614 1720 [Ourt.
628 1678 685 1709 Et.
696 1688 730 1719 p.
747 1674 846 1722 520]
862 1678 998 1718 Proprie
1016 1677 1152 1717 dictum,
1173 1686 1288 1707 sermo.

275 1725 326 1772 μή
353 1720 387 1772 μ’
405 1724 554 1774 ἀξιώσῃς
572 1723 667 1771 βάξιν
685 1722 846 1783 άλγεινῂν
864 1722 983 1769 λαβεῖν
1001 1725 1056 1756 Ai.
1074 1721 1142 1756 494
1167 1725 1207 1755 ab
1224 1725 1292 1755 ini-

273 1775 369 1807 micis
388 1774 535 1806 convicio
560 1783 614 1805 me
638 1773 723 1814 peti.
759 1770 878 1809 κλυοις
904 1770 944 1806 ἂν
961 1770 1206 1818 κεκρυμμένην
1226 1782 1291 1815 μου

274 1820 369 1867 βάξιν
379 1822 432 1854 El.
445 1818 527 1862 638,
548 1821 636 1861 quod
654 1821 695 1852 de
713 1820 927 1860 ambiyuitate
942 1829 1077 1860 precum
1090 1820 1216 1859 Musgr.
1238 1820 1292 1849 in-

272 1869 494 1909 telligendum
512 1877 586 1900 esse
603 1870 728 1900 monet.
771 1866 819 1912 μὴ
840 1865 959 1915 σπείρῃ
980 1865 1125 1911 ματαίαν
1144 1864 1238 1912 βάξιν
1257 1863 1291 1903 ἐς

273 1918 384 1949 πᾶσαν
403 1913 502 1949 πόλιν
517 1912 597 1956 642,
619 1915 706 1956 quod
718 1914 887 1956 Moschop.
909 1918 1070 1946 memorat
1089 1915 1193 1946 Dictt.
1215 1914 1286 1944 Att.

274 1975 305 1995 v.
337 1961 461 2008 μάτην.
507 1963 597 1994 Hinc
621 1972 813 2003 responsum
838 1961 1016 2002 fatidicum
1041 1962 1218 2001 significat.
1262 1959 1290 1993 εἰ

272 2008 454 2057 θεσφάτων
481 2008 550 2056 ἐγὼ
576 2007 670 2056 βάξιν
688 2002 825 2056 κατήδη
849 2007 957 2044 τῶνδε
983 2009 1039 2040 Tr.
1061 2006 1106 2041 87
1132 2019 1207 2041 cum
1226 2009 1290 2039 cir-

275 2058 521 2090 cumlocutione
538 2057 664 2089 dictum
682 2067 741 2098 pro
753 2042 928 2103 θέσφατα;
951 2066 1027 2087 nam
1046 2057 1086 2088 de
1104 2056 1198 2096 foma
1215 2065 1290 2087 ora-

275 2107 342 2138 culi
360 2106 475 2146 inepte
494 2105 673 2136 diceretur.
696 2123 737 2128 -
759 2105 975 2136 Transfertur
992 2104 1033 2135 ad
1049 2103 1197 2143 famam,
1219 2113 1291 2134 ser-

274 2155 431 2185 monibus
449 2152 577 2193 quippe
602 2152 777 2183 hominum
812 2161 970 2193 sparsam.
1017 2149 1154 2197 φέροντι
1187 2148 1290 2195 τήνδε

275 2198 368 2246 βάξιν
386 2200 444 2232 OR
461 2196 547 2240 519,
576 2199 663 2240 quod
680 2201 777 2231 affert
795 2199 889 2232 Suid.
911 2210 943 2230 V.
987 2197 1069 2238 άξιν.
1116 2197 1210 2238 ὀξεῖα
1226 2196 1270 2243 γά

275 2258 336 2281 σου
367 2244 459 2293 βάξις
493 2245 540 2284 ὡς
574 2243 657 2280 θεοῦ
688 2257 780 2284 τινος
812 2241 927 2292 διῆλθ’
953 2240 961 2254 ’
986 2244 1109 2294 χαιούς
1139 2247 1195 2278 Ai.
1222 2242 1266 2278 99

274 2296 363 2327 fama
379 2295 502 2327 dicitur
518 2294 691 2326 celerrime
709 2303 769 2335 per
785 2303 900 2326 omnes
917 2298 1104 2335 pervagata,
1125 2304 1157 2325 V.
1171 2294 1286 2326 Herm.

276 2339 370 2388 βάξιν
386 2339 499 2387 καλὴν
516 2338 661 2386 λαβόντε
677 2341 732 2372 El.
756 2337 858 2373 1006.

346 2397 506 2435 Βάπτω
524 2399 645 2431 imbuo.
680 2399 834 2442 Proprie:
866 2393 887 2446 ᾗ
910 2397 997 2443 μελα
1019 2396 1147 2445 χόλους
1166 2397 1290 2445 ἔβαψεν

277 2446 348 2486 ἰοὺς
367 2445 510 2494 θρέμμα
525 2443 694 2492 Λερναίας
713 2443 815 2493 ὕδρας
826 2447 881 2478 Tr.
895 2444 974 2479 574.
999 2410 1048 2479 Et
1065 2447 1105 2478 de
1123 2448 1286 2478 tinctura:

274 2499 408 2542 χιτῶνα
431 2488 521 2528 τόνδ’
547 2492 661 2540 ἕβαψα
685 2491 766 2526 580.
827 2495 959 2527 Tralate
989 2495 1030 2526 de
1055 2494 1155 2526 caede
1181 2495 1286 2526 facta:

276 2536 407 2589 ἔβαψας
431 2540 534 2589 ἔγχος
557 2539 594 2575 εὖ
620 2540 703 2587 πρὸς
721 2535 886 2588 Ἀργείων
910 2540 1063 2588 στρατῷ,
1101 2542 1155 2574 Ai.
1177 2538 1233 2573 95.
1255 2552 1286 2573 v,

275 2590 436 2625 Abresch.
458 2590 573 2622 Anim.
595 2589 636 2621 ad
652 2589 774 2620 Aesch.
795 2599 829 2630 p.
852 2586 932 2621 528.

346 2644 581 2694 Βάρβοῗρος
606 2645 717 2692 [Curt.
738 2648 793 2679 Et.
815 2658 849 2689 p.
871 2644 955 2692 262]
975 2647 1143 2680 barbarus.
1181 2647 1292 2679 Semel

276 2698 487 2731 substantive
512 2697 634 2728 dicitur
658 2695 772 2734 synesi
788 2696 940 2733 vocabuli
965 2692 1053 2740 ἀνήρ
1070 2696 1173 2735 facta,
1205 2695 1291 2735 quod

275 2747 390 2787 ipsum
412 2744 567 2784 inprimis
591 2743 757 2774 usitatum
780 2751 895 2782 prosae
916 2743 1069 2774 orationi.
1104 2739 1209 2786 νόμος
1226 2740 1291 2787 γάρ

276 2791 348 2827 ἐστι
373 2792 463 2824 τοῖσι
489 2788 672 2836 βαρβάροις
695 2789 856 2821 Androm.
887 2791 926 2821 fr.
954 2786 1030 2821 132.
1054 2807 1095 2812 —
1115 2789 1291 2820 Adiective

276 2841 405 2897 dictum
429 2838 470 2869 de
496 2837 646 2895 homine:
686 2829 848 2891 Ὀμφάλῃ
873 2836 918 2884 τῇ
943 2834 1054 2882 βαρβά
1078 2847 1106 2881 ῳ
1130 2837 1185 2868 Tr.
1206 2832 1287 2868 252.

277 2883 550 2967 ἓῖἔατῗιέῗὲτῗὲα
570 2883 983 2976 ἓζβὲἒᾶροῶρῖξὶώῗῖὃέζ
1007 2880 1293 2976 1ἕιεῖὲωῗίἷῑῗὲὲἔ

279 2979 314 3014 αἱ
360 2978 394 3014 ὲν
414 2977 528 3019 ξένους
546 2979 630 3025 πρὸς
647 2975 792 3022 ἄνδρας,
822 2966 861 3011 αἱ
882 2975 918 3010 δὲ
936 2975 980 3022 βα
1004 2976 1130 3024 βάρους
1149 2979 1224 3014 Ter.
1246 2978 1286 3009 fr.

277 2992 357 3067 513ss
379 3024 412 3059 9.
458 3023 666 3073 φιλάργυρον
685 3024 747 3069 μὲν
765 3027 832 3059 πᾶν
849 3022 888 3059 τὸ
908 3023 971 3071 βάρ
996 3036 1078 3071 αρον
1095 3024 1193 3071 γένος
1212 3025 1287 3057 Ter.

278 3075 318 3106 fr.
341 3071 422 3106 512.
443 3075 510 3105 nisi
528 3075 613 3106 forte
639 3071 872 3119 βαρβάρων
899 3073 1141 3113 corrigendum.
1170 3090 1211 3097 —
1239 3072 1291 3104 De

276 3131 311 3153 re
329 3125 363 3153 et
379 3122 527 3162 primum
545 3121 585 3153 de
603 3122 682 3152 locis
698 3125 733 3152 et
749 3119 876 3152 sedibus
890 3120 1061 3152 hominum
1075 3132 1082 3152 :
1102 3117 1192 3154 κατὰ
1206 3117 1292 3166 βάρ-

279 3166 383 3214 βαρον
405 3165 482 3202 αἶαν
499 3168 552 3199 ΕΙ.
573 3164 618 3200 95
634 3178 677 3199 m.
715 3169 782 3202 ποῦ
804 3169 887 3212 γῆς;
925 3160 1089 3213 πατρῴας
1113 3165 1180 3200 εἴτε
1206 3165 1291 3212 βαρ-

278 3214 404 3261 βάρου;
436 3215 491 3247 Tr.
512 3211 592 3246 236.
627 3215 698 3246 Hoc
716 3214 968 3247 Trachiniarum
985 3216 1054 3246 loco
1072 3214 1201 3247 Schaef.
1223 3215 1292 3245 uti·-

278 3266 347 3303 tur,
367 3265 406 3299 ut
422 3263 640 3302 demonstret,
662 3262 822 3302 quomodo
834 3262 959 3294 factum
973 3263 1017 3294 sit
1030 3265 1069 3293 ut
1081 3259 1104 3306 ἡ
1121 3259 1291 3307 βάρβαρος

278 3319 344 3342 non
358 3309 470 3345 addito
480 3311 525 3354 γῆ
541 3309 716 3349 diceretur,
734 3309 769 3340 id
783 3308 870 3350 quod
882 3309 1022 3340 minime
1032 3309 1287 3349 pervulgatum3

276 3366 309 3389 v.
329 3357 353 3388 1.
375 3365 403 3388 c.
431 3360 466 3388 et
488 3356 565 3389 Mel.
596 3355 678 3388 Crit.
707 3366 741 3397 p.
762 3353 820 3387 41.
863 3356 952 3397 App.
982 3355 1034 3388 Cr.
1057 3355 1098 3388 ad
1114 3355 1287 3388 Demosth.

279 3401 310 3436 1.
331 3413 364 3446 p.
387 3399 467 3436 567.
513 3404 565 3436 De
590 3404 665 3435 aliis
690 3404 790 3436 rebus
808 3403 968 3437 dicuntur
985 3402 1085 3436 haec:
1114 3400 1177 3447 τὴν
1205 3400 1291 3448 βάρ-

1002 113 1246 169 Βάναυσος
1274 143 1336 150 -
1364 111 1621 181 Βαρυαχής

2017 123 2050 173 [1
2065 134 2101 168 p.
2117 121 2288 165 293—291

1321 229 1425 278 βαρον
1442 228 1601 276 γλῶσσαν
1624 231 1679 263 Ai.
1703 228 1804 263 1263.
1839 216 2032 278 βαρβάρους
2055 228 2218 276 εὐοσμίας
2234 232 2288 265 Lan

1320 280 1361 310 fr.
1384 275 1464 320 340,
1484 275 1519 318 2,
1539 278 1627 319 quod
1645 279 1734 320 apud
1751 279 1909 320 Harpocr.
1936 288 1968 310 v.
1996 267 2192 325 Ἀγυιεύς
2214 279 2288 312 viti(

1322 327 1484 368 scriptum
1499 324 1550 371 βα
1559 335 1576 370 ρ
1587 324 1606 370 β
1616 324 1638 359 α’.
1650 336 1667 371 ρ
1677 339 1705 360 ω
1714 337 1732 358 ν
1750 323 1912 371 εὐοσμίας
1924 338 1931 366 ;
1946 335 2062 360 verum
2075 327 2221 363 servavit
2229 327 2288 359 soh

1321 374 1380 410 Ar.
1402 375 1506 414 Vesp.
1527 370 1607 406 870.
1653 373 1708 407 Sic
1733 374 1841 414 enim,
1871 383 1938 406 non
1963 371 2170 419 βαρβαρικάς
2185 374 2228 406 de
2245 383 2288 406 m<

1322 424 1357 452 et
1374 422 1473 452 rebus
1499 421 1535 452 in
1554 430 1644 453 more
1660 421 1780 462 positis
1797 421 1894 453 bonis
1912 421 2130 462 scriptoribus
2147 421 2214 457 dici
2230 421 2288 453 usi*

1322 471 1394 499 tum
1412 477 1486 500 esse
1504 469 1652 501 ostendit
1669 468 1800 501 Schaef.
1820 468 1898 500 Mel.
1921 468 1975 500 Cr.
1995 478 2029 510 p.
2046 465 2103 500 40.
2133 468 2178 500 Et
2192 469 2240 502 ita
2258 478 2288 500 sc

1320 516 1470 547 bendum
1495 517 1691 547 coniicimus
1717 516 1793 547 Lac.
1824 516 1865 546 fr.
1896 511 1982 547 336:
2029 525 2104 548 στεν
2132 526 2150 548 ν
2168 509 2196 548 δ’
2214 513 2288 560 ἔδυι.

1321 560 1450 608 ψαλίδα
1466 561 1599 610 κούχὶ
1625 560 1676 608 βά
1687 573 1703 608 ρ
1714 560 1732 608 β
1744 574 1765 595 α
1776 573 1793 608 ρ
1804 573 1859 595 ον.
1887 563 1989 603 Apud
2005 562 2089 594 Pon.
2136 559 2220 604 ‚49.
2249 573 2288 596 κο

1321 608 1515 656 ἀβάρβαρον
1546 611 1689 651 legitur,
1726 621 1744 641 a
1775 610 1970 641 Blomfieldo
2003 610 2218 645 emendatum
2249 621 2288 644 κο

1322 656 1511 703 ἀβόρβορον
1523 683 1531 698 ,
1553 658 1643 690 facili
1661 658 1881 698 correctione,
1904 657 1963 689 sed
1980 658 2113 698 minus,
2134 661 2173 689 ut
2190 658 2288 690 videti

1321 709 1418 747 apta,
1447 705 1533 746 quod
1559 715 1636 737 casa
1652 704 1824 736 immunda
1842 708 1931 738 recte
1948 705 2014 737 dici
2030 714 2096 736 non
2114 707 2224 746 potest
2240 714 2288 736 co<

1318 754 1429 793 plena.
1459 750 1562 798 κούχὶ
1581 750 1751 798 βάρβαρον
1771 753 1799 783 si
1816 755 1914 794 poeta
1927 752 2073 793 scripsit,
2094 763 2115 784 a
2127 753 2209 786 luxu
2221 755 2252 784 et
2264 761 2288 783 η

1322 801 1512 843 ynificentia
1530 800 1674 832 barbaris
1690 801 1813 831 usitata
1830 800 1977 831 alienam
1994 800 2206 839 significavit.

1393 855 1423 892 B
1435 870 1456 891 α
1466 869 1483 904 ρ
1494 856 1512 904 β
1522 870 1542 892 α
1552 869 1569 903 ρ
1580 856 1596 891 ό
1608 871 1636 891 ω
1669 859 1777 899 effero.
1831 855 2001 904 (ὄρνιθας)
2030 856 2131 902 κακῷ
2149 855 2288 896 κλάζονπ

1323 903 1447 964 οἴστρῳ
1473 905 1531 960 καὶ
1556 903 1856 952 βεβαρβαρωμένῳ
1874 906 1956 938 Ant.
1979 903 2070 938 1002
2099 903 2147 951 [κ.
2169 903 2288 952 βεβαρβ

1323 964 1502 1045 ΞΞΫῙέἭῙ
1524 953 2028 1046 essssszfttgss'ssgssssziigffss
2041 952 2288 1080 ῗὲξῖἷένῗὲὲ.

1323 1050 1407 1081 alter
1424 1047 1583 1094 άτάκτῳε
1612 1050 1668 1080 hic
1685 1049 1820 1080 rectius.
1992 1045 2024 1091 (Ι
2040 1058 2073 1089 p.
2143 1044 2163 1080 5
2182 1048 2242 1079 lin.
2266 1045 2282 1079 1

1396 1104 1426 1141 B
1437 1106 1483 1153 ἇρ
1494 1105 1531 1152 ίβ
1542 1106 1563 1141 ἇ
1575 1118 1590 1144 ς
1611 1110 1726 1139 nauta.
1756 1103 1881 1151 Βᾶρις;
1911 1103 1985 1139 κατ’
2000 1104 2109 1144 οἰκίας
2126 1104 2185 1139 καὶ
2202 1102 2288 1139 πλοίι

1327 1152 1368 1189 Σ.
1381 1153 1416 1188 ἐν
1425 1151 1570 1199 Ποιμέσι
1588 1152 1646 1197 (fr.
1658 1151 1758 1197 453.)
1778 1152 1855 1199 βαρ
1867 1151 1904 1199 ίβ
1917 1164 1963 1187 αν
1981 1151 2073 1199 λέγει
2088 1152 2146 1187 τὸν
2159 1151 2287 1199 ναύτην

1324 1201 1382 1236 τὸν
1406 1205 1471 1248 τῆς
1496 1200 1627 1248 βάρεως
1653 1199 1896 1247 ἐπιβεβηκότα.
1940 1201 1996 1233 Gr.
2019 1203 2125 1234 Bekk.
2146 1211 2179 1243 p.
2201 1198 2259 1242 84,
2283 1205 2288 1231 s

1326 1251 1472 1281 Brunck.
1500 1259 1565 1281 non
1597 1259 1640 1281 ex
1666 1250 1920 1290 emendatione,
1954 1249 2014 1281 sed
2047 1249 2201 1290 exemplo
2225 1248 2288 1279 mir

1326 1302 1416 1329 recte
1450 1298 1572 1338 scripto
1605 1306 1688 1328 usus
1723 1294 1906 1343 βαρίδαν
1940 1296 2044 1330 dedit.
2106 1296 2288 1329 Emendart

1328 1345 1458 1378 Schaef.
1488 1348 1522 1376 et
1539 1345 1630 1376 Bast.
1658 1344 1699 1376 ad
1717 1344 1816 1384 Greg.
1838 1343 1911 1376 Gor.
1933 1354 1966 1385 p.
1989 1340 2068 1384 522,
2090 1345 2179 1375 irrisi
2196 1354 2215 1376 a
2230 1343 2288 1375 Blo

1327 1393 1425 1424 fieldo
1449 1392 1491 1423 ad
1514 1392 1605 1423 Pers.
1631 1388 1696 1423 160
1729 1389 1914 1437 βαριβάταν
1938 1392 2124 1432 scribente,
2154 1391 2214 1422 sed
2240 1391 2288 1432 pl(

1326 1440 1455 1471 defensi
1475 1440 1738 1480 profligatusque
1754 1440 1868 1471 irrisor
1880 1449 1898 1470 a
1912 1439 1993 1470 Lob.
2014 1439 2054 1470 ad
2070 1439 2194 1477 Phryn.
2206 1448 2240 1479 p.
2257 1434 2288 1469 6(

1399 1495 1624 1544 Βαρκαῖος
1649 1498 1827 1530 Barcaeus.
1862 1494 2050 1544 Βαρκαίοις
2067 1495 2163 1543 ὄχοις
2180 1497 2235 1528 El.
2256 1493 2288 1527 75

1329 1546 1473 1585 Hesyoh.
1496 1557 1526 1576 v.
1548 1542 1748 1591 Βαρκαίοις,
1770 1546 1864 1578 cuius
1883 1557 1914 1576 v.
1936 1547 2049 1588 Intpp.
2070 1555 2104 1588 p.
2127 1541 2208 1576 677.
2229 1562 2270 1567 -

1329 1597 1468 1625 accentu
1486 1593 1589 1624 totius
1606 1593 1739 1633 generis
1757 1593 1945 1624 observavit
1961 1593 2037 1625 Arc.
2059 1602 2094 1633 p.
2114 1588 2173 1633 43,
2196 1588 2250 1624 12.

1400 1656 1555 1709 Βάρος.
1602 1660 1713 1707 [Gurt.
1746 1664 1801 1695 Et.
1833 1674 1866 1705 p.
1893 1660 1993 1707 417.]
2033 1663 2079 1695 Et
2094 1663 2288 1702 yravitatem

1329 1712 1531 1751 molestiam,
1562 1714 1597 1742 et
1620 1720 1689 1742 rem
1705 1712 1869 1742 molestias
1886 1713 2050 1742 creantem
2065 1710 2243 1749 signifieat.

1329 1760 1385 1791 illo
1403 1768 1524 1798 genere
1542 1758 1623 1790 haec
1640 1761 1737 1789 sunt:
1769 1756 1872 1804 βάρος
1897 1756 1961 1804 γὰρ
1978 1755 2072 1803 ἡμᾶς
2089 1754 2188 1790 οὐδὲν
2205 1755 2247 1790 ἐκ
2261 1767 2288 1789 τι

1327 1817 1395 1839 των
1422 1804 1494 1851 ἕὴει
1512 1805 1574 1852 ‘OC
1603 1802 1703 1837 1142.
1747 1804 1808 1838 καὶ
1830 1808 1894 1851 τῆς
1918 1803 2004 1851 ἄγαν
2030 1802 2101 1837 ἔστι
2125 1807 2223 1851 σιγῆς
2240 1801 2288 1848 βάγ

1328 1855 1410 1886 Ant.
1434 1816 1523 1886 {256
1550 1853 1610 1893 qui
1633 1853 1837 1893 respondent
1859 1855 1971 1885 verbis
1988 1853 2077 1884 chori
2098 1849 2184 1884 1251
2212 1849 2288 1895 ἐμοὶ

1329 1899 1387 1934 οὖν
1406 1899 1450 1946 ἦν
1467 1894 1522 1958 ἥτ’
1538 1898 1622 1945 ἄγαν
1641 1899 1717 1945 σιγὴ
1739 1898 1822 1945 βαρὺ
1842 1898 1939 1933 δοκεῖ
1956 1901 2143 1946 προσεῖναι.
2173 1898 2208 1933 ἐν
2227 1891 2255 1932 δ’
2270 1896 2288 1933 ἐ

1329 1947 1419 1994 κάρᾳ
1438 1946 1516 1984 θεος
1536 1947 1624 1992 μέγα
1643 1946 1746 1992 βάρος
1765 1943 1800 1992 μ’
1817 1945 1908 1993 ἔχων
1927 1946 2064 1981 ἔπαισεν
2083 1947 2164 1979 Ant.
2189 1943 2278 1980 1273

1327 1998 1472 2053 ¹‹yrlaviter
1487 2005 1538 2027 me
1555 1996 1692 2051 asstitit.
1709 1997 1773 2050 *ἰῆς
1787 1987 2036 2041 νῡν”παρούσης
2051 1997 2213 2052 πημονῆς
2230 1986 2288 2052 λόῖ

1327 2040 1588 2136 {ssffi‘ffiffiss
1599 2038 2288 2138 01ζὲζὲὓὲᾉίἓῖέδὲἕῖὲᾕῖῖ301ᾅέἧῖδέ

1327 2149 1356 2169 v.
1385 2137 1578 2183 ἐμμέμονα.
1614 2136 1647 2171 τί
1664 2133 1691 2172 δ’
1710 2135 1918 2182 ἐνήλλακται
1942 2139 2006 2182 τῆς
2030 2135 2173 2182 ἁμερίας
2198 2133 2257 2175 νὺξ
2279 2133 2288 2168 i

1327 2183 1448 2233 βάρος;
1472 2187 1527 2218 Ai.
1543 2182 1612 2218 209
1625 2196 1678 2218 an.
1700 2187 1742 2218 cf.
1764 2186 1878 2218 Herm.
1893 2185 1996 2216 -Ex
2014 2185 2117 2216 altero
2133 2185 2288 2224 significa·

1327 2243 1450 2273 genere
1469 2237 1564 2265 sunt:
1596 2230 1689 2267 ἔσται
1716 2227 1790 2266 ποτ’
1815 2229 1881 2278 ἄρα
1905 2234 2007 2266 τοῦτο
2025 2227 2215 2276 Καδμείοις
2238 2227 2288 2275 βάῑ

1328 2281 1382 2314 OC
1400 2277 1479 2312 409.
1526 2277 1647 2314 ἄθλιον
1673 2279 1776 2326 βάρος
1793 2281 1847 2311 El.
1872 2275 1972 2310 1140.
2010 2289 2082 2311 ossa
2099 2278 2229 2311 Orestis
2246 2287 2284 2309 su

1328 2327 1432 2375 βάρος
1448 2326 1604 2374 περισσὸν
1621 2331 1686 2374 γῆς
1715 2326 2028 2374 ἀναστρωφώμενοι
2051 2327 2092 2358 fr.
2114 2328 2180 2358 inc.
2202 2321 2286 2364 682,

1327 2375 1514 2408 secundum
1537 2376 1751 2407 Homericum
1776 2375 1861 2406 illud
1883 2371 1994 2420 ἄχθος
2018 2371 2168 2419 ἀρούρης
2190 2373 2288 2404 homil

1329 2426 1420 2456 sunt.
1444 2441 1484 2446 —
1505 2423 1670 2454 Probabili
1689 2422 1920 2454 emendatione
1939 2421 2054 2452 Herm.
2089 2419 2261 2466 ἀνήκεστα

1328 2463 1513 2516 ριμνήματ’
1538 2467 1628 2516 ἔχων
1669 2467 1802 2516 βάρη·
1831 2467 1852 2502 ἁ
1878 2462 1905 2500 δ’
1931 2464 2168 2514 ἀθυρόστομος
2192 2468 2252 2499 Ph.
2276 2430 2288 2499 1

1327 2519 1378 2550 ch.
1417 2518 1574 2557 refinxit,
1611 2527 1694 2558 quae
1727 2518 1762 2548 in
1792 2517 1887 2548 libris
1913 2516 2106 2547 scribuntur
2137 2513 2249 2561 ἔχων·
2276 2511 2288 2558 ᾖ

1330 2567 1403 2612 ρεῖα
1428 2559 1456 2597 δ’
1480 2561 1536 2597 άθ.
1582 2565 1732 2596 numeris
1758 2573 1868 2604 neque
1893 2563 1974 2594 satis
1997 2563 2084 2595 bene
2110 2561 2288 2596 constanti}

1329 2622 1439 2653 neque
1473 2612 1613 2643 orationi
1645 2613 1857 2643 membratim
1897 2611 2023 2642 divisae
2065 2609 2288 2650 congruentib¹

1328 2660 1472 2692 Boeckh.
1494 2659 1534 2690 de
1561 2662 1658 2690 metr.
1678 2659 1777 2691 Pind.
1805 2669 1838 2700 p.
1860 2654 1928 2689 323
1955 2654 2084 2703 βαρεῖ
2108 2657 2148 2688 ad
2176 2654 2272 2701 λιμῷ

1327 2707 1503 2739 ferendum
1529 2707 1715 2747 scripturus
1740 2709 1821 2737 erat.
1868 2704 2060 2737 Secundum
2076 2703 2263 2736 Hermanni
2285 2712 2288 2734 3

1327 2756 1452 2786 tionem
1486 2763 1533 2797 με
1546 2763 1581 2798 ρι
1594 2752 1676 2798 μνη
1690 2747 1779 2797 ματ’
1812 2750 1857 2798 ἔγ
1870 2763 1922 2785 ων
1955 2752 2122 2792 significat
2154 2753 2288 2798 μεριμνέ

1326 2802 1518 2842 pendetque
1536 2801 1614 2832 inde
1633 2798 1721 2846 βάρη
1740 2801 1799 2832 hoc
1817 2792 1940 2831 sensu:
1970 2798 2205 2830 immedicabile
2220 2797 2288 2828 vult

1327 2859 1457 2880 curans.
1480 2865 1521 2871 —
1541 2849 1592 2879 De
1610 2848 1665 2880 Ai.
1681 2845 1758 2880 130.
1780 2858 1812 2878 v.
1835 2842 1959 2892 βάθος,
1981 2847 2021 2878 de
2039 2846 2192 2878 eiusdem
2209 2844 2288 2876 faba*

1328 2906 1359 2928 v.
1375 2893 1444 2928 215
1462 2907 1493 2926 v.
1508 2891 1619 2932 πάθος
1638 2892 1713 2938 [LA
1723 2896 1813 2926 enim
1831 2890 1943 2926 πάθος
1961 2893 2018 2925 sed
2037 2891 2068 2937 6.
2080 2903 2108 2939 ρ.
2121 2899 2288 2934 superscrs

1398 2962 1428 2999 B
1438 2977 1459 3000 α
1472 2976 1489 3010 ρ
1498 2959 1520 2997 ὅ
1530 2963 1550 2998 ά
1560 2962 1580 2997 λ
1590 2977 1609 3010 γ
1619 2977 1668 3011 ητ
1678 2977 1695 2999 ο
1706 2972 1720 2997 ς
1737 2967 1880 3005 yraviter
1897 2964 2020 2995 dolens.
2051 2962 2187 2998 πάντων
2204 2971 2288 3009 καῖ]

1327 3011 1454 3054 ζόντων
1472 3010 1642 3057 γλώσσαις
1661 3010 1906 3059 βαρυαλγήτως
1929 3012 1983 3043 Ai.
2008 3007 2073 3043 199
2092 3011 2143 3043 ch.
2189 3010 2282 3046 Suid.

1326 3059 1580 3107 καγχαζόντων.
2015 3055 2047 3101 (1
2063 3068 2098 3099 p.
2119 3054 2188 3090 296
2203 3058 2265 3090 lin.
2283 3072 2288 3083 ι

1398 3114 1514 3164 Βαρυ
1526 3130 1547 3151 α
1585 3117 1608 3164 η
1621 3130 1636 3156 ς
1670 3108 1709 3161 (ἅ
1717 3116 1747 3159 ’.3)
1784 3119 2028 3148 maestissimus.
2087 3114 2143 3150 ἐπὶ
2197 3124 2288 3162 apua]

1328 3164 1424 3212 μόρῳ
1443 3166 1498 3198 OC
1519 3163 1560 3198 15
1589 3164 1605 3197 1
1625 3166 1676 3198 ch.
1706 3162 1947 3211 [ἐπιβαρυάχει
1966 3165 2024 3195 LA
2038 3173 2088 3204 pr.
2110 3162 2166 3197 ἐπι
2191 3172 2288 3209 apua]

1327 3211 1426 3258 corr.]
1453 3212 1475 3246 ἇ
1501 3217 1614 3245 utrum
1640 3214 1841 3253 producatur
1863 3221 1904 3242 an
1925 3212 2120 3252 corripiatur
2137 3211 2177 3242 ad
2194 3212 2288 3241 metr!

1326 3261 1555 3292 dochmiacum
1570 3260 1656 3291 nihil
1670 3261 1822 3291 interest.
1845 3259 1952 3291 Schol.
1972 3256 2023 3302 βα
2033 3268 2049 3303 ρ
2059 3259 2192 3303 υηχεῖ
2208 3256 2288 3288 serit

1327 3308 1370 3339 Et
1388 3309 1427 3339 ab
1444 3305 1547 3355 ἠχεῖν
1573 3308 1672 3338 etiam
1691 3307 1809 3338 Elmsl.
1831 3310 1864 3336 et
1883 3306 2007 3344 Reisig.
2028 3305 2223 3336 vocabulum
2240 3311 2288 3344 re}

1326 3358 1417 3395 tunt,
1438 3355 1594 3396 quoniam
1608 3358 1736 3386 certum
1750 3354 1859 3385 brevis
1878 3364 1899 3385 α
1916 3353 2110 3391 exemplum
2128 3360 2194 3382 non
2212 3353 2288 3383 exst

1326 3402 1479 3444 producti
1497 3402 1580 3441 duo,
1603 3402 1661 3432 Ar.
1682 3401 1744 3432 Av.
1770 3397 1870 3432 1733.
1901 3400 1986 3431 Nub.
2009 3395 2095 3439 279,
2127 3406 2288 3440 quorum:
