2288 3600
54 179 273 227 svo-972]

21 289 242 323 montionem:
271 289 384 320 minus
402 291 514 320 tamen
531 289 708 320 videbatur
724 291 850 329 aptum.
874 287 960 328 quod

34 345 119 377 gone
137 339 249 378 sperat
257 336 414 368 Ismenen
434 335 504 367 suis
522 336 659 367 monitis
675 336 857 376 parituram
871 343 956 367 esse.

9 380 78 417 ’ίαν
102 381 220 428 ψῆφον
243 379 311 428 ἄρα
334 381 382 427 μὴ
408 379 524 415 κλύων
547 385 610 428 τῆς
629 379 874 427 μελλονύμφου
893 392 962 415 πα-

20 426 213 464 .λυσσαίνων
239 428 358 475 πάρει,
387 425 467 461 632.
512 429 653 475 γνώσει,
681 427 807 475 τέχνης
833 430 962 474 σημεῖα

4 478 11 482 ”
36 475 125 523 ἐμῆς
149 473 265 510 κλύων
290 472 370 509 998.
414 473 493 520 ἤτοι
515 473 670 509 κλύουσα
692 474 811 512 παιδὸς
828 472 851 519 ἢ
870 474 960 522 τύγῃ

18 522 21 527 ³
69 521 126 568 [πε
157 522 173 529 ”
189 523 291 556 Dind.
312 533 340 555 c.
362 519 478 566 Brck.]
499 519 598 555 1182.
645 520 717 570 ἄγη
735 521 856 556 τέκνου
874 514 962 555 κλύ-

33 582 51 604 ν
98 534 178 603 247.
221 569 280 604 καὶ
312 572 378 603 ποῦ
413 567 528 607 κλύεις
553 581 602 602 νιν
630 562 786 614 ἱδρῧσθαι
810 566 957 615 γθονόςς

0 611 83 654 768.
127 620 193 651 πᾶν
216 615 329 651 τοίνυν
353 614 453 650 κλύοι
476 627 526 654 τις
549 614 590 650 ἄν
608 614 664 648 71.
709 616 756 654 ὡς
780 610 848 662 ἐγὼ
865 613 962 650 κλύω

12 665 91 700 »Εἰ
119 661 198 696 566.
249 662 370 710 ἀνδρὸς
401 661 530 720 εὐτυγῆ
558 661 711 698 κλύουσα
735 663 853 708 πρᾶξιν
878 660 958 695 294.

12 723 62 746 ιν
94 710 123 757 γ’
156 709 306 757 ἔφασκον
340 707 420 743 425.
471 703 633 748 κλύοντες
666 708 963 756 ἐξυπηρετήσομεν

6 775 52 793 ,=.
79 756 173 804 τήνδ’
188 757 268 792 ὅταν
281 756 345 792 κλύ
364 778 371 803 l
387 756 484 804 φάτιν
503 759 558 790 Ai.
571 754 652 790 850.
683 756 826 804 βασιλῆς
837 755 964 791 κλύον-

3 801 962 897 -‘5333‘⁹233·2253.*32²22³....0331⁶’.2232223“232ss

5 887 111 932 293.
176 897 357 933 ἁδυπνόων
390 874 562 932 κλύουᾶδιν
598 870 779 943 ὀνειριάτων
813 897 834 931 4
859 897 880 932 Ο
906 899 957 931 ch.

1 942 62 992 ἷζον
88 940 245 981 ὁθούνεκ’
263 942 426 991 Αἴγισθος
452 944 512 990 μὲν
539 944 578 979 οὐ
604 944 693 979 κατὰ
719 946 836 992 στέγας
857 943 956 979 1305.

9 991 127 1039 ξημεν
147 994 229 1034 Aeg.
258 995 299 1025 fr.
319 990 366 1025 22
384 991 449 1038 [sic
469 994 539 1025 cod.
562 994 702 1033 Rhedig.
725 994 840 1035 Steph.
863 995 958 1033 Byz.‚

3 1034 7 1038 ⁴
34 1059 38 1069 ·
73 1039 135 1086 μὲν
159 1038 224 1074 οὐκ
241 1038 348 1086 ἔγωγε
364 1038 548 1085 Meinek.]3
578 1044 691 1072 tamen
709 1043 878 1073 sententia
895 1050 960 1072 non

15 1121 20 1127 2
42 1093 161 1120 certa.
190 1087 204 1130 ΙΙ
228 1089 259 1119 Α
284 1088 431 1120 secunda
455 1088 679 1128 proficiscitur
702 1089 958 1128 significatione,

36 1134 180 1176 ‚parendi
197 1137 232 1166 et
249 1134 334 1166 dicto
353 1134 519 1166 audientis
538 1136 570 1166 vi
586 1136 775 1176 praeditum
794 1140 856 1167 est.
893 1139 961 1168 τῶν

15 1185 48 1209 ἰ
72 1192 102 1216 ει
129 1178 244 1215 κλύειν
270 1181 330 1213 Ph.
360 1177 439 1213 925.
490 1179 605 1214 κλύειν
630 1186 698 1215 τῶν
727 1180 761 1215 ἐν
785 1180 878 1215 τέλει
902 1182 958 1214 Ai.

90 1233 158 1262 τῶν
176 1226 378 1274 ἐφεστώτων
395 1225 510 1261 κλύειν
532 1225 632 1260 1072.
668 1227 785 1263 κλύων
804 1228 889 1274 ἐμοῦ
907 1230 961 1262 OG

14 1311 16 1315 ‚
58 1274 158 1310 τοῦδε
174 1285 196 1321 γ
219 1274 243 1320 ὴ
261 1273 376 1308 κλύειν
397 1272 497 1307 1117.
528 1276 609 1308 Ant.
632 1273 711 1308 666.
741 1274 863 1310 δοῦλον
881 1274 962 1309 ὄντα

21 1320 150 1366 ,atilae
174 1286 291 1355 κλύειν
318 1322 434 1354 Alead.
464 1322 503 1354 fr.
528 1319 604 1361 106,
627 1320 661 1355 3.
705 1322 803 1356 τῶνδ’
828 1322 962 1369 ἀνάγκη

12 1375 28 1415 (³
48 1370 234 1404 ιωπώντων
247 1367 362 1403 κλύειν
380 1370 468 1402 Past.
490 1366 571 1410 447,
591 1367 625 1401 2.
657 1372 717 1404 τοῦ
736 1369 962 1415 φυτεύσαντος

18 1455 29 1460 .
48 1428 67 1450 ,ν
87 1417 140 1450 Tr.
164 1414 266 1449 1244.
290 1434 330 1440 —
350 1416 365 1458 ΙΙ
389 1417 504 1448 Vocari
521 1418 746 1459 qualicunque
765 1419 870 1458 modo,
892 1428 962 1449 ma-

20 1466 32 1474 ”
68 1465 109 1497 de
131 1466 222 1496 mala
247 1464 341 1504 fama
364 1463 545 1504 utentibus,
577 1466 628 1496 vel
652 1466 798 1496 convicio
814 1466 960 1505 ayitatis.

40 1524 43 1535 2
93 1509 247 1545 κλύουσα
272 1509 355 1557 πρὸς
380 1507 478 1544 σέθεν
504 1508 600 1556 θαμά
618 1512 671 1544 El.
692 1508 773 1544 524.
817 1510 878 1557 ζῆν
900 1510 964 1558 γὰρ

25 1568 28 1596 ζ
94 1555 265 1592 κλύουσαν
291 1556 355 1591 οὐκ
380 1556 565 1603 ἀνασχετόν
586 1559 639 1591 Tr.
662 1556 740 1590 721.
787 1556 825 1592 ού
850 1557 889 1592 τὸ
914 1558 962 1604 μὴ

23 1638 54 1649 ·,.
83 1609 201 1643 κακῶς
219 1605 321 1644 synd.
342 1606 382 1636 fr.
407 1602 483 1644 152,
506 1602 538 1637 3.
568 1606 708 1638 Minime
727 1611 803 1648 apte
822 1608 855 1638 in
874 1606 964 1638 hunc

104 1653 265 1685 Valcken.
287 1653 327 1684 ad
344 1654 384 1684 fr.
407 1651 538 1684 Gallim.
560 1663 593 1694 p.
610 1650 675 1684 112
693 1654 838 1695 explicat
856 1655 963 1685 locum

20 1696 116 1738 {2:14:
146 1699 273 1731 dudum
298 1710 318 1731 α
344 1702 373 1730 te
399 1701 536 1731 insanus
561 1699 660 1731 dicor.
689 1718 732 1723 —
759 1701 862 1733 Verbi
889 1711 962 1732 cum

53 1747 266 1788 mponendi
282 1747 504 1778 usitatissima
519 1747 602 1778 ratio
619 1751 681 1788 est,
704 1751 741 1779 ut
755 1758 830 1779 cum
847 1748 965 1779 auditu

27 1789 51 1822 ”ιῖ
106 1795 154 1835 i,
182 1793 413 1833 auscultandi,
438 1794 656 1834 comperiendi
673 1796 741 1826 vim
760 1795 888 1835 habeat,
912 1795 965 1826 vel

69 1842 143 1873 sine
168 1850 246 1872 casu
269 1841 323 1872 vel
348 1842 518 1872 sententia
541 1842 712 1882 pendente
737 1842 885 1882 dicatur,
912 1842 965 1874 vel

27 1882 132 1926 -’ρεειι
157 1892 272 1929 quarto
298 1889 364 1927 rei,
393 1889 500 1919 rarius
525 1898 600 1920 cum
618 1890 764 1921 secundo
781 1887 858 1932 (Ph.
880 1886 961 1931 86];

64 1944 97 1967 e
120 1935 247 1975 aliquid
273 1935 428 1966 audimus
452 1935 504 1966 vel
531 1936 678 1975 genitivo
699 1937 764 1968 solo
782 1935 860 1975 (Ph.
881 1932 960 1968 976.

94 1981 152 2013 OR
175 1978 243 2014 235
269 1979 354 2025 etc.)
382 1983 436 2013 vel
469 1982 581 2014 addita
611 1984 857 2024 praepositione
882 1981 965 2027 πρός

12 2023 144 2073 ,’,429)
176 2029 417 2076 significatura
440 2027 480 2061 ἐκ
505 2039 571 2061 non
605 2030 739 2062 additur
771 2040 824 2072 ap.
860 2030 963 2071 Soph.

33 2074 68 2121 ’ἶρ
110 2072 190 2108 792.
227 2076 386 2108 Genitivo
410 2080 445 2107 et
470 2077 657 2108 accusativo
675 2078 724 2108 rei
742 2078 874 2110 additur
890 2088 966 2119 par-

14 2133 16 2147 ε
151 2122 208 2154 OR
236 2119 337 2154 1472.
373 2122 427 2155 OG
457 2119 557 2154 1642.
596 2123 652 2155 Tr.
682 2121 762 2156 290.
792 2121 872 2157 863.
902 2125 962 2158 Ph.

108 2194 116 2201 .
159 2166 222 2211 93)
245 2170 346 2210 idque
371 2171 579 2210 promiscue,
609 2171 680 2202 sive
701 2172 742 2203 de
760 2171 878 2203 auditu
895 2173 965 2204 sive

105 2216 261 2256 periendo
295 2217 437 2257 dieitur3
482 2217 543 2248 hac
575 2222 688 2249 tamen
722 2219 966 2255 significatione

18 2270 19 2290 1
50 2261 264 2303 ‘infinitivus
281 2265 449 2304 reperitur
466 2264 521 2295 Tr.
543 2261 588 2296 68
605 2269 640 2296 et
656 2267 872 2298 enuntiatum
888 2276 965 2308 par-

28 2327 29 2330 *
51 2307 53 2310 ⁴
67 2305 244 2352 ,ὁθούνεκα
261 2310 430 2342 adnexum
447 2311 500 2342 El.
518 2308 619 2343 1305.
640 2312 737 2344 Falsa
750 2314 854 2353 igitur
868 2323 965 2354 prae-

26 2395 27 2398 ,
46 2366 69 2402 g
93 2357 230 2389 atthiae.
252 2358 292 2389 ad
311 2358 446 2398 Hippoi.
470 2355 548 2390 138.
585 2358 713 2391 Pariter
730 2360 783 2391 his
798 2361 889 2392 unde
907 2361 967 2392 ali-

22 2407 24 2414 '
44 2406 72 2440 'ig
93 2404 221 2446 *ipitur
248 2405 414 2436 audiendo
438 2405 615 2446 participio
640 2406 762 2438 dicitur
778 2407 889 2439 addito
907 2408 962 2439 Ai.

27 2450 140 2497 slim·
159 2447 240 2483 425.
265 2448 366 2483 1322.
405 2451 462 2484 Sin
487 2462 564 2484 vero
590 2452 675 2484 dicto
701 2454 887 2485 audientem
903 2464 968 2485 esse

24 2495 140 2540 '9ny
176 2508 243 2530 non
276 2499 398 2530 dicitur
430 2499 497 2530 nisi
530 2509 606 2531 cum
631 2501 778 2539 genitivo
804 2511 966 2542 personae

26 2544 38 2574 's
62 2555 80 2587 4
126 2555 146 2578 υ
163 2549 325 2586 perpetuo
343 2546 538 2586 corripitur,
565 2547 594 2578 si
611 2547 845 2588 imperativum
862 2545 967 2582 κλῦθι

27 2587 38 2641 ᾖ,
73 2606 86 2615 -·
113 2601 139 2624 s.
687 2592 718 2637 (Ι
736 2604 770 2634 p.
792 2591 872 2635 971,
892 2592 967 2639 14.)

28 2644 45 2705 l„
58 2661 83 2707 J.
97 2660 152 2694 ὠν
169 2671 293 2694 rmnus.
323 2660 447 2708 δένδρα
463 2660 598 2700 κλῶνας
617 2663 662 2701 ὡς
681 2662 865 2703 ἐκσώζεται
882 2667 963 2697 Ant.

23 2711 38 2743 1‘
51 2751 57 2755 .
70 2710 89 2757 μζ
109 2724 114 2733 ’
167 2706 266 2742 ἐννέα
282 2707 418 2746 κλῶνας
437 2706 540 2747 ἐλάας
558 2709 613 2742 Oc
631 2708 711 2743 483.
757 2713 808 2744 De
825 2716 904 2744 tono
921 2714 967 2744 si-

67 2773 75 2791 ,,ι
110 2755 274 2788 flectendo
296 2757 458 2788 -vocabulo
479 2759 651 2799 praecepit
668 2758 733 2790 EM
749 2769 782 2800 p.
804 2756 885 2799 809,
909 2756 963 2792 13.

77 2816 143 2849 p.
163 2813 200 2836 π.
221 2814 257 2847 μ.
277 2800 310 2836 λ.
330 2813 364 2845 p.
386 2800 440 2843 32,
467 2800 496 2835 1.

34 2839 213 2904 [’Ϊάπτω
246 2862 404 2893 trahendo
429 2864 546 2893 lacero.
594 2858 768 2896 ἐκνάπτετ’
801 2862 874 2897 αἰέν
907 2866 962 2898 Ai.

68 2906 145 2942 [De
171 2917 273 2940 sensu
300 2910 391 2940 verbi
413 2919 489 2940 cum
505 2907 644 2954 γνάπτω
661 2908 826 2956 γνάμπτω
843 2910 966 2946 κάπτω

94 2974 110 3006 ·-
125 2956 259 3033 aei?
285 2966 316 3046 3·
347 2956 717 3035 ffsffifhissdpffs·
731 2956 966 3049 1261·-¹⁰·[.⁸.⁶

40 3024 219 3095 ”’ᾕῖάπτεθ
236 3011 295 3080 IPA
312 3028 330 3081 a
347 3060 390 3081 m.
413 3049 494 3091 rec.]
506 3027 612 3082 'Sani
634 3061 665 3082 v.
684 3029 823 3097 άντυγες
841 3056 875 3084 et
892 3031 962 3085 cod:

46 3097 103 3145 ‘⁹234
122 3092 287 3139 πρισθείς.
330 3094 594 3138 ἐκνάπτετο,
621 3098 708 3138 quod
733 3101 857 3131 veteris
875 3101 966 3131 Atti-

62 3140 234 3195 ·iffil'Bust.
256 3152 290 3183 p.
314 3140 392 3183 150,
413 3140 469 3175 31.
508 3144 562 3176 Sic
581 3145 638 3176 LA
655 3154 706 3184 pr.
727 3155 788 3186 m.,
810 3147 865 3178 LB
882 3147 960 3178 alii:

44 3192 48 3232 ἰ
92 3193 111 3233 ’,ι
170 3190 267 3230 pauci
283 3190 373 3221 libri.

94 3286 103 3341 ς
126 3245 964 3342 tit‘²52‘⁹1⁷3ss..²ss¹¹332.3311ii'422.232.‘⁴2¹23‘2‘03‘3

107 3341 109 3343 ’
147 3353 152 3367 ·
182 3349 248 3381 quo
266 3341 392 3374 Nauck.
419 3341 552 3387 κνήκου
578 3344 737 3383 coniecit,
767 3346 896 3376 conlata
917 3346 961 3385 gl.

71 3377 73 3379 ¹
108 3396 135 3423 ,ε
154 3390 302 3432 κνῆκος;
378 3386 466 3426 εἶδός
483 3400 515 3422 τι
532 3388 740 3436 σπέρματος,
755 3390 814 3426 καὶ
827 3389 960 3439 πυρός]

51 3440 54 3478 '3
119 3438 152 3465 v.
172 3433 290 3467 Arcad.
311 3445 346 3476 p.
369 3432 446 3476 110,
469 3433 524 3468 14.

782 168 918 218 Κλών
949 199 1008 206 -
1040 168 1211 224 Κοῖλος

1909 171 2007 219 389

1068 283 1217 326 Κνίζω
1245 296 1370 327 punyo.
1416 284 1528 326 ἔκνιζε
1554 284 1588 331 μ’
1621 285 1687 320 αἰεὶ
1719 289 1819 321 τοῦτο
1846 287 1903 320 OR
1928 285 2007 319 786.

998 344 1030 366 v.
1050 334 1199 374 Bergler.
1228 334 1269 366 ad
1286 334 1436 375 Alciphr.
1461 344 1515 376 ep.
1536 331 1593 367 29.
1627 332 1662 379 [ἢ
1683 332 1721 368 δυ
1770 328 1918 379 εράναντ’
1938 331 1960 379 ἥ
1979 345 2011 367 τι

996 379 1239 473 Ἃκὲιέιζὲιὶνὶιῐαντοὶ
1262 391 1336 419 πως
1362 382 1447 414 coni.
1475 382 1629 421 Blaydes.
1650 381 1706 414 OG
1727 379 1741 413 1
1770 379 1816 414 82
1840 393 1872 414 v.
1892 392 2011 415 κατοι-

1070 495 1102 533 Κ
1113 509 1178 531 νισ
1189 497 1266 542 μός
1290 500 1533 539 morstancuta,
1553 500 1718 531 vellicatio
1735 501 1907 531 amatoria.
1936 510 2012 532 κνι-

999 545 1083 590 σμὸς
1100 545 1159 579 καὶ
1177 543 1383 591 φιλημάτων
1401 544 1511 591 ψόφος
1531 544 1676 578 Salmon.
1699 547 1738 577 fr.
1760 543 1839 586 482,
1865 544 1894 577 1.

1071 611 1101 650 K
1114 627 1130 647 ν
1142 627 1160 649 υ
1172 613 1247 655 ζάο
1261 627 1317 661 μα
1329 627 1348 648 ι.
1395 627 1469 649 κνυ
1481 614 1675 661 ζώμενον
1701 615 1818 660 (vulgo
1842 615 2009 661 κνυζόμε-

998 662 1090 706 νον);
1120 661 1288 697 στένοντα.
1329 667 1567 709 μεταφορικῶς
1585 661 1652 697 ἀπὸ
1668 667 1736 696 τῶν
1756 661 1949 698 σκυλάκων.
1977 668 2012 695 et

998 722 1074 743 κνυ
1088 708 1136 755 ζη
1148 707 1275 755 θμός;
1305 708 1328 755 ἡ
1346 714 1413 743 τῶν
1430 713 1543 744 κυνῶν
1563 708 1724 756 ὀδυρτικὴ
1744 708 1856 756 ὑλακή
1877 710 2008 751 suidas,

998 761 1033 789 et
1066 767 1106 788 ex
1133 757 1250 789 Photio
1281 758 1414 799 quidem
1440 759 1564 799 priora,
1595 758 1681 799 apud
1709 767 1808 799 quem
1834 759 2010 790 emendate

999 805 1121 845 scripta
1143 805 1302 845 leguntur
1327 815 1360 846 p.
1393 801 1475 845 173,
1504 802 1561 837 21.
1594 823 1633 828 —
1670 804 1770 848 σῶμά
1795 799 1824 838 τ’
1848 803 2010 839 ἀνικάτου

999 849 1044 897 θη
1069 851 1106 889 ὸς
1117 878 1125 892 ,
1155 850 1192 886 ὃν
1211 849 1246 884 ἐν
1263 849 1402 885 πύλαισι
1422 851 1503 896 φασὶ
1520 847 1682 885 εύνᾶσθαι
1698 849 1886 891 mutantia(
1901 863 1938 885 τε
1955 851 2010 884 OC

1003 862 1087 930 1571
1109 899 1160 930 ch.
1197 899 1324 940 Optimi
1343 900 1434 931 codd.
1458 900 1515 931 LA
1542 899 1597 931 LB
1621 899 1678 930 PA
1698 899 1749 931 PF
1766 904 1799 931 et
1819 901 1906 931 Ricc.
1926 911 2010 933 κνυ-

999 943 1149 986 ζεῖσθαι,
1192 946 1277 987 quod
1320 950 1477 987 tanquam
1519 947 1621 986 magis
1663 947 1812 978 Atticum
1850 948 2012 988 praetulit

1000 993 1118 1025 Elmsl.
1147 993 1201 1025 PB
1220 995 1295 1025 Vat.
1313 989 1512 1034 κνυζᾶσθαι,
1530 994 1617 1025 idem
1635 995 1669 1025 in
1685 994 1739 1025 PT
1758 994 1871 1033 Farn.,
1889 995 2011 1026 omissa

999 1041 1116 1081 copula
1142 1045 1306 1081 sequente
1331 1051 1388 1081 τε,
1418 1050 1586 1082 supraque
1612 1042 1735 1082 scripto
1758 1042 1792 1072 iu
1813 1041 1839 1072 T
1857 1052 1896 1074 ει.
1942 1042 2007 1083 Ap.

1000 1088 1102 1120 schol.
1129 1085 1312 1126 κνύζεσθαι
1338 1092 1427 1119 certe
1452 1088 1486 1119 in
1513 1089 1582 1120 cod.
1606 1089 1703 1119 Laur.
1733 1089 1904 1129 scriptum.
1944 1089 2012 1120 Cur

1000 1136 1104 1175 magis
1123 1135 1274 1167 Atticum
1291 1141 1424 1167 censeat
1444 1135 1577 1175 ElmsL,
1605 1137 1727 1175 ignoro,
1749 1137 1814 1167 nisi
1831 1137 1916 1168 forte
1934 1145 2010 1176 pro-

1000 1186 1074 1224 pter
1091 1180 1305 1227 κνυζούμενα
1323 1183 1379 1214 Ar.
1402 1183 1504 1223 Vesp.
1527 1179 1605 1222 977,
1636 1183 1724 1223 quod
1741 1183 1853 1225 ipsum
1871 1183 2010 1215 dubium

1000 1239 1040 1261 an
1059 1238 1125 1261 non
1138 1230 1250 1271 potius
1264 1227 1466 1273 κνυζώμενα
1479 1231 1690 1262 scribendum
1707 1232 1762 1261 sit.
1787 1230 1931 1262 Brunck.
1945 1231 2009 1262 iam

998 1281 1135 1317 propter
1152 1286 1265 1317 parem
1283 1286 1401 1308 sonum
1420 1274 1582 1310 εὐνᾶσθαι
1597 1274 1784 1316 κνυζᾶσθαί
1796 1287 1832 1310 τε
1849 1278 1910 1309 hoc
1924 1282 2012 1309 recte

999 1324 1199 1366 praetulisse
1218 1324 1369 1355 videtur:
1400 1325 1432 1355 id
1450 1325 1537 1365 quod
1557 1325 1713 1356 Doricum
1732 1335 1807 1356 cum
1826 1325 2012 1356 secundum

1002 1370 1181 1411 Sophronis
1214 1372 1443 1403 auctoritatem
1470 1382 1522 1412 ap.
1553 1372 1614 1402 EM
1640 1382 1673 1413 p.
1696 1368 1782 1411 523,
1805 1368 1826 1403 4
1860 1372 2013 1404 videatur

1000 1428 1092 1455 esse,
1130 1428 1168 1450 eo
1197 1419 1331 1458 dignius
1364 1419 1523 1458 gravitate
1559 1419 1692 1450 videtur
1717 1419 1849 1450 cantici.
1885 1420 1925 1450 In
1952 1419 2009 1451 EG

1000 1476 1034 1507 p.
1055 1462 1142 1505 330,
1163 1462 1208 1496 43
1234 1464 1397 1506 Sophroni
1429 1466 1550 1497 vitiose
1574 1463 1741 1509 κνύζομαι
1764 1467 1938 1498 tribuitur.
1969 1484 2010 1490 —

1000 1523 1061 1545 κυν
1091 1510 1147 1545 δὸν
1166 1510 1347 1557 ἐξέκραξαν
1366 1512 1412 1550 ὡς
1430 1511 1653 1557 κνυζούμενοι
1679 1513 1803 1553 legitur
1828 1522 1870 1545 ex
1888 1513 2012 1545 Phrixo

1002 1561 1041 1591 fr.
1096 1556 1141 1591 46
1174 1560 1290 1591 eodem
1315 1560 1338 1591 l.
1369 1560 1429 1591 EG
1463 1561 1582 1591 vitiose
1609 1561 1740 1601 scriptis
1769 1557 1951 1605 ἐξέπραξαν
1978 1565 2013 1592 et

999 1604 1248 1651 κνυζῶμενον,
1283 1617 1368 1648 quae
1403 1608 1595 1638 emendavit
1622 1608 1741 1639 Blomf.
1778 1612 1812 1639 et
1843 1617 1887 1640 ex
1917 1612 2012 1650 parte

1000 1655 1124 1686 lacobs.
1145 1654 1185 1685 ad
1202 1654 1277 1685 Ael.
1294 1655 1356 1685 HA
1374 1659 1399 1686 t.
1414 1651 1436 1685 2
1454 1665 1487 1695 p.
1505 1651 1546 1686 10
1564 1655 1652 1686 inter
1668 1651 1861 1695 κνύζεσθαι,
1874 1653 2013 1694 motet-

1001 1697 1079 1734 σθαι
1097 1705 1131 1733 et
1147 1698 1336 1740 κνυζᾶσθαι
1352 1701 1451 1733 libros
1469 1703 1593 1742 passim
1612 1703 1775 1733 fluctuare
1792 1703 1982 1735 observans.

1072 1753 1313 1793 Κνώδᾶλον
1340 1760 1443 1793 belua.
1482 1761 1651 1802 Propriam
1676 1761 1825 1792 vocabuli
1845 1761 2015 1801 significa-

1002 1808 1145 1847 tionem,
1168 1808 1292 1848 de'qua
1309 1807 1509 1839 adnotarunt
1528 1807 1621 1840 Phot.
1642 1817 1675 1848 p.
1700 1804 1776 1849 174,
1802 1805 1831 1839 1.
1867 1808 1962 1841 Suid.
1983 1813 2017 1840 et

1003 1855 1147 1893 Hesych.
1177 1855 1211 1886 in
1240 1865 1270 1885 v.
1300 1854 1363 1885 EM
1391 1864 1423 1895 p.
1451 1851 1536 1894 522,
1560 1851 1615 1886 38.
1661 1855 1760 1886 Eust.
1790 1865 1823 1896 p.
1848 1851 1934 1894 106,
1955 1852 2011 1887 25.

1005 1898 1107 1941 1822,
1129 1898 1174 1933 38
1200 1911 1265 1933 non
1291 1903 1397 1932 curari
1421 1913 1438 1933 a
1462 1902 1594 1942 tragicis
1612 1907 1728 1934 notum
1748 1906 1811 1933 est.
1849 1902 1900 1934 Cf.
1920 1903 1947 1933 Ι.
1968 1902 2013 1934 Η.

1003 1950 1100 1980 Voss.
1121 1948 1162 1980 ad
1179 1949 1270 1980 Arat.
1293 1944 1371 1979 299.
1412 1949 1529 1980 Feram
1554 1953 1588 1980 et
1613 1952 1773 1989 ayrestem
1797 1949 1932 1981 bestiam
1950 1959 2018 1981 una

1003 1996 1252 2036 comprehensis
1281 1995 1441 2035 semiferis
1476 1996 1647 2027 ‹mmm-is
1677 1996 1864 2036 significat:
1893 1986 2016 2042 (ἄτρα-

1002 2040 1099 2086 κτός)
1117 2040 1249 2088 φθείρει
1265 2040 1307 2075 τὰ
1324 2040 1435 2076 πάντα
1447 2040 1608 2076 κνώδαλα
1626 2043 1682 2075 Tr.
1695 2040 1763 2075 713
1781 2048 1815 2075 et
1828 2042 2016 2087 παρακτίαν

1003 2088 1146 2136 στείχων
1160 2087 1370 2135 ἀνημέρωσα
1382 2087 1571 2123 κνωδάλων
1587 2088 1664 2124 ὁδόν
1678 2091 1779 2122 Thes.
1795 2092 1834 2123 sr.
1848 2087 1917 2124 233
1933 2102 1961 2131 ε,
1977 2088 2010 2132 2,

1003 2138 1061 2169 ubi
1095 2147 1171 2169 cum
1204 2138 1245 2169 de
1271 2146 1306 2168 se
1331 2137 1483 2169 Theseus
1507 2138 1681 2178 loquatur,
1719 2138 1819 2170 etiam
1851 2139 2016 2170 immanes

1002 2185 1186 2225 praedones
1204 2184 1299 2217 Sinin
1318 2189 1352 2215 et
1371 2183 1506 2216 Scirona
1522 2185 1704 2225 significari
1722 2190 1997 2217 consentaneum.

1074 2238 1263 2276 Κνώδων
1284 2252 1411 2275 remora
1426 2243 1530 2283 yladii
1543 2254 1553 2273 :
1576 2244 1655 2276 inde
1672 2244 1801 2284 gladius
1819 2245 1904 2285 ipse.
1924 2237 2013 2277 τοῦδ’

1003 2287 1120 2323 αἰόλου
1153 2286 1343 2327 κνώδοντος
1374 2291 1428 2322 Ai.
1459 2287 1561 2322 1025.
1613 2291 1706 2324 Suid.
1743 2301 1773 2323 V.
1807 2289 2011 2328 κνώδοντος.

1003 2335 1120 2383 ξίφους
1148 2333 1240 2370 ἕλκει
1265 2334 1404 2375 διπλοῦς
1428 2335 1623 2376 κνώδοντας
1648 2339 1729 2370 Ant.
1754 2335 1854 2370 1233.
1891 2340 2015 2370 Vocem

1003 2384 1191 2424 Musgravio
1209 2385 1232 2415 l.
1255 2394 1282 2416 c.
1305 2394 1370 2416 non
1390 2385 1593 2417 intellectam
1612 2385 1778 2426 explicuit
1795 2386 1876 2418 Lob.
1898 2386 1937 2417 ad
1956 2386 2010 2417 Ai.

1003 2428 1083 2463 814.
1113 2442 1146 2473 p.
1168 2428 1254 2472 3503
1284 2436 1456 2473 praeterea
1481 2432 1707 2473 Xenophonte
1733 2433 1841 2464 utitur
1866 2433 1906 2464 de
1934 2442 2011 2464 ven.

1006 2475 1060 2517 10,
1081 2475 1102 2509 3
1121 2482 1154 2510 et
1175 2475 1216 2510 16
1241 2479 1356 2510 Herm.
1386 2480 1573 2511 Accentum
1592 2481 1740 2511 enotavit
1753 2480 1829 2512 Arc.
1846 2490 1880 2521 p.
1895 2476 1949 2520 11,
1963 2477 1996 2511 5.

1075 2533 1135 2570 Κν
1147 2537 1251 2570 ώσιο
1263 2548 1279 2574 ς
1311 2537 1464 2569 Gnosius.
1518 2534 1630 2571 Νύσια
1663 2534 1788 2571 Κνώσι’
1832 2535 2016 2582 ὀρχήματα

1004 2585 1058 2615 Ai.
1081 2580 1148 2616 699
1166 2584 1217 2617 ch.
1254 2585 1434 2616 Bacchicae
1453 2589 1487 2616 et
1503 2586 1611 2617 multa
1627 2595 1701 2617 cum
1721 2585 1947 2616 exsultatione
1962 2585 2018 2616 in-

1002 2632 1205 2671 telliguntur
1221 2632 1432 2663 saltationes:
1454 2632 1494 2663 de
1513 2642 1548 2663 re
1565 2634 1703 2664 obscura
1721 2632 1878 2672 exposuit
1898 2630 2012 2672 [schol.

1004 2678 1048 2712 etl
1071 2679 1151 2710 Lob.
1187 2674 1349 2712 Κνώσσια
1376 2676 1559 2724 ὀρχήματα
1584 2680 1662 2711 hinc
1684 2682 1842 2710 memorat
1859 2678 1957 2710 Eust.
1977 2688 2012 2719 p.

1006 2722 1107 2765 1166,
1130 2722 1173 2757 19
1191 2725 1318 2767 duplici
1337 2735 1355 2757 σ
1373 2730 1411 2757 ut
1429 2727 1555 2767 aliquot
1573 2727 1665 2758 codd.
1688 2725 1788 2767 Soph.

1075 2779 1105 2816 K
1118 2781 1242 2820 οἴλος
1268 2794 1379 2815 cavus.
1424 2784 1464 2816 de
1491 2794 1526 2816 re
1543 2790 1601 2816 aut
1619 2790 1737 2816 natura
1754 2787 1812 2815 aut
1828 2787 1898 2815 arte
1915 2793 2015 2815 exca-

1002 2833 1095 2861 vata:
1124 2828 1244 2867 κοίλας
1271 2829 1396 2874 πέτρας
1420 2829 1547 2875 γύαλον
1574 2832 1633 2863 Ph.
1664 2828 1750 2863 1081
1772 2831 1824 2862 eh.
1860 2833 2016 2862 antrum:

1004 2877 1102 2909 Eust.
1129 2887 1163 2918 p.
1191 2874 1278 2915 526,
1308 2875 1366 2910 40.
1403 2875 1491 2915 944,
1521 2876 1566 2910 24
1591 2876 1713 2923 κοίλης
1747 2878 1858 2909 habet.
1910 2875 2016 2923 κόρης

1001 2926 1170 3003 {up-{3133
1190 2916 1458 3003 ίἈιδῗιίῖοέοῖλον
1476 2927 1567 3004 Αιηλ
1581 2922 1697 3005 1205ἑ.λ
1725 2922 1847 2969 κοίλην
1868 2923 2016 3003 κάπεῗέ

1050 2997 1057 3004 .
1149 2978 1170 3001 ί)
1187 2981 1242 3003 an.
1432 2998 1438 3004 .
1537 2971 1544 2983 '
1590 2984 1595 2995 ν
1855 2974 1894 3002 ὀ

1004 2981 1106 3051 1593.
1150 3016 1272 3063 κοίλης
1295 3015 1323 3050 τ’
1349 2981 2017 3064 άίἐῃρδουχῗὸ96.πκέἶςλάᾳῗῐῖιῖιάόῗολλα

1001 3063 1059 3098 καὶ
1084 3062 1283 3110 πανάργυρα
1308 3064 1498 3109 ἐκπώματα
1522 3067 1629 3098 Acris.
1658 3068 1698 3098 fr.
1729 3062 1790 3103 68,
1823 3062 1855 3097 3.
1907 3063 1946 3097 ἐκ
1978 3063 2016 3097 δὲ

1002 3109 1188 3155 πυθμένων
1214 3109 1326 3144 ἔκλινε
1352 3110 1455 3145 κοῖλα
1480 3110 1618 3160 κλῇθρα
1641 3113 1699 3144 OR
1727 3109 1827 3143 1262.
1880 3108 2016 3156 σταθμὰ

1001 3156 1107 3191 κοῖλα
1130 3155 1269 3203 θυράων
1297 3159 1488 3200 explicandi
1520 3162 1623 3199 gratia
1652 3161 1788 3190 advoc-at
1814 3158 1943 3191 Schaef.
1973 3168 2015 3189 ex

1004 3206 1141 3237 Theocr.
1163 3202 1220 3245 24,
1240 3203 1282 3245 43
1311 3207 1427 3237 annuli
1446 3211 1546 3246 sunt,
1575 3208 1696 3238 forium
1713 3206 1911 3238 immitendo
1929 3206 2016 3236 vecti

1002 3253 1166 3284 excavati.
1194 3250 1303 3298 κοίλῳ
1322 3251 1498 3299 ζυγάστρῳ
1518 3254 1572 3285 Tr.
1591 3250 1670 3285 692.
1698 3250 1803 3286 κοῖλα
1821 3250 1940 3297 δέμνια
1958 3252 2012 3284 Tr.

1002 3295 1089 3339 9013
1119 3300 1236 3331 eadem
1261 3309 1347 3340 quae
1375 3297 1533 3344 μαλακά,
1562 3304 1722 3332 cavantur
1745 3301 1835 3331 enim
1860 3300 2017 3340 imposito

1003 3355 1147 3386 corpore.
1170 3347 1291 3388 Inepta
1304 3350 1357 3378 est
1370 3348 1535 3388 scriptura
1550 3348 1746 3379 scholiastae
1761 3347 1863 3378 altera
1880 3357 1928 3379 κο
1940 3357 1972 3378 ιν
1980 3343 2014 3385 ά,

1001 3389 1024 3437 ἢ
1050 3390 1093 3424 τὰ
1115 3394 1177 3426 τοῦ
1202 3390 1352 3426 θανάτου
1367 3419 1374 3433 ,
1402 3391 1425 3438 ἢ
1452 3392 1494 3427 τὰ
1519 3391 1627 3435 αὑτῆς
1652 3392 1787 3426 καὶτοῦ
1804 3388 2017 3438 Ἡρακλέους

1004 3437 1068 3483 [sic
1094 3439 1122 3471 R
1140 3440 1218 3480 Br.,
1250 3449 1293 3472 ex
1319 3440 1395 3473 aliis
1419 3442 1479 3475 τοῦ
1504 3439 1608 3474 αὐτοῦ
1635 3439 1786 3482 Elmsl.].
1816 3458 1856 3462 —
1891 3440 2017 3481 Perpe-
