2288 3600
236 87 300 134 58

237 205 404 244 quendam
424 214 544 236 morem
564 205 766 243 significant,
789 200 1033 242 νοΙιιῐλυδιστί,
1056 199 1247 247 ἑλληνιστίῑ

237 261 318 283 num
335 252 539 292 producatur
560 260 602 283 an
620 252 819 292 corripiatur
837 247 853 282 ἶ
869 275 875 290 ,
904 259 963 291 pro
980 250 1090 281 lubitu
1110 254 1143 281 et
1162 259 1251 281 com-

237 299 395 331 moditate
420 302 538 340 poetae
565 299 858 340 dispensaverunt.
905 297 997 335 Quae
1023 309 1041 328 a
1060 298 1251 328 nominibus

235 347 418 384 ducuntur,
438 356 477 378 ea
490 356 566 378 cum
583 347 702 377 tertiae
712 345 946 377 declinationis
961 345 1013 376 vel
1030 346 1156 386 primae
1176 353 1253 385 spe-

236 394 320 425 ciem
337 393 508 433 referunt,
537 393 723 425 secundum
748 392 935 424 dativorum
963 393 1145 431 analogiam
1161 391 1252 422 iudi-

236 441 339 473 canda
351 441 521 481 videntur,
544 443 582 472 ut
599 437 771 485 παμπαιδί
789 440 847 471 sed
864 437 1022 484 παγγενεί
1039 439 1251 470 scribendum

235 498 401 528 censeam,
421 489 457 520 in
475 498 540 529 qno
559 497 625 519 non
643 488 807 519 assentior
825 487 905 519 Lob.
923 488 963 519 ad
976 487 1100 525 Phryn.
1120 496 1154 527 p.
1169 482 1248 517 515.

236 536 319 568 Nam
346 545 420 567 cum
439 535 503 567 EM
537 537 732 580 παγγενῆ
760 531 959 579 μετεβλήθη
994 531 1029 573 ἐξ
1062 531 1252 577 αἰτιατικῆς

236 583 399 620 πτώσεως
424 581 472 615 εἰς
496 580 671 628 ἐπίρρημα
696 583 829 620 scribit⁷
858 582 919 613 hoc
936 583 1060 622 ipsum.
1091 583 1128 612 ut
1145 580 1251 611 Hem-

237 631 339 662 sterh.
360 631 401 662 ad
419 631 501 662 Poll.
522 631 544 661 1.
560 639 587 660 c.
609 633 643 662 et
660 629 701 662 ad
712 629 857 668 Hesych.
872 639 902 660 v.
917 625 1088 675 Κρίσαμις
1107 628 1249 667 volebat,

237 678 448 718 significavit,
471 675 629 723 παγγενεί
642 686 685 708 ex
700 678 851 722 παγγενῆ
871 677 1007 716 factum,
1029 676 1144 707 eodem
1157 684 1248 714 sono,

237 726 324 757 sicut
339 725 408 757 illis
425 725 618 757 hominibus
635 726 758 763 visum.
779 724 843 755 alia
858 725 1032 764 scriptura.
1056 723 1109 756 Sic
1123 726 1156 754 et
1169 719 1252 755 ἀνα-

235 770 285 806 τεί
300 773 323 804 i.
345 783 377 814 q.
398 769 478 806 ἄνευ
495 769 581 817 ἄτης
598 771 810 803 scribendum
827 771 962 802 videtur
987 780 1054 802 non
1072 771 1112 801 ab
1129 767 1253 805 ἄνατος

236 820 393 860 ductum,
431 820 489 851 sed
514 819 772 859 comparandum
800 828 873 849 cum
900 815 1060 862 ἀβλαβεί;
1099 818 1150 848 sin
1176 825 1252 848 vero

235 867 328 899 brevi
345 868 462 899 ultima
480 876 575 908 opus,
596 866 801 898 exarandum
822 864 852 898 ι’.
882 861 1046 899 Πανθοινί
1062 861 1198 909 νηποινί
1215 865 1254 895 ab

235 914 409 946 adiectivis
435 910 618 951 πάνθοινος
643 911 805 957 νήποινος
823 913 972 944 ducenda
991 913 1142 943 arbitror.
1190 911 1254 943 Sed

235 971 320 1004 quae
338 960 670 1008 παρασγηματισμόν
689 961 824 1000 habent,
845 961 938 992 velut
955 957 1098 993 πανσυδί
1116 962 1150 990 et
1167 969 1253 991 παν-

237 1006 344 1054 συδίᾳ,
374 1003 559 1054 πανστρατί
584 1012 618 1041 et
644 1006 868 1052 πανστρατιᾷ,
898 1004 1063 1052 πανομιλί
1086 1010 1120 1038 et
1145 1017 1254 1039 πανο-

239 1053 349 1102 μιλίᾳ,
371 1053 535 1090 αὐτοποδί
553 1060 586 1088 et
604 1052 811 1100 αὐτοποδίᾳ,
841 1053 1015 1102 αὐτογειρί
1041 1058 1074 1086 et
1093 1051 1254 1100 αὐτοχει-

237 1101 305 1149 ρίᾳ,
326 1105 389 1135 sibi
417 1101 433 1136 ἴ
453 1104 526 1135 iure
551 1104 729 1145 deposcere
748 1103 915 1134 videntur.
941 1097 1053 1141 ‘Quae
1072 1113 1088 1133 a
1108 1101 1254 1132 secunda

237 1151 459 1183 declinatione
479 1155 570 1190 sunt,
601 1154 635 1182 et
651 1160 755 1191 pauca
772 1153 807 1181 et
824 1151 947 1191 partim
966 1159 1083 1190 parum
1102 1150 1249 1190 probata⁷

236 1202 276 1230 ut
291 1195 438 1238 πανοικί,
459 1200 533 1239 ipsa
545 1207 679 1240 quoque
698 1194 715 1230 ἴ
734 1198 907 1229 terminari
922 1200 1012 1238 puto.
1036 1197 1149 1228 Unum
1167 1207 1252 1228 παν-

236 1243 339 1290 δημεί
354 1247 401 1277 sic
418 1247 580 1286 scriptum
597 1246 724 1287 potiore
742 1245 807 1276 fide
826 1245 968 1276 videtur.
992 1243 1150 1276 Ceterum
1168 1242 1253 1276 ἀνα-

235 1291 287 1327 τεί
310 1293 435 1325 diserte
461 1294 608 1333 agnoscit
639 1292 1017 1324 Pseudo-Herodianus
1044 1287 1248 1332 epi’merism.

235 1351 268 1382 p.
291 1336 371 1373 255.

306 1394 558 1434 Ἀνατέλλω
575 1399 790 1431 intransitive
808 1401 905 1430 orior.
927 1396 962 1431 αἱ
981 1397 1043 1443 μὲν
1059 1392 1116 1430 ἀπ’
1135 1395 1252 1431 ἀελίου

237 1445 380 1489 ὃυσμᾶν,
409 1444 444 1480 αἱ
462 1440 490 1479 δ’
515 1443 759 1483 ἀνατέλλοντος
779 1446 833 1478 Oc
855 1442 944 1477 1246
961 1446 1012 1477 ch.
1055 1446 1183 1477 Ατπῖνο
1193 1454 1253 1486 pro

236 1493 500 1539 &³102sskaer
515 1495 580 1526 iam
599 1495 643 1534 gl.
665 1494 826 1525 Brunckii
843 1494 1027 1534 explicuit:
1048 1497 1146 1539 φῶτα
1164 1485 1254 1538 μυρί’

236 1535 294 1576 ἀπ’
317 1541 468 1589 αἰσχρῶν
494 1538 723 1575 ἀνατέλλοντα
746 1540 807 1572 Ph.
832 1537 922 1572 1138
939 1550 983 1572 m.
1013 1541 1156 1582 infinita,
1176 1541 1199 1571 i.
1221 1549 1251 1571 e.

237 1590 341 1622 multa
374 1590 442 1621 alia
473 1590 668 1620 excitantem
692 1598 710 1620 e
735 1589 893 1629 turpibus
916 1588 1002 1627 illis,
1039 1597 1121 1629 quos
1145 1588 1181 1619 in
1200 1596 1253 1619 me

236 1637 402 1669 cruciatus
419 1637 628 1668 machinatus
646 1639 707 1667 est.
1047 1634 1079 1679 (Ι
1097 1645 1131 1676 p.
1155 1630 1255 1677 146.)

305 1690 572 1741 Ἀνατίθημι
596 1704 755 1726 removeo.
783 1692 815 1728 τί
832 1693 896 1740 γὰρ
913 1704 980 1739 παρ
1015 1692 1113 1740 ἦμαρ
1137 1691 1274 1739 ἡμέρα’

235 1741 368 1789 τέρπειν
393 1741 467 1791 ἔχει
494 1738 683 1788 προσθεῖσα
705 1737 896 1775 κάναθεῖσα
921 1743 981 1775 τοῦ
1007 1752 1044 1787 γε
1069 1737 1254 1775 κατθανεῖν

237 1792 281 1823 Ai
297 1787 376 1823 476.
406 1792 515 1822 Affert
540 1789 631 1822 Stob.
653 1789 740 1822 Flor.
761 1787 794 1821 7.
822 1800 855 1831 p.
877 1785 933 1821 46.
973 1789 1068 1821 Suid.
1089 1799 1121 1821 v,
1142 1786 1250 1834 ἦμαρ.

237 1838 406 1880 Moscbop.
436 1838 540 1870 Dictt.
562 1837 634 1869 Att.
658 1847 687 1868 V.
709 1834 906 1882 ἀνατίθημι.
941 1833 1144 1878 [καναθεῖσα
1163 1836 1221 1867 LA
1240 1846 1254 1868 ε

237 1897 256 1917 a
272 1895 318 1917 m.
338 1895 403 1918 rec.
425 1882 608 1928 superscr.]
628 1885 772 1925 Vulgata
798 1886 838 1916 ab
856 1886 903 1916 eis
921 1884 1037 1924 ducta,
1067 1884 1126 1925 qui
1143 1884 1255 1915 calcu·
1273 1886 1275 1914 ὲ

237 1934 309 1965 lum
332 1936 520 1974 promotum
548 1932 741 1972 retrahunt,
771 1933 889 1964 tralata
916 1931 956 1963 ad
980 1932 1058 1970 hos,
1087 1931 1146 1972 qui
1169 1931 1275 1962 dicta}

238 1981 392 2022 factaque
425 1982 624 2012 retractant:
659 1982 735 2020 post
761 1979 897 2011 Salmas.
925 1979 966 2010 ad
991 1979 1094 2011 Solin.
1124 1988 1158 2019 p.
1188 1974 1276 2009 7671

171 2060 176 2067 ,
239 2027 279 2059 Β.
299 2027 414 2069 Intpp.
431 2027 591 2066 Hesychii
610 2037 641 2058 v.
663 2023 853 2060 ἀναθέσθαι
871 2030 904 2059 et
919 2027 1035 2058 Valck.
1058 2026 1099 2057 ad
1115 2025 1252 2066 Hippol.

237 2084 272 2116 p.
292 2071 362 2106 242
379 2074 418 2115 B,
446 2074 542 2106 docte
569 2074 744 2115 explicans
763 2074 906 2106 Lobeck.
936 2070 1127 2119 προσθεῖσα
1143 2078 1256 2104 autem

238 2119 366 2167 ἡμέρα,
386 2121 508 2163 inquit,
528 2121 608 2162 quia
625 2121 774 2162 quotidie
788 2122 1068 2161 consenescimus,
1091 2117 1258 2157 ἀναθεῖσα

238 2167 412 2211 differens,
446 2169 523 2210 quia
539 2169 593 2200 die
611 2172 838 2200 consummato
861 2169 977 2201 mortis
994 2169 1145 2209 pericula
1161 2168 1257 2198 nobis

239 2217 385 2248 evasisse
402 2215 568 2248 videmur.
599 2215 651 2248 Cf.
672 2215 820 2248 Meinek.
841 2216 881 2248 ad
900 2216 1074 2248 Menandr.
1097 2225 1130 2257 p.
1154 2211 1199 2246 32
1224 2218 1258 2246 et

241 2263 373 2296 Boeckh
390 2263 432 2295 ad
447 2262 546 2295 Pind.
575 2262 626 2295 01.
649 2259 682 2302 7,
704 2259 760 2295 61.

309 2314 377 2357 Ἀν
389 2318 534 2356 ἆτλοίω
552 2322 634 2362 fero.
656 2319 730 2355 ἐπεὶ
747 2319 878 2368 πατέρα
893 2316 981 2355 τόνδ’
1000 2320 1082 2367 ἐμὸν
1099 2318 1164 2354 οὐκ
1177 2318 1254 2354 ἀνέ-

239 2367 340 2403 τλατε
357 2369 413 2402 OC
429 2365 499 2402 239
516 2369 594 2402 mel.
616 2378 683 2401 non
701 2369 841 2409 tulistis,
861 2370 884 2401 i.
906 2379 935 2401 e.
957 2369 1206 2402 abominamini.

321 2436 378 2474 Αν
390 2438 492 2477 ἆτος
516 2442 584 2472 sine
602 2449 701 2472 noma.
731 2439 777 2477 ὡς
795 2437 894 2477 πόλις
913 2437 950 2473 δέ
969 2449 1021 2473 σοι
1036 2443 1155 2472 κακῶν
1173 2436 1260 2472 ἄνα-

239 2498 298 2525 τος
315 2480 414 2520 τῶνδ’
430 2484 642 2535 ἀπαλλαγθῇ
654 2484 783 2534 γθονός
799 2487 854 2519 OC
873 2483 953 2519 786.
993 2487 1150 2528 [Hesych.
1171 2484 1259 2520 ἄνα-

239 2544 316 2572 τοςε
337 2531 428 2579 ἀβλα
451 2533 506 2578 ής.
528 2535 570 2566 cf.
585 2529 655 2567 ‘EM
670 2528 754 2574 100,
775 2531 852 2578 56]
879 2532 1014 2571 ἄναιτος
1040 2534 1128 2575 quod
1145 2535 1181 2565 in
1200 2534 1258 2565 LA

241 2585 276 2614 et
299 2581 392 2615 Suid.
438 2579 591 2619 ἄναιτος;
628 2579 796 2627 ἀβλαβής.
824 2579 884 2615 καὶ
909 2579 1114 2618 ἀναιτίατος.
1154 2577 1261 2627 Σοφ.)

243 2637 287 2661 ex
303 2629 440 2661 scholiis
458 2630 592 2670 legitur,
621 2634 655 2661 et
673 2629 862 2670 explicatur
885 2629 993 2668 glossa
1019 2629 1088 2661 cod.
1120 2629 1208 2660 Ricc.
1230 2629 1259 2660 A

242 2673 349 2722 ἤγουν
367 2674 515 2713 ἀναίτιος
542 2686 657 2708 eorum
681 2678 862 2708 inventum
887 2680 949 2717 est,
978 2677 1037 2717 qui
1055 2676 1260 2708 sententiam

243 2733 311 2756 non
337 2727 505 2766 caperent.
537 2720 636 2770 χθών
658 2724 793 2755 Thebae
821 2727 920 2763 sunt,
953 2727 992 2755 ut
1018 2733 1085 2755 non
1108 2724 1152 2755 sit
1177 2733 1260 2764 opus

241 2780 318 2852 {iim
335 2771 455 2811 Scalig.
477 2768 526 2814 [et
543 2768 666 2815 Dind.]
687 2767 792 2816 τῆσδε
817 2771 926 2802 scribi.
970 2771 1022 2803 De
1040 2774 1208 2802 structura
1226 2781 1257 2801 v.

287 2828 385 2855 υπος.

311 2871 562 2923 Ἀνατρέπω
587 2878 701 2908 excito.
737 2874 968 2923 ἀνατέτραφας
1001 2874 1052 2910 ὅτι
1076 2874 1135 2910 καὶ
1169 2874 1260 2923 μύση

245 2924 301 2956 Tr.
321 2920 411 2957 1008
425 2933 469 2955 m.
491 2924 593 2955 schol.
615 2921 666 2957 ὅτι
683 2920 722 2956 ἂν
739 2922 901 2971 ἡσυχάση
918 2926 979 2957 τοῦ
997 2925 1108 2957 κακοῦ
1124 2921 1258 2964 τούτου,

243 2969 344 3005 πάλιν
367 2969 511 3016 κινήσας
536 2968 732 3016 ἀνέτρεψας.
769 2971 865 3003 Alter
882 2955 1066 3028 διήγειρας.
1087 2969 1263 3016 (ἀμέτρως

246 3019 303 3051 LA
317 3015 558 3064 ἀντέτροφας.)
567 3035 608 3041 -
619 3021 739 3049 everto.
754 3015 847 3062 οἴμοι
860 3016 1075 3064 λαξπατητον
1087 3015 1262 3064 ἀντρέπων
1280 3049 1283 3061 ,

244 3064 354 3114 χαράν
371 3066 453 3097 Ant.
477 3061 566 3097 1275
580 3075 624 3096 m.
647 3065 745 3096 Eust.
768 3065 806 3096 ad
825 3066 864 3097 ll.
886 3075 919 3106 p.
933 3062 1014 3105 625,
1035 3062 1091 3096 21.
1113 3063 1176 3110 τὴν
1193 3076 1264 3112 χα-

246 3110 306 3159 ρὰν
323 3109 387 3151 λὰξ
403 3110 571 3158 πατήσας.

313 3164 609 3207 Ἀναὺδακτος
639 3182 669 3201 ν.
705 3168 908 3216 ἀναύδητος.

314 3224 383 3263 Ἀν
393 3226 443 3263 αὐ
453 3226 558 3275 δητο
568 3240 583 3266 ς
616 3230 657 3261 de
683 3239 717 3261 re
737 3229 880 3261 indictus
893 3255 899 3265 .
937 3230 978 3261 de
1008 3229 1142 3262 homine
1168 3231 1266 3261 sitem

247 3274 373 3322 [Schol.
393 3276 435 3309 ad
451 3276 506 3311 Αἰ.
528 3271 595 3309 715
613 3275 818 3323 ἀπόρρητον,
840 3274 1052 3310 ἀνέλπιστον.
1074 3276 1114 3308 ad
1126 3277 1182 3308 Tr.
1197 3273 1265 3308 968

247 3321 338 3370 μηδὲ
355 3321 473 3406 quoy?
492 3320 659 3370 προέσθαι
676 3321 889 3369 δυνάμενος].
924 3321 1049 3357 κούδὲν
1074 3321 1181 3357 ἀναύδ
1209 3333 1266 3356 τον

248 3368 414 3422 φατίσαιμ
462 3381 480 3404 ν
494 3371 551 3403 Ai.
565 3367 634 3403 715
652 3371 703 3403 eh.
726 3370 780 3404 Sic
795 3371 873 3403 libri
891 3375 925 3403 et
943 3371 1035 3404 Suid.
1053 3381 1084 3402 v.
1106 3368 1190 3405 ἄναυ
1214 3377 1262 3404 ος.

979 80 1240 132 Ἀνατέλλω
1271 113 1333 120 ———
1355 80 1559 148 Ἀνδρεία

1276 2540 1395 2590 *πᾶσιν
1413 2554 1568 2590 ἁνδάνειν
1586 2549 1711 2601 λέγοιτ’
1728 2552 1768 2588 ἄν
1787 2555 1867 2586 Ant.
1885 2550 1964 2586 504.
1987 2547 2050 2587 ..ιδ’
2068 2548 2156 2599 ἀρεῖ
2168 2556 2188 2580 s:

1987 95 2015 137 [Ι
2037 105 2071 136 Ρ,-
2096 91 2238 140 145441

1293 202 1373 233 Lob.
1405 202 1450 243 [et
1478 198 1596 244 Dind.]
1621 198 1830 239 ἀναύὸατον,
1861 210 1901 232 ex
1933 201 2119 242 Hesychio,
2155 202 2217 234 ubi·
2242 209 2255 229 ι’

1290 245 1501 282 ἀναύδακτον
1515 273 1523 288 ,
1560 248 1764 288 explicatum
1797 245 2028 294 ἀνεξήγητον,
2065 245 2220 286 ἄλεκτον.
2237 246 2257 269 s

1290 296 1403 328 Herm.
1432 292 1644 328 ἀναύδακτον
1671 304 1785 327 vocem
1811 304 1878 327 non
1903 305 1978 327 esse
2002 293 2261 333 abiiciendam

1290 353 1387 384 quam
1421 343 1561 374 fortasse
1593 352 1657 374 non
1692 351 1736 373 ex
1761 342 1822 373 hoc
1854 343 1927 383 ipso
1957 343 2028 375 loco
2053 336 2264 387 lexicograp

1292 390 1488 422 enotaverit.
1512 390 1573 422 Sed
1594 390 1674 421 adeo
1693 390 1757 421 sibi
1776 399 1843 420 non
1862 391 2023 430 constitit,
2044 394 2083 422 ut
2099 390 2223 423 Erfurd
2248 405 2252 417 τ

1289 438 1441 468 laudaret
1457 437 1499 468 ad
1517 437 1571 468 Tr.
1593 433 1674 475 968,
1695 436 1782 477 quod
1798 437 1846 468 ibi
1864 446 1924 468 suo
1942 438 2070 469 monitu
2089 447 2148 479 pro
2163 435 2229 471 ἄνα

1289 482 1353 528 [sic
1371 483 1442 525 LA]
1463 484 1611 516 dedisset
1638 480 1685 516 ὅδ’
1703 481 1892 520 ἀναύδατος
1918 482 2070 531 φέρεται.
2099 484 2184 523 Nam
2201 483 2237 518 si

1291 530 1384 564 δάσω
1402 536 1436 563 et
1454 529 1570 576 βοάσω
1588 533 1715 572 tragici,
1738 532 1899 563 dixerunt
1916 532 2016 563 etiam
2035 529 2246 573 ἀναύδατος,·

1289 580 1406 620 primis
1433 589 1508 610 cum
1533 583 1791 620 anapaestorum
1816 580 1852 610 in
1878 579 2002 610 talibus
2020 579 2184 611 minorem
2209 579 2262 621 qs

1290 627 1486 658 melicorum
1502 627 1692 658 libertatem
1710 635 1784 658 esse
1803 627 1991 657 conveniat.

1354 677 1401 719 ”A
1410 698 1427 717 ν
1439 697 1460 718 α
1470 696 1488 718 υ
1501 683 1517 717 δ
1529 696 1546 718 ο
1558 697 1573 722 ς
1590 686 1700 725 silens,
1716 688 1838 716 mutus.
1861 683 2031 728 ἀτιμάσας
2044 682 2192 731 πέμψεις
2202 681 2226 719 ἄ

1291 730 1349 769 δος
1383 733 1437 764 OC
1460 729 1559 764 1274.
1597 726 1665 765 ὄντ’
1699 730 1845 766 ἄναυδον
1866 729 1967 764 1404.
2005 727 2142 778 Κύπρις
2164 727 2252 775 ἄνα

1291 778 1421 826 φανερὰ
1452 773 1552 812 τῶνδ’
1585 778 1696 826 ἐφάνη
1730 778 1895 825 πράκτωρ
1937 780 1992 811 Tr.
2013 775 2080 811 861
2101 780 2152 813 ch.
2196 778 2218 811 S
2241 777 2265 819 Γ

1292 825 1503 872 σιωπωμένη
1515 853 1523 867 ,
1553 827 1611 859 sed
1629 828 1771 859 celatum
1797 837 1942 858 amorem
1958 826 2116 859 Herculis
2141 827 2177 858 in
2195 835 2262 859 maz-

1290 879 1389 915 poeta
1419 876 1547 906 habuit.
1586 872 1789 920 ἀναλγήτων
1824 871 1995 919 ἐθρόησας
2029 871 2176 909 ἄναυδον
2210 867 2238 908 ἔ
2257 880 2265 886 ’

1290 916 1466 967 Ἀτρειδᾶν
1483 922 1538 953 Ai.
1560 917 1683 953 947ηι.
1713 921 1966 953 clandestinum.
1988 918 2135 955 ἄναυδον
2154 918 2235 958 οὐδὲ
2259 925 2262 928 ’

1291 967 1359 1014 βοᾷ
1384 967 1539 1002 κλύουσα
1563 970 1617 1000 El.
1642 965 1731 1001 1284
1750 979 1792 1000 m.
1824 966 1970 1002 ἄναυδον
1997 962 2232 1010 αᾱνθῐδίὃεοίι,
2251 1002 2253 1005 ,

1291 1014 1447 1054 ἀναύδως
1464 1018 1603 1049 dictum.
1634 1016 1793 1049 Ceterum
1811 1017 1880 1048 loco
1897 1017 2052 1056 ambiguo
2066 1020 2156 1049 recte
2173 1016 2238 1055 laa·
2257 1017 2265 1050 ς’

1291 1066 1386 1105 signa
1404 1065 1443 1096 ab
1461 1064 1655 1095 Hermanno
1673 1064 1781 1105 posita
1798 1067 1889 1095 sunt.
1909 1060 2027 1108 λήθην
2044 1061 2182 1110 κωφήν,
2203 1060 2255 1100 ἄν

1291 1110 1348 1145 δον
1374 1112 1478 1150 Hybr.
1502 1108 1641 1143 11595.
1665 1109 1756 1156 μέλη
1775 1108 1866 1156 βοῶν
1884 1107 2014 1144 ἄναυδα
2039 1111 2189 1151 dissona,
2230 1114 2237 1125 ·

1292 1160 1381 1191 Troi.
1401 1161 1440 1191 fr.
1455 1155 1535 1191 631.
1559 1155 1707 1202 [ἄναυλα
1725 1158 1858 1190 emend.
1871 1155 2014 1202 Bergk]
2031 1156 2136 1205 χορὸς
2155 1154 2261 1193 ἀναῦ

1290 1205 1341 1285 Hx.
1371 1204 1407 1239 δὲ
1436 1203 1572 1250 μύνδων
1592 1207 1726 1238 emend.
1747 1203 1890 1250 Bergk]
1916 1202 2048 1251 ἰχθύων
2073 1206 2117 1237 fr.
2137 1205 2205 1237 inc.
2239 1206 2258 1236 ’ζμ

1317 1279 1323 1287 .
1344 1255 1395 1286 De
1414 1255 1483 1286 loco
1502 1254 1557 1285 Tr.
1580 1250 1661 1285 968.
1683 1265 1714 1285 v,
1737 1250 1942 1298 ἀναύδητος.
2104 1250 2138 1296 (Ι
2155 1262 2190 1294 p.
2213 1249 2259 1288 1¹?-

1361 1305 1490 1357 [**”Αν
1502 1323 1551 1346 αυ
1562 1310 1583 1345 λ
1594 1323 1612 1345 ο
1623 1323 1639 1349 ς
1658 1312 1813 1344 tibiarum
1827 1321 1948 1352 emper-3.
1971 1309 2062 1357 μέλη
2078 1309 2169 1356 βοῶν
2181 1308 2256 1350 ἄν,

1290 1363 1325 1392 in
1344 1362 1385 1392 fr.
1408 1360 1494 1391 Phil.
1518 1360 1574 1392 Tr.
1597 1356 1663 1391 631
1684 1360 1817 1391 emend.
1839 1360 1960 1399 Bergk.
1981 1368 2040 1400 pro
2057 1355 2190 1393 ἄναυδα
2205 1366 2246 1400 q:

1361 1414 1573 1462 Ἀναφαίν
1585 1431 1612 1451 ω
1633 1420 1668 1450 in
1687 1419 1791 1450 lucem
1809 1418 1869 1450 edo
1881 1429 1891 1449 :
1910 1419 1996 1460 perf.
2019 1418 2235 1450 intransitive

1290 1469 1389 1499 orior.
1411 1463 1505 1511 αἷγές
1521 1459 1551 1499 τ’
1570 1464 1808 1510 ἐπιμαστίδιον
1827 1464 1927 1511 γόνον
1947 1463 2143 1512 ὀρταλίχων
2167 1462 2242 1498 ἀν.

1289 1526 1378 1548 νοιεν
1392 1516 1432 1546 fr.
1445 1516 1511 1546 inc.
1526 1510 1605 1546 962.
1628 1511 1846 1558 φρυκτωρίαν
1865 1510 1968 1551 ἔδειξε
1983 1510 2176 1559 κάνέφηνεν
2195 1509 2240 1549 οὐ

1292 1560 1452 1609 δειγμένα
1471 1562 1592 1602 Naupl.
1608 1558 1687 1601 379,
1708 1559 1741 1593 8.
1765 1559 1821 1594 ὅτε
1838 1553 1944 1606 Μοῖρ’
1962 1558 2169 1604 ἀνυμέναιος
2186 1556 2240 1599 ἄλ

1290 1608 1419 1656 ἄχορος
1438 1607 1638 1654 ἀναπέφηνε
1660 1608 1714 1641 OC
1738 1605 1826 1640 1222
1845 1608 1895 1639 ch.
1919 1609 1960 1639 cf.
1982 1608 2101 1640 Herm.

1361 1662 1675 1715 Ἀναχαιτίζω.
1705 1665 1955 1714 ἀναχαιτίζεινε
1993 1662 2150 1700 ἀπειθεῖν
2174 1665 2202 1709 (

1292 1714 1366 1750 θεῖν
1378 1714 1481 1759 cod).
1504 1712 1746 1761 ἀναχαλινοῠν.
1762 1740 1831 1747 .....
1845 1712 2084 1758 ἀνακρούεται.
2104 1711 2209 1747 ἀναπ
2222 1720 2251 1754 ig

1293 1761 1422 1809 κυρίως
1433 1761 1470 1796 δὲ
1481 1761 1537 1796 ἐπὶ
1554 1766 1622 1795 τῶν
1639 1758 1768 1795 ἵππων.
1789 1758 1876 1808 Σοφ.
1896 1755 2010 1796 Ἑλέν.
2024 1758 2083 1804 (fr.
2098 1756 2164 1793 189
2173 1760 2226 1792 D.
2249 1797 2260 1805 ..

1293 1812 1382 1850 sych.
1397 1809 1514 1857 ἀναχ.;
1528 1806 1737 1849 ἀναποδίζει,
1750 1807 1912 1842 ἐκκόπτει
1923 1808 1980 1842 Gr.
1994 1809 2101 1840 Bekk.
2113 1818 2147 1849 p.
2161 1802 2207 1840 39
2244 1835 2247 1844 ,

1293 1856 1465 1904 ἀνακόψαι
1484 1856 1519 1894 ἐς
1535 1854 1689 1890 τούπίσω
1701 1881 1709 1896 ,
1737 1854 1760 1900 ἡ
1782 1854 1960 1904 μεταφορὰ
1985 1854 2053 1889 ἀπὸ
2069 1857 2140 1888 τῶν
2156 1850 2246 1898 rob<

1294 1917 1379 1943 πους
1403 1904 1447 1952 τῇ
1468 1903 1572 1951 χαίτη
1600 1902 1860 1950 ἀνακρουόντων
1877 1902 1957 1941 τοὺς
1982 1901 2050 1937 ἀπὸ
2069 1898 2255 1949 ῥυτῆρος),-ι

1294 1963 1422 2000 γοντας
1449 1953 1631 1991 Plirynich.
1653 1961 1758 1996 προπ.
1781 1962 1858 1997 σοφ.
1879 1962 1913 1992 p.
1937 1948 1991 1991 19,
2014 1947 2070 1982 30.
2106 1947 2232 1993 Melius
2248 1955 2259 1988 J

1294 1995 1327 2043 p‘.
1353 1998 1430 2040 101,
1452 1997 1484 2032 9.
1507 1996 1794 2045 ἀναχαιτισθῆναι
1812 1996 1972 2044 σημαίνει
1987 1997 2026 2032 τὸ
2043 1993 2200 2031 ἀπειθεῖν
2221 1994 2261 2035 ais

1294 2044 1525 2087 ἀπειθεῖσθαι,
1557 2056 1622 2078 non
1641 2047 1762 2078 habere
1789 2047 1876 2078 dicto
1896 2043 2103 2088 audientes),
2131 2053 2196 2091 κυρ
2218 2043 2263 2072 ...s

1295 2093 1352 2129 ἐπὶ
1368 2099 1436 2128 τῶν
1454 2091 1581 2127 ἵππων.
1604 2094 1738 2135 Optime
1756 2095 1907 2125 omnium
1922 2093 2060 2126 Suidas:
2082 2089 2190 2139 ἀναγ
2202 2088 2263 2124 at

1296 2141 1358 2181 ζει
1372 2169 1379 2182 ,
1411 2141 1598 2186 αἰτιατικῇ.
1635 2138 1843 2181 ἀναποδίζει,
1882 2138 2054 2186 ἐγκόπτει.
2086 2131 2257 2187 ‹a'zwmtxt'ztv

1298 2187 1486 2236 Σοφοκλῆς
1504 2187 1543 2222 τὸ
1560 2186 1716 2222 ἀπειθεῖν
1741 2186 1800 2221 καὶ
1818 2185 2024 2221 ἀντιτείνειν.
2053 2187 2105 2219 De
2123 2186 2231 2228 equis
2244 2216 2258 2225 ..

1296 2238 1408 2279 prium
1433 2242 1484 2268 est
1509 2237 1543 2268 in
1569 2237 1769 2278 posteriores
1794 2236 1899 2277 pedes
1925 2236 2045 2267 erectis
2077 2234 2228 2275 equitem
2239 2232 2256 2274 '
2256 2229 2267 2268 ’,,

1296 2285 1513 2316 cutientibus.
1552 2285 1591 2315 In
1618 2283 1799 2323 Phrynichi
1832 2284 1903 2315 loco
1930 2283 2068 2316 fortasse
2100 2281 2255 2313 scribe·

1295 2330 1448 2366 ἀπὸτῶν
1474 2329 1619 2365 ἵππων
1644 2328 1748 2368 τοὺς
1776 2328 1938 2373 ἱππέας
1962 2340 1996 2362 κ.
2015 2339 2046 2362 τ.
2067 2326 2100 2361 λ.
2257 2334 2262 2346 ²

1365 2385 1406 2424 'A
1415 2402 1432 2424 ν
1443 2402 1464 2423 α
1473 2388 1498 2437 ψ
1509 2388 1527 2423 ύ
1536 2400 1562 2436 χ
1572 2403 1600 2423 ω
1626 2384 1764 2429 desim.
1785 2390 1944 2429 absteryo.
1982 2384 2209 2435 ἀναψύχουσα
2221 2381 2228 2419 ε’
2239 2380 2242 2383 ’
2253 2383 2262 2434 α’

1297 2436 1469 2484 ραίνουσα.
1493 2435 1683 2484 ῥιπίζουσα.
1702 2433 1789 2483 Σοφ.
1805 2434 1863 2480 (fr.
1877 2437 1943 2468 inc.
1965 2432 2052 2479 837]
2068 2433 2258 2475 Hesyahg(

2249 1586 2253 1593 ι

2243 1612 2258 1623 χ,

2238 1625 2245 1646 3¹
2252 1632 2261 1637 .,

1365 2503 1562 2543 ‘Avssdvm
1585 2507 1692 2549 [Curt.
1714 2508 1768 2539 Et.
1790 2503 1875 2552 206]
1897 2507 2026 2547 placeo.
2053 2513 2109 2538 το
2144 2499 2172 2534 -7
2192 2522 2242 2560 s·

2189 2555 2205 2574 su
2215 2567 2217 2570 ·
2236 2568 2242 2573 -.

2212 2588 2227 2609 *Ἰ

1298 2602 1381 2649 μοίλι
1420 2591 1436 2611 ⁴
1450 2601 1546 2637 ἁδεῖν
1566 2614 1608 2647 με
1624 2601 1695 2650 χρή
1713 2603 1795 2634 Ant.
1817 2598 1873 2633 89.
2212 2639 2221 2644 .

1366 2613 1568 2708 ’ἴνὸρεία
1594 2664 1709 2693 virtus.
1738 2663 1840 2705 τιμᾶν
1867 2654 1978 2697 οὕνεκ’
2012 2656 2169 2705 ἀνδρείας
2284 2692 2287 2699 .

1298 2710 1350 2741 El.
1373 2706 1453 2741 983.
1485 2711 1523 2742 ln
1542 2713 1635 2741 tanto
1654 2709 1805 2740 codicum
1823 2709 1981 2740 dissensu
2007 2707 2175 2741 lubrie-um
2191 2713 2227 2740 88
2237 2703 2263 2750 ξ

1296 2757 1428 2797 dicare,
1458 2766 1539 2788 num
1566 2754 1703 2802 ἀνδρεία
1728 2766 1770 2787 an
1796 2753 1917 2800 ἀνδρία
1934 2754 2060 2787 rectius
2077 2754 2132 2794 sit,
2160 2750 2250 2795 inp'

1298 2814 1374 2836 cum
1399 2805 1480 2836 adeo
1506 2813 1577 2835 raro
1603 2805 1706 2835 etiam
1732 2803 1821 2844 apud
1848 2803 1995 2834 scenicos
2020 2804 2136 2843 poetas
2169 2796 2255 2835 emm

1298 2861 1375 2891 vox⁷
1397 2855 1431 2883 et
1449 2852 1556 2883 sicubi
1583 2848 1602 2884 ι’
1627 2851 1848 2892 producatur,
1878 2849 2014 2881 defendi
2030 2848 2137 2890 possit
2163 2856 2181 2879 e
2214 2850 2256 2897 ²³4}

1299 2896 1424 2935 αἰκίας.
1462 2899 1580 2930 Varias
1599 2898 1671 2930 VV.
1694 2898 1771 2929 DI).
1794 2897 1982 2929 sententias
2009 2895 2163 2935 collegit,
2221 2890 2261 2924 5*

1298 2946 1404 2987 praef.
1434 2946 1474 2977 ad
1498 2946 1629 2977 Arrian.
1661 2949 1685 2977 t.
1709 2942 1738 2975 1.
1769 2954 1800 2985 p.
1823 2940 1868 2975 26
1886 2954 1958 2984 sqq.
2005 2943 2088 2974 Nam
2115 2940 2247 2974 Schn'

1299 2992 1400 3037 (Plat.
1422 2997 1446 3025 t.
1472 2990 1501 3024 1.
1522 3003 1556 3034 p.
1581 2989 1646 3024 115
1667 2992 1703 3023 B.
1726 2996 1750 3022 t.
1766 2989 1797 3023 3.
1819 3001 1852 3033 p.
1867 2987 1936 3023 582
1952 2991 1999 3034 E)
2014 2993 2151 3031 propter
2166 2996 2261 3023 mr..

1300 3041 1451 3072 codicum
1477 3040 1687 3071 mirationem
1716 3040 1771 3069 vix
1798 3039 1979 3079 quidquam
2005 3037 2153 3076 tribuas;
2184 3034 2223 3079 in
2245 3049 2251 3059 ι

1301 3097 1403 3119 sensu
1430 3088 1519 3119 enim
1546 3087 1706 3118 librorum
1732 3087 1761 3117 is
1788 3086 1838 3116 vel
1866 3085 2045 3116 manifesto
2073 3083 2156 3115 falsa
2178 3080 2249 3123 pr'q
2274 3103 2277 3109 ·

1301 3135 1394 3167 solet.
1425 3134 1574 3175 Utraque
1591 3135 1697 3165 forma
1713 3136 1873 3173 tanquam
1892 3131 2144 3164 substantivum
2167 3137 2209 3165 an
2226 3127 2252 3155 'T'

1300 3183 1400 3223 plane
1426 3181 1636 3213 destituitur.
1668 3180 1755 3212 Cave
1773 3181 1864 3211 enim
1889 3176 2008 3224 ἀνδρία
2033 3176 2193 3215 defendas
2215 3189 2259 3216 ,μ

1301 3229 1384 3260 catis
1410 3225 1535 3274 φατρία
1560 3231 1596 3259 et
1621 3224 1779 3273 φρατρία,
1808 3237 1891 3268 quav
1921 3235 1984 3257 non
2003 3225 2202 3256 abstractam

1303 3280 1439 3316 vocant,
1470 3275 1527 3307 sed
1553 3277 1737 3306 concretam
1762 3273 2042 3314 significationem
2068 3271 2203 3306 habent.
2238 3281 2253 3305 ¹.

1302 3320 1439 3368 ἀνδρεία
1456 3322 1669 3354 scribendum
1688 3322 1839 3360 arbitror,
1862 3315 2258 3359 substantivumque1⁸1⁹>

1302 3370 1414 3409 synesi
1435 3370 1521 3401 vocis
1538 3366 1657 3412 ἡλικία
1675 3369 1725 3399 vel
1746 3365 1871 3414 ἀρετή,
1894 3367 1987 3399 velut
2004 3363 2134 3411 ἀνδρία,
2155 3364 2183 3396 si
2200 3369 2261 3408 '⁹⁹‘-
