2288 3600
44 219 54 229 Μ
102 175 149 215 «Ρ,
170 169 387 216 θοι-983]

38 291 76 319 3-
112 279 207 311 ribus
223 278 427 319 delibamus,
458 289 544 320 quae
569 280 685 319 quaeri
703 283 844 321 possunt
868 281 903 312 in
922 280 1064 312 vocabu-

37 327 88 370 ζιῖ;
119 323 307 372 δύσμορος,
341 323 534 372 δυστυχής,
564 323 787 367 δυστάλαινα,
820 324 946 367 τάλας,
976 324 1065 372 τλή-

35 376 53 414 :zi
166 370 277 419 φίλος.
306 373 382 404 Alia
397 373 470 404 eius
490 373 746 413 significationis
765 375 931 415 exempla,
960 373 988 407 ὦ
1004 377 1065 406 aut

35 417 210 453 ιἰἲ-ιιιιιιιιι
235 422 293 452 aut
316 420 391 451 aliis
415 420 589 460 particulis
613 421 805 460 colligatum
828 422 1060 460 monstrantia,

47 472 128 501 mox
144 476 361 508 apponemus.
785 465 836 511 (ΙΙ
854 477 886 509 p.
908 464 988 507 981,
1009 465 1064 512 5.)

39 512 45 526 ³
119 511 154 547 2.
183 514 415 555 Amplifz'catur
443 514 479 546 id
511 515 705 547 sententiae
734 525 861 555 genus,
894 518 932 548 ut
967 516 1063 556 plura

70 561 151 594 erbo
165 562 202 593 in
220 561 353 593 modum
365 587 372 601 ‚
400 571 502 602 quem
519 563 664 602 primum
681 563 875 603 posuimus,
903 563 1067 602 colligenw

34 617 58 654 χιχ,
76 618 118 640 ιι.
138 607 167 642 ὦ
185 603 281 641 πόλλ’
302 606 369 653 ἐγὼ
388 606 582 666 μοχθηρός,
603 608 631 642 ὠ
649 608 768 654 πικρὸς
786 606 880 646 θεοῖς
894 609 956 641 Ph.
977 606 1058 641 254.

24 667 71 682 Ἰι·
103 652 228 701 φέγγος
255 651 360 688 ὕπνου
387 654 482 690 διαὸο
500 667 547 702 ὴον
573 654 611 689 τό
637 650 666 689 τ’
686 653 834 690 ἐλπίδων
851 653 992 690 ἄπιστον
1010 654 1063 689 οἰ·-

72 699 211 748 ούρημα
232 699 339 735 τῶνδε
363 706 431 736 τῶν
457 700 473 742 ξ
493 713 560 735 νων
585 699 665 735 867.
702 703 729 736 ὦ
756 701 876 749 μιαρὸν
900 700 988 748 ἦθος
1004 702 1062 736 ’καὶ

76 747 209 786 ναικὸς
227 746 364 794 ὕστερον
382 750 464 783 Ant.
485 747 564 782 746.
586 749 613 783 ὦ
631 748 729 783 πόνοι
753 748 883 795 βροτῶν
902 748 1063 784 δύσπονοι

16 840 17 843 ¹
39 798 41 829 3
70 792 142 829 276
159 806 205 828 ιιι.
233 795 262 830 ὦ
278 800 346 829 τῶν
362 795 523 831 ἁπάντων
542 795 586 838 δὴ
605 794 789 839 θεαμάτων
807 795 887 841 ἐμοὶ
904 795 1062 843 ἄλγιστον

24 842 103 883 imi.
125 839 204 900 992.
241 843 269 876 ὦ
287 841 400 876 πολλοὶ
425 843 467 888 δὴ
493 843 552 898 καὶ
569 842 684 901 θερμὰ
700 842 758 901 παὶ
782 842 894 899 λόγων
909 843 1001 902 πέρα

80 887 542 974 tssssiss‘oiff‘i'ssi'aifug'
553 890 1062 983 πῖσὲἒῖἰίιξέἒλᾶἶθὲἶιῗέἆ

23 995 51 1011 ³2
92 982 187 1019 8050’
219 981 363 1031 ἐχθίστα
396 983 439 1030 δή
467 996 524 1029 μοι
557 986 609 1017 El.
636 982 767 1018 201111.
811 986 839 1019 ὦ
858 983 1014 1023 Πέλοπος
1040 983 1062 1019 ἁ

30 1028 196 1077 &photiae
224 1029 418 1069 πολύπονος
445 1030 563 1065 ἱππεία
586 1029 654 1064 504
673 1033 723 1064 ch.
765 1032 793 1066 ὦ
819 1027 906 1078 σῶμ’
930 1031 1061 1077 ἀτίμως

22 1075 188 1123 ’.ἀθέως
205 1075 424 1124 ἐφθαρμένον
444 1076 540 1111 1181.
570 1079 598 1112 ὦ
615 1077 762 1113 πλεῖστα
780 1084 889 1125 μῶροι
901 1079 960 1113 καὶ
978 1090 1062 1125 φρε-

32 1126 117 1158 ,”ν
140 1125 333 1172 τητώμενοι
362 1123 463 1159 1326.
479 1153 487 1166 ,
527 1127 694 1167 siquidem
724 1128 873 1159 tenenda
891 1128 1062 1159 distinctio

42 1186 63 1201 ·=
84 1173 197 1205 axima
210 1200 217 1214 ,
247 1182 345 1214 quam
364 1174 399 1204 in
418 1174 604 1205 Hermanni
629 1174 777 1205 editione
796 1175 907 1206 nescio
924 1184 965 1206 an
984 1185 1060 1206 casu

20 1230 64 1263 754·
79 1221 189 1253 mitam
209 1220 386 1252 videmus:
415 1221 488 1260 sin,
518 1221 690 1252 vocativus
708 1222 907 1262 alloquentis
924 1223 1007 1261 erit,
1033 1221 1061 1254 ὦ

20 1265 175 1312 ²‘2³”‘'*·‹]·tov
192 1264 324 1311 ἀνδρῶν
341 1265 399 1300 ’καὶ
415 1265 632 1312 ταλαίπωρον
650 1266 747 1312 γένος
770 1269 834 1300 inc.
856 1270 896 1300 fr.
918 1266 1004 1308 682,
1029 1266 1056 1300 1.

34 1314 142 1347 istaec
170 1315 281 1346 omnia
305 1316 613 1355 contemplationem
638 1315 762 1347 habent
779 1319 837 1347 aut
852 1317 1062 1347 mirationem

27 1359 111 1402 {snt
125 1362 397 1393 exclamationem
421 1366 534 1394 nostro
560 1363 670 1393 animo
694 1363 788 1403 quasi
815 1363 967 1394 auditore
990 1364 1061 1394 sive

35 1426 49 1439 ι
62 1409 139 1450 1Ῑιιιιί
157 1418 216 1441 nos
234 1410 354 1440 factam
379 1409 488 1450 ipsos,
517 1412 552 1440 et
574 1413 686 1450 potest
705 1410 824 1441 Latine
847 1411 1060 1441 accusativus

38 1457 67 1493 {⁴:-
97 1456 263 1488 clamandi
281 1456 461 1488 substitui:
491 1457 552 1488 heu
567 1466 618 1487 me
636 1458 812 1488 miserum!

53 1511 73 1538 ·,
119 1499 151 1535 3.
182 1503 267 1535 Cum
285 1504 509 1543 imperativis:
542 1503 570 1536 ὦ
588 1497 693 1549 χαῖρ’,
721 1497 845 1538 Ἀθάνα
872 1504 924 1545 Ai.
946 1500 1002 1535 91.
1032 1503 1060 1536 ὢ

40 1564 43 1566 ·
74 1545 153 1595 αἶρ’,
182 1547 313 1584 ἄνασσα
332 1550 383 1581 El.
405 1547 486 1583 666.
530 1550 558 1583 ὦ
585 1548 727 1584 ἀκούετε
746 1552 788 1582 fr.
817 1551 923 1582 Acris.
942 1547 1001 1588 58,
1027 1548 1057 1582 1.

32 1589 68 1633 2³-
91 1591 179 1643 ἀμφ’
194 1595 281 1642 ἐμοῦ
299 1594 430 1630 στεῖλαι
449 1598 543 1630 Niob.
565 1598 605 1629 fr.
626 1595 707 1630 393.

34 1656 56 1671 ι
75 1687 77 1690 Α
118 1641 152 1676 4.
180 1645 219 1675 In
236 1643 391 1684 formulis
407 1644 610 1684 obtestandi,
645 1645 681 1676 in
699 1646 823 1686 quibus
848 1655 909 1676 nec
928 1654 1060 1686 semper

23 1691 269 1733 ’λιιιΡοι-είίνιιε
282 1692 392 1731 inest,
413 1701 475 1724 nec
487 1717 494 1728 ,
517 1693 545 1723 si
563 1696 626 1731 est,
647 1702 723 1723 cum
740 1692 768 1725 ὢ
787 1693 972 1723 necessario
991 1692 1060 1723 col—

27 1741 183 1778 fatur.
219 1738 247 1772 ὦ
271 1736 354 1781 πρὸς
373 1735 462 1771 θεῶν
480 1736 598 1772 ὕπεικε
621 1739 675 1770 Ai.
698 1736 778 1772 371.
816 1738 843 1771 ὦ
869 1737 953 1783 πρὸς
972 1736 1061 1772 θεῶν

17 1795 242 1829 vgmoreueov,
270 1782 454 1825 Οἰδίπους,
482 1784 562 1819 τάδε
586 1785 644 1818 0Ιί
668 1783 748 1817 646.
785 1786 813 1819 ὦ
840 1784 924 1830 πρὸς
955 1783 1058 1825 θεῶν,

21 1828 132 1882 ’Ξᾏφὸς
150 1831 278 1876 μητρὸς
294 1829 318 1877 ἢ
335 1831 481 1877 πατρός;
512 1832 653 1878 φράσον.
678 1830 778 1865 1037.
954 1837 956 1840 ’

117 1879 157 1912 Β.
185 1878 214 1912 ὧ
232 1889 307 1911 cum
322 1881 470 1912 vocativo
488 1880 680 1921 alloquendi
697 1880 830 1912 dietum.

24 1959 43 1966 ,
122 1923 151 1958 1.
191 1927 275 1959 Cum
308 1928 409 1958 unius
432 1929 577 1959 nominis
602 1928 762 1959 vocativo.
805 1927 931 1958 Inutile
962 1929 1058 1965 soret,

16 1974 203 2015 <exempla
219 1974 343 2005 iterum
359 1984 527 2015 apponere
555 1976 591 2005 in
620 1975 787 2006 vocabulis
812 1971 919 2012 ἅναξ
944 1972 1008 2016 (ibi
1027 1985 1056 2005 v.

16 2016 82 2052 ‘st
97 2020 139 2052 de
156 2019 281 2063 ὦναξ),
310 2018 439 2067 ἀνήρ,
468 2018 729 2066 ἄνθρωπος,
766 2019 893 2066 γυνή,
923 2018 1058 2061 Ζεύς,

79 2065 169 2108 εός,
212 2065 498 2113 κασίγνητος,
542 2066 685 2107 ξένος,
730 2069 852 2107 παῖς,
896 2066 1056 2113 πατήρ,

15 2110 192 2155 όλις,
229 2113 383 2155 πόποι,
421 2114 611 2160 σπέρμα,
645 2113 802 2149 τέκνον
836 2116 992 2155 collecta3
1022 2125 1060 2146 eo

19 2160 151 2198 'tur
168 2165 368 2203 quaerentes
395 2163 593 2202 relegamus.
634 2163 727 2201 Quae
748 2163 934 2194 vocativum
958 2163 1061 2193 itera-

18 2202 120 2240 saum
137 2212 342 2247 monstrant,
371 2209 465 2241 velut
489 2209 517 2242 ὦ
537 2211 600 2242 παῖ
616 2211 680 2242 παῖ
692 2235 699 2248 ,
729 2213 844 2250 postea
861 2219 1061 2241 commemo-

19 2256 204 2300 ζὲιιὴίιιιιιε.
233 2256 347 2287 Unum
366 2256 420 2287 hic
437 2257 629 2297 ponendum
649 2260 700 2288 est
717 2256 745 2289 ὦ
762 2255 837 2289 τάν
864 2266 889 2287 S.
915 2250 924 2262 ³
936 2254 1012 2288 τάν
1030 2266 1056 2287 s.

18 2303 135 2336 Δπᾶν.
167 2303 280 2335 Herm.
304 2303 338 2334 in
358 2303 494 2335 Bacchis
508 2300 587 2335 794.
625 2304 777 2335 inaudito
802 2304 896 2334 modo
915 2304 1061 2343 scripse—

26 2344 116 2392 hat,
144 2350 281 2381 inflexis
305 2351 498 2382 accentibus
522 2351 670 2390 duobuS,
710 2350 812 2382 ὼτᾶν.
847 2350 1007 2381 Matthiae
1026 2351 1061 2380 in

19 2395 180 2440 &jdendo
206 2397 370 2436 Euripide
390 2398 485 2428 modo
503 2397 530 2429 ὦ
548 2396 609 2430 τάν
635 2396 783 2440 (lleracl.
814 2394 933 2438 321.),
967 2397 1062 2428 modo

27 2461 40 2474 ι
50 2452 70 2471 ἰι
88 2436 165 2476 ”τάν
183 2444 277 2474 dedit
293 2442 442 2486 (Heracl.
459 2441 572 2487 6870,
595 2445 790 2475 Dindorflus
808 2443 835 2476 ὦ
852 2445 926 2483 τᾶν,
951 2445 1061 2475 Brun-

22 2489 48 2534 Qu
75 2490 144 2522 ius
170 2490 197 2523 ὦ
219 2483 312 2531 ’τάν,
341 2491 480 2522 Wolflus
507 2492 540 2522 in
560 2491 644 2522 Plat.
666 2492 752 2532 apol.
775 2491 861 2523 Socr.
892 2501 924 2530 p.
947 2488 1002 2522 32.
1032 2490 1060 2522 ὧ

28 2534 120 2574 ”ν.
148 2538 313 2569 Veterum
342 2539 529 2569 eommunis
556 2541 608 2569 est
632 2538 830 2570 scholiastae
858 2539 940 2569 l'lat.
970 2538 1056 2578 apol.

65 2584 136 2625 pud
163 2584 441 2616 Siebenkeesium
470 2595 503 2625 p.
532 2582 565 2617 4.
591 2582 623 2617 5.
669 2585 789 2617 Suidae
818 2588 852 2616 et
881 2585 1059 2615 Phavorini

24 2639 179 2676 ..gv-uno,
206 2631 374 2672 longeque
399 2631 464 2663 illis
490 2632 646 2663 doctioris
668 2632 874 2664 Philemonis
903 2641 936 2672 p.
961 2628 1056 2670 132„

89 2677 188 2709 'mam
206 2679 464 2718 inflectendam,
493 2679 600 2713 ὼταν.
640 2689 715 2710 nam
733 2679 867 2718 signum
887 2682 1060 2718 praeterea

24 2733 175 2756 raseos
207 2725 324 2764 adiici,
363 2718 464 2758 ὢ’τᾶν
476 2751 484 2764 ,
519 2726 577 2756 vix
604 2726 737 2766 poterit.
779 2726 996 2764 Etymologus
1021 2735 1054 2765 p.

25 2769 66 2801 “³2
95 2767 128 2811 5,
153 2769 206 2804 15.
235 2772 389 2803 ultimam
408 2773 551 2804 inflectit
569 2771 659 2805 ὢτᾶν
673 2798 681 2812 ,
710 2773 797 2804 ultro
815 2773 953 2811 addens,
974 2781 1059 2812 quae

18 2812 269 2863 f‘durimorum
285 2819 443 2850 librorum
461 2820 715 2851 consensionem
737 2820 925 2859 significare
942 2819 1060 2850 viden-

38 2869 104 2908 1ιιι·
121 2866 325 2909 περισπᾶται
344 2863 390 2905 δέ,
413 2863 551 2910 ὄφειλον
570 2863 759 2904 ὀξύνεσθαι.
790 2867 938 2897 Tertiam
957 2866 1058 2896 ratio-

24 2911 126 2947 Rem
141 2912 342 2952 Apollonius
360 2914 500 2944 suadere
521 2913 715 2953 videbatur,
744 2916 785 2944 ut
806 2914 886 2944 olim
916 2922 959 2943 ex
978 2913 1061 2944 libro

32 2957 141 2990 lius
165 2959 206 2990 de
230 2959 386 2991 adverbio
409 2964 568 3001 excerpta
594 2961 807 2998 ferebantur,
844 2959 872 2991 ὦ
898 2952 986 2991 ’τοίνε
1025 2970 1056 2989 v.

25 3006 157 3042 mturz.
202 3006 242 3037 de
268 3006 345 3038 dial.
376 3007 559 3039 Alexandr.
596 3017 629 3047 p.
666 3004 743 3038 181.
772 3007 862 3037 Bast.
895 3006 933 3037 ad
959 3006 1056 3045 Greg.

25 3053 58 3095 ³3}
82 3061 123 3083 ιι.
143 3053 218 3084 add.
241 3063 274 3094 p.
295 3050 398 3092 904.;
428 3057 463 3086 et
480 3055 634 3094 sequitur
651 3063 723 3084 eam
744 3053 841 3084 Eust.
868 3062 900 3093 p.
922 3049 980 3093 24,
1003 3049 1056 3085 17.

24 3096 174 3142 [fffserum
204 3109 296 3131 nune
324 3100 413 3131 edita
445 3103 514 3131 tota
544 3101 712 3140 Apollonii
739 3100 968 3140 disputatione
1001 3097 1060 3141 (de

76 3155 122 3177 ιν.
150 3155 184 3186 p.
206 3142 294 3186 569,
319 3143 358 3177 11
378 3146 471 3187 sqq.)
494 3148 720 3178 certissimum
747 3150 798 3178 est
824 3147 1059 3185 Etymologum

65 3204 100 3219 .ι;
132 3201 174 3223 ex
200 3193 366 3224 uberrimo
397 3194 585 3225 doctissimi
611 3194 755 3225 hominis
785 3203 875 3233 penu
905 3193 1060 3233 deprom-

106 3248 168 3271 e.
201 3239 234 3270 Is
261 3240 351 3270 enim
378 3250 452 3271 cum
471 3241 684 3281 Tryphonem
708 3241 909 3278 refutasset,
936 3240 994 3279 qui
1016 3249 1058 3270 ex

22 3301 23 3311 ι
59 3285 168 3330 *fleri
185 3286 378 3318 decreverat
403 3286 475 3320 ὦτα
498 3291 532 3318 et
550 3286 660 3326 ὦταν,
691 3287 853 3318 advocans
870 3286 1059 3317 dissimilli-

39 3333 42 3335 ’
60 3350 72 3368 ,ι
107 3341 139 3363 m
156 3330 200 3377 δή
217 3336 252 3364 et
267 3330 372 3377 δῆτα,
401 3334 490 3374 quod
507 3343 568 3365 nec
585 3345 602 3366 ν
629 3334 774 3365 assumit
792 3343 939 3373 unquam
960 3343 1021 3364 nec
1038 3344 1059 3365 α

93 3380 216 3419 uueit,
245 3379 380 3419 Didymi
405 3381 607 3412 sententiam
635 3382 790 3421 sequitur
815 3389 858 3411 ex
887 3377 966 3424 ἔτης
986 3381 1058 3411 fieri

24 3452 26 3455 ,
65 3432 144 3466 -ιιῖν,
171 3429 210 3458 ut
227 3429 386 3473 μεγιστᾶν
405 3437 431 3459 s.
454 3425 634 3473 μεγιστάν,
662 3431 699 3460 et
723 3427 830 3459 videri
854 3427 955 3459 etiam
978 3429 1058 3461 νεᾶν

24 3578 28 3593 z
32 3571 60 3592 »δῖ’

1034 158 1099 198 *0

1063 195 1098 211 hu

2014 163 2113 211 795

1101 280 1208 311 fuisse
1226 280 1422 312 vocabulum
1450 290 1491 311 ex
1509 277 1585 317 νέος
1611 289 1808 320 procusum,
1837 279 1926 311 unde
1952 281 2062 316 νεᾶνις
2080 283 2115 311 et

1100 324 1274 364 νεανίσκος
1300 328 1363 368 situ,
1391 327 1556 359 inflexum
1589 331 1702 358 autem
1731 330 1905 358 accentum
1935 327 2114 367 quominus

1101 374 1178 414 quis
1206 375 1418 406 librariorum
1445 375 1546 406 errori
1578 374 1722 414 tribnat,
1756 374 1911 414 prohibet
1933 374 2115 415 explicatio

1100 422 1140 453 ab
1157 422 1233 453 aliis
1250 422 1388 453 incertis
1405 422 1594 453 auctoribus
1611 422 1792 462 proposita,
1812 421 1997 461 improbata
2010 421 2116 462 Apol-

1099 468 1187 500 lonio
1203 469 1277 509 ipso
1291 492 1299 508 ,
1320 478 1385 500 non
1403 472 1516 500 tamen
1534 471 1573 500 ut
1598 471 1736 508 negaret
1753 471 1843 500 recte
1861 468 2007 508 inflecti5
2042 469 2114 500 aie—

1100 516 1181 547 bant
1196 515 1266 554 illi,
1295 516 1513 547 Doriensium
1532 525 1606 547 esse
1625 515 1715 548 ὠτᾶν
1732 515 1914 556 ellipticam
1933 515 2112 547 dictionem

1100 572 1158 604 pro
1175 561 1203 595 ὦ
1220 566 1289 595 τῶν
1302 563 1481 595 subaudito
1494 559 1649 607 ἑταίρων.
1679 562 1871 595 Scribonius
1884 562 1989 602 igitur
2005 561 2108 602 ὠτᾶν,

1101 619 1162 641 nec
1186 613 1238 641 est
1261 610 1344 641 ratio
1370 609 1451 641 adeo
1469 610 1634 651 simplex,
1662 619 1699 640 ac
1716 610 1864 649 Reisigio
1890 609 2002 640 visum
2018 606 2115 652 [con-

1099 657 1177 688 iect.
1199 666 1232 698 p.
1253 653 1370 700 2170,
1410 655 1437 689 ὦ
1462 651 1533 689 ’τάν
1560 657 1727 688 suadenti.
1772 656 1841 688 Nec
1870 656 1911 688 de
1938 653 2112 702 μεγιστάν,

1098 701 1196 743 νεάν,
1224 700 1324 742 ξυνάν
1349 704 1509 735 acuendis
1538 705 1767 744 pugnaturum
1785 703 1999 744 Apollonium
2018 703 2115 735 credo

1099 749 1145 793 (v.
1170 751 1248 782 Lob.
1272 751 1312 782 ad
1331 751 1453 790 Phryn.
1474 761 1509 791 p.
1533 747 1650 792 196),
1679 751 1714 782 id
1739 751 1830 782 enirn
1849 751 1984 790 agebat,
2017 753 2056 782 ut
2072 751 2113 782 de

1101 798 1268 829 vocabulis
1298 798 1450 839 quamvis
1483 798 1626 838 penacui
1658 801 1718 829 aut
1749 798 1953 838 propenacui
1989 798 2110 838 solitis,

1100 845 1194 876 velut
1211 842 1290 889 ἔτης
1303 872 1310 886 ,
1330 843 1406 882 νέος
1419 871 1426 884 ,
1455 842 1612 889 μέγιστος
1629 845 1710 876 talia
1728 845 1946 884 proseminati
1964 845 2109 886 doceret,

1097 901 1183 932 quae
1214 893 1247 922 in
1278 892 1397 924 ultima
1426 896 1574 923 tenorem
1601 894 1774 931 geoerent3
1803 901 1918 923 verum
1945 894 2013 923 tota
2037 892 2112 924 eins

1099 939 1202 970 oratio
1219 939 1314 970 docet
1330 939 1370 970 de
1388 940 1513 970 inflexo
1529 942 1668 970 accentu
1683 964 1691 978 ,
1718 939 1776 979 qui
1800 939 1834 970 in
1861 939 1956 970 libris
1983 942 2113 980 prosta-

1100 990 1150 1017 ret
1162 1011 1169 1025 ,
1191 986 1391 1026 explicando
1409 986 1561 1018 homines
1579 986 1797 1027 quaesivisse.
1824 1004 1860 1008 -·
1882 985 1973 1018 ὢτᾶν
1991 986 2114 1026 legitur

1099 1042 1152 1073 ap.
1188 1033 1288 1073 Soph.
1321 1030 1498 1065 0111145.
1528 1033 1588 1065 Ph.
1613 1030 1713 1065 1387.
1750 1030 1824 1076 [LA
1850 1033 1959 1074 priore
1985 1034 2055 1065 loeo
2083 1033 2111 1067 ὧ

1094 1076 1169 1112 ’τᾶν
1183 1104 1190 1118 ,
1219 1080 1321 1111 altero
1338 1079 1366 1112 ὢ
1383 1081 1444 1113 τᾶν
1462 1090 1505 1111 m.
1527 1090 1593 1112 sec.
1610 1104 1618 1120 ,
1639 1079 1666 1112 ὦ
1684 1077 1745 1112 τὰν
1765 1090 1807 1112 m.
1833 1078 1902 1123 pr.]

1168 1124 1201 1159 2.
1233 1127 1317 1158 Cum
1335 1129 1483 1159 vocativo
1507 1127 1703 1158 substantivi
1727 1130 1758 1158 et
1782 1127 1944 1159 adia-tivi.
1986 1128 2113 1166 Legiti-

1101 1184 1190 1205 mum
1217 1174 1352 1214 quidem
1380 1184 1457 1206 enm
1486 1175 1663 1214 utriusque
1687 1174 1794 1206 locum
1819 1175 2005 1206 existimari
2034 1185 2114 1206 con—

1100 1224 1299 1252 sentaneum
1325 1225 1395 1261 est,
1430 1224 1468 1252 ut
1497 1221 1701 1252 adiectivum
1726 1222 1920 1261 praecedat,
1953 1226 2114 1262 sequatur

1099 1268 1362 1300 substantivum.
1392 1268 1419 1300 ὢ
1433 1266 1580 1311 λιμένες,
1602 1267 1630 1300 ὢ
1646 1265 1858 1312 προβλῆτες,
1941 1268 1969 1300 ὦ
1983 1279 2115 1314 καταρ-

1100 1319 1208 1359 ρῶγες
1226 1313 1346 1361 πέτραι
1363 1316 1424 1349 ΡΙ).
1446 1312 1526 1347 936.
1552 1315 1580 1347 ὡ
1599 1325 1743 1360 πατρῳα
1759 1318 1803 1360 γῆ
1826 1313 1924 1347 1040.
1946 1315 1973 1347 ὼ
1992 1315 2114 1349 πταναὶ

1100 1360 1204 1407 θῆραι
1221 1367 1385 1407 χαροπῶν
1411 1359 1437 1395 τ’
1467 1360 1553 1406 ἔθνη
1579 1358 1697 1406 θηρῶν
1726 1359 1815 1394 1146
1834 1373 1876 1394 m.
1914 1362 1942 1394 ὦ
1973 1362 2114 1407 στυγνὸς

1100 1407 1182 1442 αἰών
1204 1406 1303 1442 1348.
1333 1409 1360 1442 ὦ
1380 1407 1512 1454 μεγάλα
1529 1407 1627 1453 φάτις
1645 1409 1701 1442 Ai.
1725 1406 1790 1441 173
1809 1410 1861 1441 ch.
1890 1409 1918 1442 ὦ
1937 1405 2002 1455 φίλ’
2023 1406 2110 1447 Αἴας

1099 1453 1179 1488 529.
1209 1457 1236 1489 ὦ
1255 1454 1373 1489 κλεινὰ
1391 1453 1545 1500 Σαλαμίς
1564 1453 1632 1487 596
1651 1457 1702 1487 ch.
1733 1456 1760 1488 ὦ
1778 1454 1910 1500 τλᾶμον
1928 1455 2035 1502 πάτερ
2045 1455 2106 1488 641

1099 1505 1149 1535 ch.
1180 1505 1246 1535 nisi
1264 1504 1336 1543 hoc,
1359 1507 1398 1535 ut
1416 1513 1517 1544 supra
1535 1503 1688 1542 fecimus,
1711 1504 1752 1534 ad
1774 1505 1912 1544 primam
1931 1503 1959 1536 ὢ
1979 1505 2113 1536 dicendi

1099 1551 1261 1582 rationem
1289 1551 1444 1582 refertur.
1478 1550 1588 1582 Possit
1607 1554 1720 1581 tamen
1738 1551 1839 1582 etiam
1868 1551 1915 1582 ita
1937 1551 2004 1582 dici
2022 1553 2112 1591 cogi-

1099 1599 1181 1633 tari.
1216 1602 1257 1630 ut
1286 1601 1415 1638 patrem
1443 1599 1540 1638 quasi
1568 1601 1783 1638 praesentem
1817 1597 2042 1637 alloquantur.
2084 1598 2113 1632 ὦ

1099 1643 1177 1678 δαΐα
1208 1642 1389 1688 Τὲκμεσσα
1415 1641 1494 1676 784.
1539 1644 1566 1676 ὦ
1585 1638 1716 1690 φίλτατ’
1750 1641 1837 1681 Α’ίας
1861 1642 1940 1677 977.
1967 1642 2047 1678 996.
2084 1645 2113 1678 ὦ

1099 1688 1285 1725 δυσθέατον
1303 1688 1401 1735 ὄμμα
1421 1688 1522 1723 1004.
1558 1693 1624 1723 nisi
1642 1692 1703 1723 hoc
1721 1692 1907 1723 mirationis
1925 1693 2036 1732 potius
2055 1693 2113 1724 ha-

1098 1740 1264 1771 bendum:
1307 1749 1337 1769 v.
1372 1739 1453 1770 Lob.
1486 1738 1514 1771 ὼ
1545 1736 1642 1784 φιλία
1669 1735 1815 1796 γενέθλα
1842 1739 1895 1770 El.
1915 1736 1984 1770 226
2003 1750 2046 1771 m.
2083 1739 2112 1773 (ἶ)

1099 1784 1242 1819 δύσθεον
1262 1784 1396 1830 μίσημα
1413 1782 1493 1817 289.
1523 1785 1550 1817 ὼ
1571 1781 1675 1818 Λύκει
1697 1778 1875 1819 ’Ἄπολλον
1896 1782 1975 1817 655.
2007 1783 2109 1820 1379.

1098 1833 1125 1865 ὼ
1143 1831 1268 1878 γθονία
1287 1831 1437 1877 βροτοῖσι
1455 1830 1556 1876 φάμα
1576 1829 1663 1865 1066
1682 1833 1734 1865 cli.
1756 1832 1784 1865 ὧ
1802 1830 2006 1878 κασίγνητον
2023 1832 2114 1880 κάρα

1105 1874 1200 1912 1164.
1231 1879 1258 1912 ὦ
1278 1877 1439 1925 φίλτατον
1458 1883 1532 1925 φῶς
1554 1876 1652 1911 1224.
1683 1880 1747 1911 nisi
1770 1880 1829 1911 hoc
1846 1881 1990 1920 priorem
2008 1882 2109 1912 ratio—

1098 1937 1174 1958 nem
1185 1931 1326 1968 spectat.
1345 1926 1372 1959 ὦ
1382 1924 1540 1972 φίλταται
1556 1928 1713 1970 γυναῖκες
1728 1924 1827 1958 1227.
1854 1924 1953 1959 1398.
1983 1927 2011 1959 ὦ
2031 1925 2112 1973 φίλ-

1096 1985 1196 2007 τατον
1214 1978 1301 2019 φῶς,
1322 1973 1349 2006 ὦ
1369 1972 1474 2016 μόνος
1492 1972 1606 2018 σωτήρ
1620 1971 1720 2006 1354.
1743 1973 1771 2006 ὦ
1785 1971 1943 2020 φίλταται
1962 1973 2024 2018 μὲν
2033 1977 2112 2020 γεῖ-

1099 2032 1153 2065 ρες
1168 2018 1266 2053 1357.
1289 2019 1459 2054 ὦπότνιαι
1477 2018 1640 2057 ὃεινῶπες
1658 2020 1712 2052 OC
1731 2018 1788 2053 84.
1810 2021 1838 2053 ὢ
1856 2014 2113 2066 γλυκὺς”Αι’ὂας

1098 2068 1154 2100 Tr.
1183 2065 1272 2100 1040
1297 2079 1340 2100 m.
1372 2086 1412 2091 —
1449 2068 1575 2099 Verum
1603 2068 1741 2098 minime
1767 2068 1998 2108 infrequentia
2022 2071 2114 2101 eius-

1099 2116 1187 2147 modi
1205 2116 1360 2156 exempla
1377 2118 1476 2155 sunt,
1505 2125 1591 2155 quae
1610 2115 1862 2146 substantivum
1881 2116 2109 2147 interiectioni

1098 2163 1287 2194 subiectum
1303 2189 1309 2201 ‚
1330 2162 1452 2194 deinde
1471 2162 1621 2193 additum
1640 2162 1781 2202 insuper
1797 2162 1997 2193 adiectivum
2016 2173 2112 2195 mon-

1099 2213 1218 2242 strent.
1255 2211 1289 2241 Is
1314 2210 1391 2240 ordo
1409 2210 1634 2240 turbationem
1660 2209 1802 2248 legitimi
1821 2218 1899 2249 prae
1918 2219 1954 2240 se
1973 2210 2059 2241 ferre
2078 2215 2114 2242 et

1098 2257 1296 2288 insolentior
1321 2257 1402 2288 adeo
1427 2265 1499 2287 esse
1525 2256 1618 2287 visus
1643 2259 1695 2287 est
1721 2255 1900 2288 Schaefero
1926 2257 2002 2288 mel.
2034 2258 2107 2288 erit.

1097 2313 1130 2343 p.
1156 2300 1231 2334 114.
1249 2315 1256 2342 ς
1286 2304 1314 2334 is
1333 2313 1408 2334 vero
1433 2304 1473 2334 ab
1492 2303 1562 2334 Erf.
1586 2303 1729 2334 duorum
1747 2302 1916 2343 Sophoclis
1934 2305 2110 2345 exemplo—

1098 2360 1170 2381 rum
1189 2351 1395 2388 admonitus,
1426 2350 1549 2389 quibus
1567 2350 1664 2390 plura
1680 2353 1754 2389 post
1772 2350 1844 2390 ipse
1862 2350 1984 2381 adiecit
1996 2376 2003 2389 ,
2035 2345 2111 2390 gra—

1096 2398 1173 2428 vius
1192 2406 1310 2428 nomen
1331 2397 1452 2428 subiici
1465 2397 1648 2437 particulae
1667 2398 1910 2437 pronuntiavit,
1932 2398 2021 2437 quod
2036 2408 2110 2429 mox

1097 2444 1269 2475 intellexit
1287 2454 1329 2475 ne
1347 2445 1458 2484 ipsum
1476 2444 1613 2483 quidem
1632 2444 1761 2484 probari
1779 2453 1888 2484 posse.
1909 2445 2113 2489 Aceuratius

1097 2492 1256 2531 exposuit
1272 2491 1388 2522 Herm.
1411 2491 1451 2522 ad
1469 2491 1565 2522 llom.
1592 2490 1707 2529 hymn.
1730 2491 1841 2531 Apoll.
1865 2487 1941 2531 14.;
1972 2501 2033 2523 nec
2058 2495 2113 2524 ta-

1098 2547 1174 2569 men
1193 2538 1226 2568 in
1245 2539 1400 2569 omnibus
1427 2537 1595 2577 exemplis
1614 2547 1735 2568 sensus
1753 2538 1932 2569 discrimen
1953 2548 2107 2579 agnosco,

1097 2585 1157 2616 sed
1182 2586 1290 2625 poetis
1316 2585 1442 2624 aliquid
1468 2585 1503 2615 in
1528 2593 1567 2615 eo
1584 2594 1706 2624 genere
1730 2585 1897 2616 libertatis
1922 2585 2110 2617 eonceden-

1097 2631 1175 2662 dum
1205 2641 1279 2663 esse
1309 2632 1458 2673 arbitror.
1500 2630 1527 2663 ὦ
1557 2628 1629 2668 ξένε
1656 2627 1847 2676 Κεφαλλήν
1871 2631 1932 2663 Ph.
1962 2629 2039 2664 791.
2082 2633 2110 2666 ὦ

1097 2680 1219 2723 σχῆμα
1243 2676 1368 2722 πέτρας
1395 2675 1535 2710 δίπυλον
1554 2674 1634 2709 952.
1670 2677 1698 2710 ὡ
1723 2675 1819 2716 τόξον
1838 2675 1938 2724 φίλον
1959 2676 2048 2710 1128
2063 2689 2107 2712 m.

1097 2725 1124 2758 ὁ)
1149 2723 1248 2762 πόλις
1274 2722 1398 2769 πατρία
1418 2721 1506 2756 1213
1525 2735 1568 2756 m.
1603 2722 1647 2768 [ὦ
1675 2723 1772 2760 πόλις
1798 2725 1826 2757 ὢ
1844 2724 1971 2769 πατρία
1988 2724 2111 2770 Dind.]

1097 2771 1124 2804 ὦ
1143 2770 1264 2808 παῖδες
1282 2769 1413 2816 οἰκτροί
1439 2772 1496 2803 OR
1513 2769 1569 2803 58.
1599 2771 1626 2804 ὢ
1646 2766 1767 2817 σπέρμ’
1785 2769 1933 2816 ὅμαιμον
1952 2772 2007 2804 OG
2026 2770 2107 2805 330.

1097 2818 1124 2850 ὦ
1142 2816 1223 2862 λῆμῖ
1240 2817 1375 2855 ἀναιδές
1393 2815 1473 2850 960.
1504 2818 1531 2850 ὼ
1551 2822 1624 2862 φῶς
1642 2816 1787 2864 ἀφεγγὲς
1808 2815 1909 2851 1549.
1931 2819 1959 2851 ὦ
1976 2823 2110 2865 τροφῆς

1097 2863 1176 2909 ἐμοί
1193 2866 1247 2898 Ai.
1267 2863 1349 2897 863.
1382 2865 1410 2898 ὼ
1428 2863 1524 2910 ψυχὴ
1545 2862 1680 2910 σκληρά
1699 2867 1753 2897 Tr.
1779 2863 1868 2898 1260
1884 2876 1937 2898 an.
1974 2866 2002 2899 (ἶ)
2022 2866 2110 2912 φάος

1097 2910 1198 2955 ἁγνόν
1219 2913 1270 2943 ΕΙ.
1289 2910 1346 2943 86.
1376 2912 1403 2945 ὅ)
1422 2909 1497 2945 θεοὶ
1515 2911 1665 2956 πατοῷοι
1681 2910 1762 2944 411.
1784 2912 1811 2945 ὦ
1829 2909 1956 2958 θρέμμ’
1975 2911 2110 2951 ἀναιδές

1097 2956 1176 2991 622.
1214 2958 1241 2991 a
1268 2957 1374 3003 δέμας
1398 2957 1534 3005 οἰκτρόν
1556 2942 1656 2991 1l61.
1693 2959 1721 2992 a
1745 2958 1842 3004 γενεὰ
1861 2957 2006 2994 τάλαινα
2024 2957 2111 2993 1413

1097 3007 1148 3037 ch.
1170 3006 1265 3038 Idem
1283 3010 1345 3046 est,
1367 3017 1443 3038 cum
1461 3007 1713 3038 substantivum
1732 3007 1942 3047 appositione
1961 3008 2110 3039 additum

1097 3054 1262 3093 sequitur.
1301 3052 1328 3085 ὦ
1356 3047 1433 3091 ξεῖν’
1458 3051 1571 3095 ἀλῆτα
1588 3053 1642 3085 OG
1662 3050 1763 3085 1096.
1801 3054 1918 3086 Altera
1935 3055 2110 3086 vocabulo-

1097 3110 1170 3131 rum
1190 3100 1358 3131 collocatio
1375 3103 1427 3131 est
1445 3097 1534 3138 ὦναξ
1546 3092 1723 3133 ’Ἄπολλον
1741 3100 1799 3132 OR
1816 3097 1873 3132 80.
1903 3094 2110 3146 ιῖ)ναξ“Αιὸη

1098 3147 1151 3178 Tr.
1177 3143 1265 3178 1085
1284 3157 1328 3177 m.
1356 3147 1460 3178 Paulo
1477 3147 1574 3178 aliter
1588 3148 1689 3178 etiam
1707 3147 1925 3179 iudicandum
1943 3148 1983 3179 de
2001 3148 2112 3179 addito

1096 3193 1261 3225 adiectivo
1277 3197 1414 3233 gentem
1432 3197 1466 3225 et
1483 3197 1604 3225 terram
1623 3195 1845 3233 significante.
1875 3194 1903 3227 ὦ
1920 3197 1964 3251 γῇ
1982 3191 2113 3239 Φεραία

1094 3241 1159 3271 inc.
1183 3240 1222 3270 t'r.
1245 3237 1331 3280 758,
1357 3238 1408 3280 1.,
1431 3250 1622 3281 quanquam
1641 3241 1766 3272 dicitur
1791 3240 1818 3273 ὼ
1846 3237 1984 3286 Λημνια
2012 3239 2109 3288 γθών

1095 3287 1156 3319 Ph.
1178 3283 1258 3318 986.
1805 3285 1857 3330 (11
1874 3299 1907 3329 p.
1929 3285 2008 3329 983,
2027 3281 2109 3331 21.)

1165 3330 1196 3365 3.
1228 3332 1312 3364 Cum
1329 3335 1521 3372 pronomine
1538 3334 1679 3365 vocandi
1696 3334 1813 3366 indice.
1836 3334 1863 3366 ὦ
1879 3332 1997 3375 οὗτος,
2020 3332 2109 3373 Αἴας

1095 3381 1148 3412 Ai.
1170 3377 1226 3412 89.
1256 3379 1284 3412 ὦ
1303 3377 1422 3419 οὗτος,
1452 3377 1571 3420 οὗτος,
1601 3378 1765 3418 Οἰδίπους
1788 3381 1843 3413 OC
1864 3379 1963 3413 1627.

1163 3424 1196 3460 4.
1225 3426 1310 3460 Cum
1325 3428 1502 3468 participio
1519 3429 1663 3459 nominis
1690 3429 1886 3460 substantivi
1907 3439 2031 3462 munus
2049 3439 2107 3462 su—
