2288 3600
67 72 75 80 „
84 45 142 81 ,941
168 70 170 72 ι
205 76 207 79 .

59 127 320 205 nes-3904

9 280 11 282 ·
94 264 183 298 viter
198 262 395 295 immutavit
410 262 521 294 locum
538 261 644 294 Dind.
662 258 751 341 ἀνῆρ
762 287 771 302 ,
790 262 858 298 πᾶς
876 259 914 294 ὃν
933 258 1017 305 ἐζή-

59 307 172 346 ’πολ
191 306 305 344 zai-rb
331 319 384 347 αις
408 306 598 355 ἐπέβλεπον
622 319 656 341 v.
675 306 718 352 ζῆ
745 309 808 351 ος-]
853 308 1018 340 Advocati

100 359 203 392 etiam
225 360 350 399 potent
381 356 467 388 illud
484 356 567 388 Eur.
588 356 692 397 Hipp.
713 352 795 388 924.
839 353 1017 401 διάγνωσιν

2 407 7 449 ᾖ
97 408 164 446 ὤν,
184 401 275 441 ὅστις
291 397 319 437 τ’
335 399 473 448 ἀληθής
491 401 597 444 ἐστιν,
621 400 657 440 ὅς
670 412 706 435 τε
725 400 774 448 μὴ
793 399 908 449 φίλος;
931 401 1018 443 quod

93 451 331 491 interrogative
356 450 484 482 dictum
509 454 691 491 utrumque
717 449 875 490 exhibet,
895 448 1021 489 inpari

3 496 10 532 ’ζ
31 491 112 534 ’ἶσα
127 498 309 540 composita
331 497 526 539 pronomina
543 501 635 529 sunt.
669 496 739 528 Nec
755 497 868 537 aliter,
899 497 966 527 nisi
983 499 1022 527 ut

3 568 13 585 ,ι
50 556 103 588 4,ις
130 547 167 578 in
194 545 333 577 alterius
358 544 637 584 significationem
662 544 843 583 invaserit,
875 542 1022 582 intelligi

139 592 225 624 illud
240 591 352 623 Aiacis
371 587 478 623 1300:
509 589 547 628 ὃς
573 589 613 624 ἐκ
636 589 763 636 πατρὸς
784 587 845 634 μέν
868 588 938 634 είμι
955 585 1022 622 Τε-

85 642 174 676 ῶνος
197 637 324 685 γεγώς,
347 635 436 675 ὅστις
455 640 598 684 στρατοῦ
618 636 660 671 τὰ
675 630 782 684 πρῶτ’
805 633 1018 682 ἀριστεύσας,

4 685 15 728 ξ
35 685 104 732 ’ἠν
119 683 212 732 ἴσχει
229 682 383 724 ξύνευνον
403 682 546 732 μητέρα.
584 685 668 717 Nam
692 693 812 716 causae
837 683 1023 716 reddendae

4 720 64 783 ἐι
99 742 142 766 ne
175 732 305 774 species
337 732 473 773 quidem
498 732 567 763 ulla
590 732 790 764 ostenditur.
834 731 937 762 Recte
962 730 1023 762 hoc

2 799 10 822 χ
94 790 127 812 v.
147 780 339 822 perspexit,
359 788 560 820 quamquam
578 780 651 820 ipse
668 788 735 810 non
754 779 834 810 satis
851 779 886 809 in
904 778 1025 809 distin-

1 819 146 876 §bondo
162 830 279 860 cautus
290 851 297 865 ‚
319 827 377 867 qui
394 825 459 857 huc
475 826 669 858 adhibuerit
685 826 768 858 Eur.
788 825 861 857 Alc.
880 820 961 856 246.

83 870 116 906 6.
148 873 163 916 11
192 872 377 913 Singula
412 873 454 904 in
487 874 757 914 pronominis
790 882 870 904 usu
907 871 1025 903 adver-

2 921 118 968 'ss-vcda
133 920 287 953 ducimus
304 920 396 951 haec.
420 937 474 951 —.
495 931 524 952 a.
545 922 560 958 ΙΙ
577 917 595 953 ὅ
608 930 699 957 στις
716 920 902 960 generatim
919 919 1025 959 signi-

2 968 23 1010 'J
37 971 65 995 ιιι,
100 977 116 999 s
133 967 252 1008 aliquis
272 968 347 1008 qui,
368 968 395 998 ia
413 968 488 1008 qui,
515 969 622 999 omnis
641 969 696 1008 qui
719 967 743 998 i.
767 976 797 999 e.
819 975 895 998 cum
912 966 1024 1006 aliquo

5 1022 45 1069 ιη’
91 1015 201 1047 utonis
218 1014 341 1046 indicio
366 1015 582 1046 coniunctum
606 1015 751 1055 aliquem
775 1014 813 1045 de
838 1015 925 1045 certo
944 1022 1024 1054 quo-

6 1058 30 1069 ““
59 1077 73 1090 ι’
115 1070 275 1102 numero,
302 1061 469 1102 plurativo
495 1070 633 1093 numero
657 1061 871 1102 praecedenti
895 1069 1024 1092 accom-

11 1113 80 1144 ’«,..··ι
97 1109 158 1148 ri,
180 1117 248 1149 non
266 1112 337 1148 est,
359 1117 418 1140 cur
436 1108 580 1139 mireris.
609 1108 680 1140 Hoc
698 1108 794 1140 modo
811 1107 900 1148 quod
919 1106 1020 1149 Soph.

9 1160 25 1196 ’ᾗ
46 1165 56 1183 ‘-
85 1152 160 1189 tra
182 1152 247 1201 γὰρ
270 1151 411 1200 περισσὰ
434 1151 607 1200 κάνόνητα
633 1155 777 1200 σώματα
801 1153 934 1187 πίπτειν
960 1152 1025 1199 βα-

88 1212 115 1240 ις
132 1201 215 1247 πρὸς
233 1198 324 1236 θεῶν
348 1199 564 1248 δυσπραξίαις
584 1196 711 1248 ἔφασχ’
738 1199 756 1235 ὁ
775 1199 911 1246 μάντις,
934 1199 1024 1239 ὅστις

23 1272 51 1290 ,ι
66 1248 201 1296 ’ρώπου
813 1242 822 1255 '

16 1298 19 1301 ’
35 1313 75 1341 ,ιιι
102 1297 136 1330 εῖ
150 1297 206 1328 Ai.

13 1343 181 1386 „gemplis
209 1343 355 1375 fimavit
377 1343 525 1375 Brunck.
556 1343 599 1375 ad
628 1354 660 1375 v.
689 1340 768 1375 760.
814 1342 1024 1374 Contrarium

10 1391 94 1430 jc
110 1390 196 1432 quod
216 1390 356 1432 pluralis
373 1390 548 1431 sequitur:
583 1391 680 1422 cuius
698 1391 762 1422 etsi
779 1390 862 1421 ratio
879 1393 1020 1430 constat,

10 1427 218 1478 {wgularem
249 1440 362 1469 tamen
394 1438 655 1478 exspectaveris.
698 1434 785 1470 κλᾶε
810 1433 843 1469 δ’
873 1434 1024 1482 ὀργάνων

128 1481 308 1531 ψαύσειεν,
342 1480 394 1521 οἷς
418 1482 547 1531 ἐχρῆτο
574 1481 706 1518 δειλαία
730 1482 838 1530 πάρος
857 1483 912 1515 Tr.
941 1480 1021 1516 905.

60 1535 135 1563 ’.-.
163 1532 196 1563 b.
217 1531 232 1573 ΙΙ
255 1531 351 1564 Sient
369 1528 414 1569 ὅς
426 1558 434 1573 ‚
463 1540 657 1572 quanquam
681 1532 794 1563 minus
813 1532 1019 1572 frequenter,

12 1593 57 1613 ,ι
95 1588 129 1610 m
157 1578 407 1610 demonstrativi
435 1580 592 1610 omissum
620 1579 724 1610 alium
747 1582 895 1619 spectat,
923 1587 1023 1619 quam

12 1615 38 1650 'st'
59 1628 74 1654 ἰ
97 1625 209 1666 ipsum
226 1622 317 1662 ὅστις
334 1625 399 1656 diei
416 1625 580 1657 videmus.
623 1625 853 1657 Nominatz'vus
870 1625 914 1656 ad
930 1626 1023 1665 yeni-

14 1666 55 1714 25*
135 1673 299 1704 refertur:
336 1670 420 1718 πρὸς
446 1675 515 1705 τῶν
540 1670 712 1705 πνεόντων
739 1670 886 1718 μηδενὸς
904 1669 1022 1705 θανεῖν

14 1711 52 1722 ⁶
95 1744 104 1759 ,
133 1712 214 1752 ἀλλ’
239 1716 328 1756 ὅστις
344 1711 471 1753 “Artos
490 1717 654 1764 φθίμενος
678 1717 830 1765 οἰκήτωρ
847 1716 947 1752 πέλοι
964 1719 1020 1750 Τι·.

13 1762 120 1817 fimi.
155 1760 246 1803 όσῗτις
271 1763 308 1798 δὲ
323 1763 437 1812 τόλμῃ
455 1764 539 1810 πρὸς
555 1765 593 1799 τὸ
617 1763 723 1799 δεινὸν
743 1765 898 1812 ἔρχεται,
934 1763 1022 1811 ὀρθὴ

107 1809 134 1891 ἡ
160 1809 287 1859 γλῶσσ’
317 1810 427 1853 ἐστίν,
460 1810 617 1858 ἀσφαλὴς
643 1806 678 1845 δ’
704 1810 818 1850 ὁνοῦς
844 1812 959 1845 Oreus.
980 1813 1020 1845 fr.

14 1858 95 1901 '21:³⁹
141 1883 148 1891 .
188 1859 233 1891 Et
250 1859 292 1891 ad
320 1861 564 1891 accusativum:
605 1853 684 1893 οὐδ’
713 1858 803 1893 εἶδον
830 1858 919 1897 ὅστις
942 1857 986 1903 ἦν
1005 1857 1023 1892 ὁ

15 1906 105 1954 ψὴν
122 1907 204 1938 Ant.
225 1902 307 1938 239.
345 1904 384 1940 οὐ
410 1904 474 1952 γὰρ
499 1903 636 1940 ἐκπέλει
662 1909 800 1952 φρονεῖν
821 1900 906 1952 μέγ’,
936 1904 1023 1944 ὅστις

15 1948 140 1996 ’ψιλός
166 1951 236 1986 ἐστι
259 1957 327 1986 τῶν
352 1951 460 1991 πέλας
483 1950 563 1985 479.
604 1953 774 1985 Genitivus
799 1954 842 1985 ad
858 1955 1024 1985 accusati-

60 2020 63 2026 ι
104 2011 116 2031 .-
141 1997 196 2033 ἀεὶ
211 1997 255 2045 ζῇ
265 2001 373 2034 ταῦτα
385 2025 393 2039 ,
411 1998 546 2038 κούδεὶς
563 1997 652 2033 οἶδεν
671 1999 706 2041 ἐξ
723 1999 802 2034 ὅτου
819 1998 920 2047 ’φάνη
938 2002 1020 2033 Ant.

28 2084 30 2087 .
48 2044 96 2079 7.
117 2047 141 2078 i.
162 2057 191 2079 e.
211 2048 352 2088 τοῦτον,
380 2045 415 2087 ἐξ
432 2045 484 2080 οὔ.
512 2047 632 2086 Qualia
647 2049 676 2079 si
694 2048 838 2088 intelligi
856 2048 1025 2080 commode

17 2107 43 2131 -.
68 2098 177 2135 unt,
209 2093 249 2125 ad
275 2094 546 2134 interrogativam
576 2095 643 2126 vim
673 2096 877 2136 pronominis
906 2096 1023 2126 confu-

17 2160 48 2175 ιι
61 2141 176 2173 -ndum
193 2150 260 2172 non
277 2150 352 2173 esse
368 2141 527 2173 diximus.
565 2141 706 2173 Dativus
723 2142 766 2173 ad
781 2143 1025 2174 nominativum
1040 2130 1044 2192 l

27 2205 49 2228 ι,Ἰ
64 2210 66 2216 ι
84 2190 160 2220 tus:
189 2184 280 2221 ἀλλὰ
294 2185 397 2221 ταῦθ’
415 2186 481 2233 ὅτῳ
498 2185 582 2233 παρ’
608 2186 707 2221 οὐδέν
725 2187 814 2230 ἐστι,
866 2187 951 2221 ᾶστα
967 2188 1024 2222 τὸν

18 2233 65 2279 ἧν
108 2233 204 2281 φέρει
222 2235 280 2266 OR
296 2231 376 2267 982.
403 2235 461 2268 Ad
477 2237 678 2275 yenitivum:
706 2229 801 2269 ’κλᾶε
820 2234 838 2268 δ
871 2221 1024 2291 ὅργάνων

18 2297 37 2320 ις
68 2298 73 2309 1
118 2278 278 2327 ψαύσειεν
291 2307 298 2321 ,
327 2279 379 2318 οἷς
395 2280 434 2325 (i.
456 2291 486 2314 e.
506 2280 635 2315 τούτων
654 2279 722 2326 οἷς)
748 2280 874 2329 ἐχρῆτο
893 2280 1026 2316 οειλαία

18 2328 209 2382 ‘'g''l'r.
241 2325 321 2360 905.
361 2329 579 2360 Accusativus
607 2334 795 2370 spectatur:
837 2327 918 2383 0?an
929 2326 1026 2363 οἷσθ’

19 2405 42 2437 ³³²
72 2372 1009 2469 ύνίέκὲἒεδχοοιιςκῗιίὶςπξῗτιξιῗκςτόῗδῖεκᾶνξζνδὲδὲδεὲδῇίῗ
1014 2450 1021 2465 ,

24 2465 95 2511 ,’
119 2466 186 2514 ὅτῳ
214 2480 234 2514 γ
261 2479 320 2512 μοι
347 2467 499 2509 ξυνόντες
526 2467 716 2515 εὑρέθησαν
746 2468 874 2504 ἀνόσιοι
895 2469 1023 2505 τέκνων

21 2518 52 2544 i.
91 2511 170 2547 945.
199 2516 265 2549 Sed
283 2515 324 2547 ad
342 2525 459 2548 causae
476 2517 768 2549 circumlocutione
781 2518 930 2550 adhibita
947 2518 1023 2549 red-

20 2562 148 2597 ,mdae
167 2563 444 2603 significationem
460 2567 540 2595 ante
564 2565 741 2596 retulimus
759 2565 812 2596 Ai.
834 2562 915 2596 457.

22 2605 62 2647 ,ῥ’
89 2606 123 2641 7.
149 2608 164 2651 u
188 2610 257 2641 Iam
275 2609 554 2642 adverbiascentes
577 2612 782 2651 pronominis
805 2616 915 2651 partes
938 2621 1023 2643 enu-

21 2655 68 2681 &2
98 2665 198 2688 mus.
242 2657 369 2688 Horum
400 2658 642 2690 nominativum
673 2662 858 2690 monstrare
891 2659 1026 2690 videtur

22 2716 89 2730 ==···
113 2703 227 2743 ellipsi
243 2704 336 2735 verbi
353 2704 576 2744 substantivi,
603 2705 734 2745 quando
760 2703 822 2738 ὅτι
846 2706 1024 2745 superlati-

38 2780 58 2798 ι,
86 2749 221 2781 additur
240 2753 400 2791 quantum
415 2753 556 2783 maxime
573 2752 778 2790 significans.
806 2749 922 2793 ἄθεος,
942 2749 1025 2798 ἄφι-

90 2821 98 2837 ·
181 2794 742 2887 §3¹³5ss
759 2794 1025 2879 sevies

186 2855 249 2923 ὅτί(
262 2887 397 2936 πράξεις
427 2891 488 2922 Ph.
516 2887 584 2922 849
601 2892 653 2923 οΙι.
693 2893 755 2923 His
780 2857 1024 2932 signiilcatione

23 2937 122 2970 smus
139 2937 249 2968 simile
266 2940 318 2969 est
333 2934 433 2982 ἄγετέ
475 2931 484 2944 ’
510 2935 561 2970 ὅτι
575 2936 680 2984 τάχος
697 2940 779 2971 Ant.
802 2936 888 2971 1321
907 2950 952 2972 m.
982 2957 1023 2963 —

21 2977 23 2984 ’
74 2998 90 3006 -ι
113 2984 217 3017 tivum
234 2987 424 3024 sequuntur
441 2949 537 3018 ἕνθ’
562 2983 664 3018 ὅτου
691 2995 755 3026 qua
771 2985 810 3017 de
826 2995 928 3018 causa
945 2984 1026 3029 (qua

43 3062 56 3067 7,
75 3028 294 3073 σοιιιιιιοῐιισ);
335 3028 486 3072 δίδαξον,
517 3028 599 3065 ἀνθ’
628 3030 707 3065 ὅτου
731 3030 773 3065 τὰ
795 3034 854 3065 νῦν
872 3031 1028 3089 αἴσχιστα

21 3081 73 3107 ¹.
110 3087 158 3109 ων
186 3074 268 3123 ἔργα
297 3075 413 3122 δρῶσα
439 3076 617 3124 τυγχάνεις
635 3079 688 3111 El.
709 3075 788 3111 585.
833 3077 896 3113 οὐκ
914 3091 954 3113 αν
972 3078 1028 3118 ἐξ·-

38 3132 132 3160 ··ιιις
165 3120 332 3169 ἁμαρτίας
356 3121 485 3162 ὄνειδος
510 3123 625 3165 οὐδέν,
661 3119 739 3159 ἀνθ’
767 3123 845 3159 ὅτου
874 3120 954 3160 τάδ’
978 3125 1027 3164 εἰς

27 3180 80 3221 χι
138 3180 168 3202 ν
183 3168 262 3207 τοὺς
279 3168 383 3214 ἐμούς
401 3167 440 3204 θ’
456 3169 652 3217 ἡμάρτανον
669 3171 724 3204 OC
743 3169 822 3204 967.
858 3170 899 3212 ἐξ
925 3171 1025 3207 ὅτου

23 3217 162 3257 Equo:
196 3214 232 3256 ἐξ
249 3214 329 3250 ὅτου
354 3215 484 3263 πάτραν
502 3215 664 3262 διήνεμον
689 3216 846 3252 λέλοιπεν
866 3221 922 3252 Tr.
942 3216 1023 3253 326.

28 3263 60 3318 ,φρ
71 3258 122 3307 δὴ
139 3260 282 3343 τὲαλὲιιὸν
299 3260 334 3302 ἐξ
351 3261 429 3297 ὅτου
448 3261 570 3321 δέδοικ’
587 3263 654 3311 ἐγὼ
672 3264 720 3311 μή
741 3276 798 3310 μοι
815 3263 947 3346 βεβῦἐκῃ
962 3267 1022 3299 Ph.

135 3306 300 3402 ἀὲελᾷἓὲἶ,
318 3309 445 3402 ἔὲιῗὲριῖ
467 3322 556 3403 οξῖἒξ
566 3309 880 3398 ιῖἒῖἶξῖἑῗοιὲῗῗὸυ
897 3311 1025 3405 ῗειῗῖξῗ

118 3399 221 3448 τήνδ’
249 3400 511 3449 ἀμφιβάλλομαι
537 3403 639 3451 τρίχα
670 3403 770 3438 1092.
811 3404 892 3440 ἕως
923 3404 1024 3440 ὅτου

2 662 13 692 Ἣ,

227 1246 325 1328 ξύσιν
352 1246 505 1294 βλαστὼν
533 1247 650 1282 ἔπειτα
673 1248 722 1294 μὴ
748 1259 813 1282 κατ
840 1245 907 1282 ἄνθ
930 1259 1024 1281 ωπον

251 1292 329 1336 60.,
361 1297 427 1327 iam
445 1297 573 1328 notavit
589 1296 687 1328 Eust.
710 1305 744 1337 p.
765 1292 854 1335 415,
884 1293 900 1326 1
931 1320 956 1336 .,
991 1299 1024 1327 et

25 3521 74 3543 ιι

851 129 1011 199 Ὅστις
1034 173 1104 181 -
1115 127 1260 192 Ὅταν

1967 137 2064 191 557

1053 260 1156 292 donee
1173 260 1281 291 semel
1298 268 1405 300 eaque
1423 258 1481 291 tali
1506 258 1633 299 legitur
1651 260 1822 292 sententia
1834 285 1841 299 ,
1871 269 1958 300 quae
1977 269 2068 291 nunc

1055 317 1123 339 non
1142 307 1251 349 possit
1268 306 1415 346 intelligi
1433 307 1475 338 fr.
1496 308 1563 338 inc.
1584 303 1649 338 901
1670 308 1703 338 b.
1721 324 1762 330 —
1782 306 1796 348 ΙΙ
1814 306 1910 345 Quod
1926 307 2010 338 Ant.
2029 303 2063 337 2.

1056 355 1184 394 legitur
1209 348 1264 398 ἄρ’
1294 347 1390 387 οἷσθ’
1408 351 1459 386 ὅτι
1483 350 1572 390 Ζεὺς
1596 357 1665 386 τῶν
1691 347 1755 386 ἀπ’
1781 349 1925 388 Οἰδίπου
1948 357 2066 386 κακῶν

1057 399 1176 434 ὁποῖον
1204 399 1284 447 οὐχὶ
1307 399 1376 446 νῷν
1402 398 1452 433 ἔτι
1469 399 1592 439 ζώσαιν
1609 398 1723 441 τελεῖ,
1751 401 1971 442 particulam,
2002 409 2068 431 non

1057 458 1243 489 pronomen
1268 446 1335 480 ὅτι
1367 457 1439 479 esse
1466 457 1666 488 persuasum
1692 448 1813 479 habeo:
1859 445 1909 491 [in
1933 448 1991 479 LA
2017 451 2069 478 est

1058 493 1125 536 ὅ,τι
1136 505 1212 527 cum
1226 495 1368 527 diastole
1386 505 1404 526 a
1420 505 1466 526 m.
1485 492 1576 539 ant.]

1129 562 1307 600 Ὀστοῦν
1333 575 1364 596 v.
1386 562 1514 597 ὀστέον,
1556 604 1559 607 ,
1769 563 1819 608 (ΙΙ
1836 575 1870 606 p.
1891 562 1972 608 389,
1994 561 2070 607 17.)

1123 627 1251 669 (Όταν
1276 634 1440 676 particula
1457 635 1492 666 in
1511 635 1720 667 secundariis
1739 635 1920 667 sententiis
1944 635 2069 666 talibus

1060 682 1242 722 frequens,
1275 682 1399 723 quibus
1429 690 1495 713 non
1521 691 1587 722 quo
1612 683 1779 723 loquimur
1803 686 1972 724 tempore,
2010 682 2070 714 sed

1061 730 1293 770 qualicunque
1324 729 1452 760 incerto
1483 732 1517 760 et
1548 730 1706 770 inprimis
1736 730 1851 761 futuro
1879 729 1965 761 illud
1999 730 2071 760 fieri

1062 777 1231 808 factumve
1255 776 1298 807 iri
1317 776 1607 816 demonstramus,
1636 776 1727 808 unde
1753 777 1924 808 sententia
1946 777 2073 817 prima-

1060 824 1110 854 ria
1126 823 1274 864 pendeat
1293 826 1327 854 et
1344 824 1532 854 efficiatur:
1560 833 1654 864 cum,
1677 823 1821 864 quando.
1857 823 1974 865 Ipsum
1993 821 2072 856 ὅταν

1062 874 1226 911 perpetuo
1258 871 1505 902 coniunctivum
1538 870 1707 912 postulat3
1762 871 1935 903 sententia
1968 871 2074 902 altera

1062 920 1121 948 aut
1137 918 1297 949 aoristum
1310 919 1509 958 praesentia,
1537 921 1596 949 aut
1612 917 1722 957 futuri
1733 943 1741 957 ,
1770 922 1827 949 aut
1845 919 2075 958 imperativam

1068 964 1206 1006 (quique
1223 964 1303 996 huic
1321 964 1424 996 simili
1443 968 1609 1005 potestate
1636 960 1809 1005 praeditus
1836 968 1907 1005 est,
1933 966 2074 996 coniun-

1061 1013 1185 1043 ctivum
1209 1009 1443 1055 hortativum),
1475 1016 1535 1043 aut
1559 1013 1743 1052 optativum
1764 1011 1978 1052 potentialem
1994 1019 2074 1052 prae

1062 1068 1099 1090 se
1117 1060 1205 1090 ferre
1221 1058 1317 1091 solet.
1349 1057 1384 1090 Si
1402 1058 1536 1099 quando
1553 1060 1774 1100 praeteritum
1790 1059 1958 1100 reperitur
1969 1082 1977 1098 ‚
1998 1059 2075 1090 eius

1063 1106 1255 1138 sententiae
1272 1105 1439 1137 indicium
1456 1109 1526 1146 est,
1556 1115 1657 1147 quam
1683 1107 1750 1138 iam
1767 1106 1982 1146 experientia
1997 1114 2075 1147 pro-

1062 1153 1173 1184 batam
1192 1153 1295 1184 etiam
1319 1157 1396 1193 post
1414 1162 1525 1184 veram
1544 1154 1614 1185 fore
1640 1154 1702 1185 tibi
1719 1154 1943 1194 persuaseris.
1988 1152 2074 1185 Cum

1061 1200 1216 1241 apodosis
1234 1200 1443 1232 infinitivum
1461 1201 1616 1241 obliquae
1633 1201 1795 1232 orationis
1814 1201 1977 1240 continet,
1997 1209 2074 1231 ver-

1060 1247 1141 1278 bum
1158 1255 1279 1287 regens
1298 1247 1441 1288 spectari
1460 1247 1573 1279 debet.
1594 1265 1714 1279 —.—.
1751 1245 1831 1280 ὅταν
1850 1241 1873 1279 α’
1896 1245 2011 1293 ἐρωτᾷ

1060 1291 1170 1340 λέγειν
1198 1294 1261 1326 Ph.
1281 1291 1337 1326 56.
1380 1295 1571 1326 infinitivus
1595 1304 1654 1335 pro
1677 1295 1888 1335 imperativo.
1935 1291 2015 1327 ὅταν
2039 1303 2072 1326 τι

1062 1338 1146 1387 δρᾷς
1164 1339 1199 1378 ἐς
1216 1338 1358 1387 κέρδος,
1389 1339 1453 1374 οὐκ
1470 1339 1584 1374 ὀκνεῖν
1603 1339 1723 1387 πρέπει
1743 1338 1820 1374 111.
1857 1338 1936 1374 ὅταν
1955 1338 2075 1386 μόλω-

1062 1397 1131 1429 σιν,
1153 1385 1267 1434 λόγοις
1293 1385 1427 1421 ἐλεοῦσι
1454 1387 1515 1433 μέν
1536 1385 1615 1421 307.
1654 1387 1749 1427 Quod
1774 1389 1838 1420 sibi
1856 1389 1922 1420 iam
1941 1388 2073 1420 accide-

1061 1439 1133 1477 rat,
1154 1436 1257 1467 etiam
1275 1438 1314 1467 ut
1330 1435 1470 1476 posthac
1487 1436 1622 1467 eveniat
1640 1436 1709 1467 sore
1727 1439 1929 1477 auguratu13
1950 1436 2074 1467 fecisse

1061 1485 1097 1513 et
1113 1483 1220 1515 solere
1234 1482 1344 1514 facere
1362 1483 1456 1523 illos,
1478 1483 1585 1523 igitur
1600 1484 1748 1515 facturos
1766 1483 1867 1515 etiam
1885 1483 1977 1515 olim.
2005 1483 2072 1516 ποῦ

1060 1529 1130 1576 χρὴ
1163 1527 1321 1563 τίθεσθαι
1348 1531 1475 1569 ταῦτα,
1511 1531 1578 1563 ποῦ
1596 1527 1632 1562 δ’
1660 1528 1784 1571 αἰνεῖν,
1820 1528 1898 1563 ὅταν
1926 1527 1968 1562 τὰ
1998 1525 2070 1563 θεῖ’

1061 1576 1209 1611 ἐπαινῶν
1232 1574 1313 1614 τοὺς
1337 1573 1438 1614 θεοὺς
1455 1574 1546 1621 εὕρω
1563 1574 1713 1618 κακούς,
1743 1574 1823 1609 451.
1852 1577 1971 1609 eadem
1989 1586 2072 1609 sen-

1060 1625 1180 1657 tentia.
1235 1624 1325 1658 ὤταν
1341 1634 1391 1661 τις
1409 1621 1446 1657 εὖ
1464 1622 1505 1671 ζῇ
1518 1650 1525 1664 ,
1553 1626 1740 1670 τηνικαῦτα
1763 1622 1820 1657 τὸν
1839 1621 1911 1668 βίον
1931 1626 2071 1658 σκοπεῖν

1060 1669 1165 1718 (χρή)
1181 1634 1260 1705 505.
1290 1669 1354 1728 ὅρα
1371 1669 1410 1703 σὺ
1429 1669 1478 1715 μὴ
1559 1669 1638 1704 ὅταν
1657 1669 1693 1704 δὲ
1711 1669 1872 1718 πλησθῇς
1888 1674 1950 1716 τῆς
1968 1669 2070 1705 νόσου

1061 1715 1236 1764 ξυνουσίᾳ,
1255 1717 1315 1752 τότ
1341 1715 1452 1762 οὐκέτ’
1470 1715 1571 1755 αὑτὸς
1586 1720 1659 1756 τοῖς
1676 1716 1790 1765 λόγοις
1813 1716 1944 1755 τούτοις
1963 1717 2071 1764 φαν”ς

1060 1763 1140 1798 520.
1177 1763 1230 1798 ἀεὶ
1245 1764 1353 1802 καλὸς
1378 1762 1484 1802 πλοῦς
1509 1760 1599 1805 ἔσθ’,
1630 1763 1710 1798 ὅταν
1729 1763 1858 1812 φεύγῃς
1875 1763 1970 1799 κακά
1985 1729 2065 1798 6411.

1061 1811 1123 1846 οὐκ
1153 1810 1223 1846 ἔστι
1250 1806 1372 1857 πνεῦμ’
1400 1810 1676 1856 ἐναντιούμενον,
1715 1810 1794 1846 ὅταν
1823 1810 1917 1858 παρῇ
1943 1810 2071 1858 κλέψαι

1059 1857 1140 1892 644.
1177 1857 1346 1905 λαμβάνει
1369 1857 1433 1916 γὰρ
1458 1857 1516 1893 οὖν
1534 1855 1640 1896 ὕπνος
1660 1853 1705 1904 μ’,
1742 1858 1889 1917 ὅτανπερ
1905 1858 1944 1894 τὸ
1961 1858 2070 1893 κακὸν

1061 1904 1131 1951 ἐξίῃ
1155 1905 1235 1940 τόδε
1254 1904 1333 1940 767.
1370 1904 1504 1939 ἅπαντα
1521 1904 1718 1954 δυσχέρεια,
1749 1906 1812 1952 τὴν
1841 1908 1946 1940 αυτοῦ
1971 1904 2070 1953 φύσιν

1061 1952 1140 1987 ὅταν
1166 1951 1276 1987 λιπών
1291 1965 1342 1992 τις
1367 1952 1431 1999 δρᾷ
1446 1951 1488 1986 τὰ
1531 1951 1554 1998 ὴ
1573 1952 1778 1998 προσεικότα
1794 1950 1874 1986 903.
1901 1951 2003 1999 ὑμεῖς
2022 1947 2070 1996 δ’,

1062 1999 1140 2034 ὅταν
1172 1998 1356 2046 καλῶμεν,
1393 1965 1564 2046 ὁρμᾶσθαι
1592 2002 1712 2048 ταχεῖς
1747 1998 1848 2034 1080.
1884 1995 2068 2044 ἐννοεῖσθ’,

1061 2046 1140 2081 ὅταν
1167 2046 1320 2093 πορθῆτε
1345 2050 1466 2095 γαῖαν,
1495 2045 1647 2092 εὐσεβεῖν
1671 2045 1715 2081 τὰ
1738 2046 1821 2094 πρὸς
1846 2045 1946 2086 θεούς
1966 2045 2068 2082 1440.

1061 2093 1141 2128 ὅταν
1175 2089 1207 2128 δ’
1242 2092 1378 2140 ἵκηται,
1413 2092 1593 2139 τηνικαῦτ’
1626 2092 1693 2141 ἐγὼ
1717 2094 1824 2132 κακὸς
1849 2094 1898 2140 μὴ
1923 2093 2012 2141 δρῶν
2029 2092 2070 2128 ἂν

1060 2140 1133 2187 εἵην
1162 2136 1271 2176 πάνθ’
1301 2140 1350 2175 ὅσ’
1378 2139 1418 2176 ἂν
1450 2139 1553 2187 δηλοῖ
1579 2139 1660 2180 θεός
1689 2142 1747 2174 OR
1764 2139 1819 2174 76.
1862 2139 1947 2187 βοῆς
1970 2144 2070 2180 ποῖος

1061 2184 1238 2234 Κιθαιρὼν
1265 2187 1342 2235 οὐχὶ
1368 2188 1405 2222 σύ
1465 2200 1552 2226 ωνος
1569 2187 1660 2235 τάχα
1676 2186 1823 2233 (ἔσται),
1851 2187 1931 2222 ὅταν
1948 2187 2070 2222 καταί-

1061 2232 1127 2283 σθῃ
1145 2235 1202 2270 τὸν
1219 2233 1380 2281 ὑμέναιον
1421 2233 1443 2268 2
1471 2261 1478 2267 .
1515 2234 1594 2269 ὅταν
1619 2233 1728 2282 ταχύς
1744 2247 1794 2273 τις
1813 2233 1891 2269 οὑπι
1917 2233 2069 2270 ουλεύων

1059 2282 1182 2330 χωρῇ,
1214 2281 1322 2330 ταχὺν
1353 2281 1405 2317 δεῖ
1427 2281 1520 2327 κάμὲ
1546 2280 1718 2327 βουλεύειν
1736 2281 1838 2316 πάλιν
1865 2279 1886 2314 6
1911 2280 1945 2317 8.
1990 2281 2070 2316 ὅταν

1060 2328 1238 2375 προδείξῃς
1272 2328 1341 2363 οἷόν
1376 2329 1444 2363 ἐστι
1467 2329 1506 2363 τὸ
1529 2328 1671 2376 φθονεῖν
1698 2327 1777 2362 624.
1823 2330 1877 2362 Ex
1902 2331 2070 2372 prioribus

1060 2378 1243 2409 assumitur
1259 2378 1432 2419 apodosis,
1489 2375 1641 2421 εύξομαι.
1678 2375 1821 2417 ἐπίστω,
1856 2372 1961 2410 ταῦθ’
1991 2375 2069 2411 ὅταν

1061 2422 1078 2463 ζ
1104 2424 1185 2472 τῇς,
1219 2422 1297 2469 ἐμοὶ
1320 2423 1431 2470 ζητῶν
1449 2388 1592 2471 ὀζεθρον
1608 2422 1631 2469 ἢ
1677 2422 1763 2468 υγ’ν
1789 2421 1867 2456 658.
1906 2422 2010 2470 βαρὺς
2036 2416 2071 2458 δ’

1059 2435 1142 2515 (gi),
1179 2469 1258 2504 ὅταν
1291 2469 1407 2515 θυμοῦ
1431 2470 1584 2517 περάσῃς
1609 2435 1688 2504 675.
1719 2435 1812 2504 ’,ὅταν
1847 2464 1883 2503 δ’
1906 2469 1924 2504 ὁ
1952 2469 1996 2504 κύ
2021 2483 2070 2509 ιος

1061 2517 1152 2564 παρῇ
1177 2528 1246 2558 τις,
1277 2517 1346 2552 τότ’
1375 2516 1564 2552 εἰσακούων
1593 2515 1689 2552 πάντ’
1713 2515 1889 2563 ἐπιστήσει
1914 2517 1969 2550 OC
1985 2482 2055 2551 &8

1059 2563 1144 2598 *καὶ
1167 2559 1286 2610 κάρθ’,
1320 2563 1443 2599 ὅτανπε
1487 2562 1625 2610 τοῦνομ’
1653 2562 1817 2610 αἴσθηται
1842 2563 1882 2598 τὸ
1912 2563 1968 2598 σόν
1986 2562 2068 2598 301.

1061 2622 1106 2644 sc.
1138 2609 1204 2650 ἕξει
1257 2611 1404 2657 ροντίδα.
1441 2575 1536 2658 [ρεθοΙ.
1565 2623 1596 2644 v.
1617 2612 1661 2644 H.
1681 2611 1822 2653 Hirzel.]
1849 2614 1911 2657 τῆς
1937 2615 1999 2658 σῆς
2015 2610 2071 2646 ὑπ’

1061 2657 1165 2706 ὀργῆς
1182 2656 1304 2705 (βαρος
1331 2657 1458 2703 ἔσται),
1491 2661 1565 2697 σοῖς
1595 2656 1674 2693 ὅταν
1701 2663 1822 2692 στῶσιν
1846 2658 1967 2705 τάφοις
1984 2656 2065 2693 411.

1061 2703 1140 2739 ὅταν
1171 2704 1208 2738 δὲ
1235 2708 1336 2739 τοῦτο
1353 2704 1462 2754 χεῦμ’
1491 2704 1560 2752 ἀκή
1585 2717 1664 2740 ατον
1693 2703 1809 2751 λάβω;
1850 2703 1931 2738 471.
1960 2716 2006 2738 sc.
2038 2704 2070 2740 τί

1060 2756 1149 2786 ποιῶ
1166 2754 1221 2785 vel
1238 2753 1348 2785 simile
1365 2754 1537 2794 quiddam.
1586 2764 1646 2786 ταν
1666 2751 1703 2786 δὲ
1718 2751 1849 2786 τούτων
1867 2756 1911 2799 γῆ
1931 2751 2070 2799 μελάμ-

1088 2797 1192 2837 υλλος
1224 2797 1334 2847 τύχῃ;
1369 2797 1449 2832 482.
1495 2800 1612 2832 eadem
1633 2801 1824 2832 sententiae
1849 2801 1943 2832 ratio.
1989 2798 2069 2834 ὅταν

1061 2810 1178 2881 {uivus
1206 2846 1234 2880 ώ
1259 2857 1304 2878 sc.
1331 2846 1511 2893 γενήσεται
1526 2844 1606 2880 582.
1636 2845 1714 2880 ὅταν
1735 2844 1851 2894 μάθῃς
1870 2858 1936 2891 μου
1951 2874 1959 2888 ,
1987 2858 2070 2880 νου-

1060 2891 1152 2927 θέτει
1168 2892 1189 2926 5
1215 2891 1247 2925 3.
1278 2891 1295 2927 ὁ
1311 2896 1391 2931 νοῦς
1409 2891 1489 2928 ὅταν
1506 2891 1610 2927 αὑτοῦ
1627 2892 1783 2948 γένηται,
1803 2892 1935 2939 φροῦδα
1951 2891 2069 2927 τάπει-

1059 2938 1201 2984 λήματα
1217 2937 1298 2972 659.
1323 2938 1367 2973 τὰ
1382 2940 1550 2986 τέρποντα
1567 2934 1601 2973 δ’
1618 2938 1681 2974 οὐκ
1698 2951 1738 2973 αν
1756 2938 1844 2978 ’ίὸοις
1861 2937 1947 2974 ὅπου
1959 2967 1968 2982 ,
1988 2938 2068 2975 ὅταν

1060 2997 1110 3024 τις
1129 2985 1163 3024 ἐς
1179 2984 1283 3020 πλέον
1302 2985 1390 3035 πέσῃ
1407 2990 1467 3021 τοῦ
1486 2986 1649 3024 θέλοντος
1670 2984 1759 3019 1218
1776 2988 1828 3019 ch.
1869 2987 1940 3029 [LA
1957 2998 2008 3029 pr.
2029 2992 2069 3019 ut

1062 3035 1250 3075 apographa
1269 3031 1363 3067 ὁπότ’
1387 3032 1426 3068 ἄν
1450 3046 1500 3072 τις
1524 3035 1585 3067 sed
1608 3034 1720 3066 addito
1738 3035 1777 3066 ab
1796 3033 1818 3065 S
1843 3045 1894 3080 γρ.
1918 3032 2002 3068 ὅπου
2021 3027 2068 3066 ὅτ’

1061 3079 1101 3114 α”ν
1118 3081 1194 3123 τις.]
1223 3081 1308 3113 Cum
1325 3078 1411 3115 ὅπου
1431 3082 1621 3123 explicandi
1645 3082 1750 3121 gratia
1770 3081 1944 3113 invectum
1962 3086 2066 3122 esset,

1062 3128 1184 3159 mirum
1208 3138 1273 3160 non
1293 3132 1363 3168 est,
1390 3129 1480 3170 quod
1505 3138 1548 3160 ex
1572 3131 1713 3168 utroque
1738 3129 1916 3160 confusum
1941 3126 2068 3162 ὁπόταν

1061 3176 1188 3206 factum
1214 3176 1269 3207 sit.
1299 3172 1467 3220 μαθήσει,
1497 3172 1582 3208 κεῖσ’
1606 3171 1686 3208 ὅταν
1712 3172 1822 3221 μόλῃς
1841 3173 1943 3219 μόνος
1964 3172 2065 3207 1527.

1061 3220 1178 3268 χῶταν
1213 3220 1262 3259 εἰς
1295 3219 1392 3259 τέλος
1424 3224 1485 3255 τοῦ
1509 3220 1569 3266 ζῆν
1594 3218 1740 3267 ἀφικνῇ,
1775 3220 1825 3267 τῷ
1841 3232 1907 3268 προ
1938 3219 2067 3267 ερτάτῳ

1091 3266 1157 3312 όνῳ
1191 3266 1335 3313 σήμαινε
1367 3265 1468 3302 1530.
1511 3264 1586 3301 θεοὶ
1618 3266 1654 3301 εὖ
1682 3268 1743 3312 μὲν
1762 3267 1779 3301 ὀ
1810 3266 1875 3302 ὲδ’
1897 3279 1912 3301 ε
1930 3263 2064 3313 σορῶσ’,

1062 3280 1141 3347 grav
1173 3325 1224 3352 τις
1247 3313 1295 3352 εἰς
1320 3314 1358 3348 τὸ
1377 3312 1557 3359 μαίνεσθαι
1577 3315 1691 3361 τραπῇ
1712 3312 1812 3347 1536.
1856 3312 1936 3348 ὅταν
1961 3313 1998 3348 δὲ
2041 3314 2066 3361 ἡ

1062 3358 1192 3402 σθένω,
1220 3359 1437 3406 πεπαύσομαι
1454 3363 1534 3394 Ant.
1555 3358 1612 3392 91.
1632 3359 1851 3395 κάνακωκύει
1866 3363 1990 3407 πικρᾶς
2006 3327 2068 3395 gt-

1060 3404 1155 3445 νιθος
1180 3405 1256 3447 ὀξὺν
1283 3406 1455 3454 φθόγγον,
1490 3407 1537 3446 ὡς
1567 3405 1646 3442 ὅταν
1664 3411 1767 3454 κενῆς
1793 3407 1894 3457 εὐνῆς
1918 3412 2066 3443 νεοσσῶν
