2288 3600
0 2566 13 2601 ἰῇ
20 2566 52 2610 ῥ’)
74 2578 77 2579 ’

214 121 312 170 518
1017 119 1209 190 Οἰκέτης
1236 151 1298 158 -
1328 119 1462 178 Οἶκος

210 248 346 271 monere
364 239 536 279 existimo,
568 248 611 271 ne
638 239 829 272 domesticis
855 241 951 272 malis
977 241 1111 280 gravius
1136 241 1226 272 iusto

210 287 299 318 affici
318 287 410 326 velit,
440 292 479 318 ut
497 287 561 318 sibi
584 287 665 318 inde
683 295 785 318 novas
803 291 893 319 creet
910 288 1091 319 molestias.
1119 290 1226 321 τοῖσιν

211 330 349 370 οἰκείοις
379 334 504 370 κακοῖς
535 335 700 367 νοσοῦντα
727 334 783 366 OC
808 331 888 366 765.
915 332 950 368 ἐν
979 337 1054 372 τοῖς
1082 332 1147 380 γὰρ
1177 333 1228 367 οἰ-

210 378 348 414 κείοισιν
375 379 465 418 ὅστις
490 378 555 414 ἔστ’
581 379 667 426 ἀνὴρ
693 379 842 428 Αχρηστός
867 382 950 414 Ant.
972 379 1052 414 661.
1072 383 1107 413 in
1126 383 1227 414 rebus

209 429 278 459 suis
295 433 329 460 et
346 427 542 460 domesticis.
570 423 720 474 φθόγγος
747 426 875 462 οἰκείου
892 430 1003 462 κακοῦ
1023 426 1124 461 1187.
1144 430 1227 460 mali

210 474 392 515 familiaris
408 474 516 515 fama.
553 472 680 512 πένθος
707 473 835 509 οἰκεῖον
856 472 958 508 1249.
985 476 1024 508 de
1042 476 1103 517 filii
1125 479 1227 507 morte

210 524 348 555 luctum.
384 523 473 554 Ilinc
504 519 613 569 κῆρυξ
642 521 771 560 οἰκεῖος
800 519 911 569 Λίχας
947 524 1002 555 Tr.
1025 521 1103 555 757.
1139 523 1227 554 domi

210 579 340 601 consors
358 573 410 601 est
427 573 461 601 et
487 567 638 615 πελάτης
663 567 849 616 κηρυκείαν
876 568 986 616 ἔχων;
1016 580 1092 602 nam
1111 580 1227 602 servus

210 617 300 649 haud
317 618 419 648 dubie
438 618 558 649 Lichas
576 627 642 648 non
661 622 743 650 erat.
780 618 912 649 Deinde
928 620 1059 658 patrius
1076 620 1122 649 ita
1141 618 1226 649 dici-

210 668 284 696 tur:
315 663 343 697 ὦ
360 666 424 710 γῆς
451 663 539 710 ἱερὸν
565 662 693 701 οἰκείας
718 662 822 697 πέδον
843 662 1041 709 Σαλαμῖνος
1066 666 1121 697 Ai.
1143 662 1222 697 859.

210 709 341 748 οἰκείας
358 709 487 758 χθονός
506 711 587 743 Ant.
611 709 713 744 1203.
742 712 899 752 Denique
918 722 996 743 suus
1014 717 1048 744 et
1058 714 1223 753 proprias.

212 758 318 791 Cuius
336 752 385 791 rei
402 760 490 790 viam
508 762 671 790 monstrat
687 759 772 790 illud
789 756 893 792 πόθεν
908 756 1024 804 λαβών
1041 757 1103 802 (se.
1126 757 1226 796 δίδως

208 804 265 840 τὸν
284 804 427 850 παῖδα);
451 803 591 843 οἰκεῖον,
612 803 635 851 ἢ
654 803 680 845 ’ξ
698 803 806 839 ἄλλου
823 804 931 847 τινός,
950 807 1007 839 OR
1028 803 1128 839 1162.
1145 817 1227 838 num

211 853 300 885 domi
318 857 394 885 tuae
410 857 527 884 natum
551 854 575 885 i.
596 863 625 886 e.
648 857 752 894 tuum,
784 863 829 885 an
846 853 885 885 ab
903 855 971 885 alio
989 855 1164 894 yenitum?
1180 873 1227 877 —

212 899 350 934 δεῖπνον
370 898 505 934 οἰκείων
523 898 653 933 τέκνων
678 901 733 932 Ai.
758 898 859 933 1294.
881 900 1009 947 ποτέρα
1026 895 1186 946 πατρώοις
1202 898 1226 946 ἢ

209 947 296 993 πρὸς
313 946 444 985 οἰκείας
460 945 563 995 χερός
578 945 640 992 (sc.
659 945 826 992 ὄλωλεν),
847 949 930 981 Ant.
947 946 1047 982 1176.
1069 936 1144 993 αἷμ’
1161 946 1218 981 ἀπ’

212 992 341 1032 οἰκείας
361 999 495 1041 σφαγῆς
527 996 583 1027 Ai.
605 991 685 1028 919.
1004 994 1054 1040 (ΙΙ
1072 1008 1105 1038 p.
1127 993 1228 1039 292.)

283 1049 486 1099 Οἰκέτης.
516 1054 654 1095 Propria
673 1054 762 1086 domi
779 1056 981 1086 consortium
999 1055 1146 1087 habentis
1169 1064 1229 1096 po-

212 1103 336 1133 testate
359 1101 427 1140 legi
451 1101 598 1134 videtur.
627 1098 658 1134 ε’ί
680 1112 742 1135 του
769 1098 877 1147 φίλων
900 1099 1058 1147 βλέψειεν
1084 1100 1227 1135 οἰκετῶν

213 1147 321 1193 δέμας
340 1148 395 1179 Tr.
416 1143 496 1180 908.
518 1152 552 1180 et
569 1145 693 1182 κυκλεῖ
711 1147 748 1182 δὲ
765 1151 877 1182 πᾶσαν
896 1147 1039 1182 οἰκετῶν
1058 1147 1230 1194 παμπλη-

211 1193 289 1230 θίαν
312 1193 526 1240 [παμπησίαν
545 1196 720 1238 Naecke.].
742 1197 839 1228 Laoc.
856 1197 897 1228 fr.
915 1193 1042 1238 342,4.
1063 1198 1104 1229 de
1113 1198 1230 1228 Aenea

212 1243 373 1275 coloniam
391 1243 592 1275 abducturo:
623 1241 764 1282 οἰκέται,
786 1245 845 1285 qui
863 1245 1013 1284 yentiles,
1041 1243 1230 1284 familiares

211 1293 242 1322 et
259 1291 391 1322 clientes
409 1294 510 1330 sunt,
539 1294 788 1332 componuntur
813 1301 889 1323 cum
914 1288 1043 1335 πλήθει
1068 1288 1224 1338 Φρυγῶν,

212 1338 302 1379 quod
334 1341 534 1378 sequeretur
563 1341 740 1370 exeuntes.
789 1338 855 1370 Sed
887 1338 1012 1378 famuli
1045 1339 1225 1370 dicuntur:

211 1383 292 1422 τοὺς
317 1382 461 1429 ἄγοντας
494 1383 608 1430 ὥσπερ
634 1383 772 1422 οἰκέτας
797 1383 931 1431 ἔγνωκα
963 1386 1021 1418 OR
1040 1383 1142 1418 1114.
1173 1383 1229 1424 ξὺν

213 1425 308 1478 ᾧπερ
327 1431 422 1478 εἶχον
442 1430 584 1465 οἰκετῶν
602 1431 710 1478 πιστῷ
735 1431 831 1478 μόνῳ
850 1433 905 1465 OC
916 1430 996 1465 334.
1016 1431 1083 1476 [De
1100 1434 1229 1474 poetico

211 1490 278 1512 usu
296 1491 327 1512 V.
348 1482 371 1512 i.
393 1477 545 1521 οἰκέτις].
574 1498 620 1503 ——
644 1481 697 1512 De
721 1484 862 1512 accentu
887 1490 919 1511 V.
949 1481 1060 1521 Apoll.
1089 1481 1128 1512 de
1152 1481 1225 1514 adv.

212 1537 247 1569 p.
269 1524 350 1569 545,
366 1524 423 1559 25.
445 1527 546 1559 schol.
568 1528 609 1559 Il.
628 1539 658 1560 ν.
679 1524 760 1561 382.
782 1527 847 1558 ΕΜ
864 1538 898 1569 p.
914 1524 995 1568 436,
1019 1525 1050 1560 1.

284 1581 466 1622 Οἰκέτις
490 1585 580 1617 domi
596 1596 740 1619 consors.
769 1584 966 1633 περιστερὰν
995 1583 1010 1618 ἐ
1041 1584 1151 1620 έστιον
1178 1585 1230 1620 οἰ-

212 1631 304 1666 κέτιν
323 1630 386 1677 [sic
403 1632 520 1674 Steph.
547 1643 606 1675 pro
634 1632 783 1679 οἰκέτην]
813 1645 849 1667 τε
874 1635 915 1665 fr.
937 1635 1002 1666 inc.
1048 1631 1105 1667 44.
1127 1632 1230 1678 [quod

212 1681 357 1712 afferens
381 1681 464 1713 Poll.
486 1677 519 1720 3,
540 1677 586 1713 82
619 1679 652 1715 οί
677 1679 793 1725 μέντοι
817 1679 957 1726 ποιηταὶ
979 1679 1038 1714 καὶ
1061 1679 1142 1719 τοὺς
1166 1679 1229 1714 ἄλ-

211 1725 467 1807 λουὲὃοίᾆιὲίους
493 1726 627 1766 οἰκέτας
652 1727 860 1774 ὠνόμαζον].
897 1730 948 1761 De
966 1732 1043 1761 tono
1060 1729 1129 1761 vid.
1149 1729 1225 1761 Are.

211 1784 246 1816 Ρ.
318 1800 326 1816 ,
398 1802 403 1808 .

284 1829 445 1872 Οἰκεύς
470 1834 494 1867 i.
523 1845 557 1876 q.
585 1832 736 1880 οἰκέτης.
771 1832 886 1872 οἰκεύς
910 1846 979 1876 τις,
1017 1831 1122 1881 ὅσπερ
1145 1833 1230 1869 ἵκετ’

213 1878 380 1919 ἐκσωθεὶς
407 1879 511 1925 μόνος
543 1882 600 1914 OR
617 1879 698 1915 756.
733 1883 880 1915 Versum
904 1883 1071 1924 respicere
1098 1883 1231 1914 videtur

211 1928 312 1962 Eust.
339 1939 373 1970 p.
397 1925 500 1969 1423,
520 1926 553 1961 4.
585 1939 663 1961 cum
687 1931 820 1961 scribit:
858 1928 916 1963 καὶ
950 1928 1104 1967 οἰκεὺς
1137 1928 1230 1977 παρὰ

210 1977 285 2014 τοῖς
301 1973 464 2013 παλαιοῖς
480 1969 693 2022 Ἀθηναίοις,
714 1975 732 2010 ὁ
751 1975 931 2023 οἰκογενὴς
949 1975 1096 2022 οἰκέτης.

283 2030 312 2070 O
324 2032 429 2069 ἰκέω
447 2034 567 2067 habito.
597 2033 707 2069 οἰκεῖν
726 2033 806 2081 δίχα
824 2035 879 2068 OC
898 2033 977 2068 602.
1015 2028 1142 2074 ἄλλους
1159 2032 1231 2069 θω-

212 2078 376 2116 πεύοντες
400 2080 563 2126 οἰκοῦμεν
590 2080 630 2115 σύ
653 2093 690 2115 τε
714 2080 813 2127 κάγώ
839 2079 941 2115 1336.
970 2080 1135 2129 Αἴγισθον
1161 2081 1230 2117 ἔνθ’

212 2122 351 2175 ᾤκηκεν
371 2128 494 2174 ἱστορῶ
509 2130 562 2162 El.
579 2126 680 2162 1101.
704 2127 793 2174 ἀκτὴ
820 2127 956 2177 βροτοῖς
982 2128 1141 2167 ἄστιπτος
1160 2127 1230 2163 οὐδ’

214 2174 404 2221 οἰκουμένη
429 2177 489 2208 Ph.
510 2173 544 2208 2.
572 2179 637 2222 γῆν
664 2171 734 2210 οὔτ’
759 2175 906 2224 εὔορμον
934 2174 1003 2210 οὔτ’
1022 2176 1228 2222 οἰκουμένην

212 2220 294 2256 221.
323 2221 513 2269 οἰκουμένη
541 2221 643 2270 στέγη
669 2221 750 2256 298.
782 2243 828 2249 —
855 2223 1003 2258 οἰκεῖν
1030 2223 1143 2268 μετοί
1165 2236 1229 2257 τι-

211 2282 284 2308 νος
310 2274 363 2302 est
388 2273 632 2308 συνοικεῖν,
661 2281 794 2303 uxorem
813 2271 936 2304 habere.
966 2269 1037 2305 οὐδ’
1063 2270 1150 2305 ὅτων
1177 2270 1229 2305 οἰ-

211 2320 287 2355 κεῖς
305 2315 393 2363 μέτα
410 2318 467 2350 OR
483 2314 564 2350 414.
593 2314 773 2365 Μερόπης,
803 2316 960 2364 Πόλυβος
983 2317 1026 2364 ἧς
1045 2312 1125 2364 ᾤκει
1143 2318 1230 2364 μέτα

213 2361 294 2397 990.
323 2366 366 2397 cf.
388 2365 527 2398 Seidler.
557 2365 598 2397 ad
624 2366 706 2397 Eur.
736 2367 792 2400 El.
812 2363 868 2398 99.
904 2367 958 2398 Ab
985 2366 1163 2398 habitando
1190 2367 1228 2398 ad

212 2412 370 2444 versandi
391 2412 564 2444 notionem
588 2414 809 2445 transfertur:
838 2411 877 2446 τὸ
900 2411 963 2458 τὴν
990 2411 1138 2458 φροντίδ’
1165 2411 1229 2452 ἔξω

212 2463 282 2492 τῶν
292 2463 416 2504 ,κακῶν
443 2457 551 2493 οἰκεῖν
566 2457 676 2505 γλυκύ
701 2460 759 2492 OR
778 2457 879 2493 1390.
916 2461 963 2492 Et
979 2461 1021 2492 ad
1037 2462 1141 2492 vitam
1157 2470 1229 2492 mo-

211 2503 326 2548 resque
341 2506 519 2547 reymdos:
538 2505 573 2540 αἱ
592 2505 629 2540 δὲ
647 2505 766 2552 μυρίαι
782 2504 911 2547 πόλεις,
927 2504 991 2541 κᾶν
1009 2505 1047 2541 εὖ
1064 2518 1116 2544 τις
1134 2506 1225 2554 οἰκῇ,

215 2551 342 2599 ῥᾳδίῳς
366 2550 576 2600 καθύβρισαν
606 2553 662 2587 OO
681 2551 783 2587 1535.
813 2555 856 2587 V.
878 2554 1064 2588 Markland.
1086 2555 1127 2586 ad
1143 2555 1226 2587 Eur.

60 2605 150 2636 ηῐῑῑ.>
215 2600 334 2642 Suppl.
357 2597 458 2632 1231.
482 2618 524 2625 —-
551 2601 597 2632 Et
612 2611 631 2633 a
648 2602 814 2643 scriptura
839 2605 874 2633 et
891 2603 931 2634 ab
949 2602 1228 2643 interpretatione

0 2663 9 2690 ἲ.
20 2661 38 2681 1¹:
44 2640 72 2683 ζ
79 2633 131 2679 ’1θῖ

99 2710 119 2728 w
137 2682 198 2725 ..CM

145 2643 190 2692 ''2131'3
197 2643 451 2703 '²'contg2n3nda
460 2657 550 2680 unus
559 2649 652 2680 locus
662 2648 857 2681 dubitabilis
866 2652 918 2680 est
928 2648 982 2681 OC
993 2645 1050 2682 92.
1062 2646 1230 2693 κάμπτειν

355 2692 523 2745 αῇπωρον
543 2692 614 2740 βίον
639 2692 738 2739 (ἐμὲ)
761 2693 868 2742 κέρδη
895 2694 957 2740 μὲν
984 2694 1230 2740 οἰκήσαντα

175 2776 183 2789 ,1
213 2730 296 2797 τοῑῇἓῇ
317 2777 345 2793 η,
379 2784 382 2790 ,
400 2739 541 2820 μῇοιςς.
553 2739 637 2787 ἄτην
656 2739 694 2775 δὲ
709 2743 785 2780 τοῖς
801 2740 987 2787 πέμψασιν.
1015 2744 1155 2775 Haecin
1171 2743 1230 2774 LA

170 2817 172 2819 .
194 2795 204 2814 .’
216 2788 382 2831 scriptura

406 2798 423 2820 e
438 2789 618 2835 ssaffi‘ffiricl.
647 2800 664 2822 ο
676 2787 748 2834 ἰκή
760 2799 778 2821 σ
792 2799 897 2823 οντα
929 2789 1058 2822 Schaef.
1087 2791 1225 2831 recepit.

215 2835 379 2867 Matthiae
398 2836 579 2876 explicatio·
590 2836 772 2868 habitando
790 2837 919 2869 tucrum
941 2846 1055 2877 parere
1071 2838 1230 2869 aoristum

216 2891 284 2914 non
309 2883 423 2916 ferens
449 2883 644 2924 collabitur3
674 2893 740 2916 non
763 2884 869 2924 magis
891 2884 1074 2925 probabilis
1091 2884 1231 2924 Reisigii

215 2929 311 2970 ratio,
333 2927 440 2963 οἰκεῖν
455 2930 564 2962 active
581 2931 768 2970 significare
785 2930 956 2962 commoda
973 2932 1143 2963 instituere
1156 2934 1232 2963 tan-

217 2985 416 3018 quam-rem,
440 2976 656 3017 familiarem.
700 2978 916 3010 Her-mannus
934 2978 1079 3021 coniecit
1111 2989 1128 3011 0
1141 2976 1182 3019 ἰκ
1193 2975 1233 3011 ί·-’

217 3032 371 3064 σαντα,
399 3023 435 3055 id
459 3024 548 3065 quod
572 3025 675 3056 etiam
700 3024 858 3057 Doederl.
887 3026 1140 3059 assecutus-'sest
1163 3029 1226 3057 act.

217 3069 346 3102 Monac.
367 3071 432 3103 vol.
456 3069 486 3103 1.
506 3067 630 3112 p.=59.,
643 3075 687 3103 et
703 3072 820 3112 probat
836 3071 957 3105 Elmsl.
986 3070 1054 3104 Sed
1069 3066 1238 3132 li'broruqf}

218 3117 384 3158 scriptura
400 3118 492 3149 nihilv
504 3118 630 3158 sanius,
651 3127 714 3150 nec
730 3119 895 3158 intelligo,
925 3128 983 3150 cur
999 3118 1117 3150 duram
1135 3119 1230 3167 Seii-15

216 3164 279 3195 leri
291 3165 456 3196 rationem
466 3164 581 3196 Herm.
595 3165 694 3205 dicat,
716 3166 776 3206 qui
791 3163 840 3198 κέ
850 3176 867 3211 ρ
878 3162 928 3211 δη
946 3169 979 3197 et
997 3163 1104 3210 ἄτην
1123 3160 1231 3206 ipsum*

188 3230 189 3233 =
222 3209 387 3251 Oedipum
403 3213 520 3255 ⁴⁴yocari
537 3215 770 3252 perspexerat.
800 3212 900 3245 Certe
917 3212 1023 3244 nihilo
1040 3204 1230 3246 duriusffl-

216 3255 370 3301 κήσαντα
393 3261 452 3299 pro
481 3256 663 3303 γενόμενον
680 3259 828 3299 dictum,
856 3269 957 3300 quam
981 3260 1079 3291 toties
1102 3254 1230 3298 dictum

217 3304 352 3344 tragicis
368 3307 549 3350 τραφῆναι.
585 3306 640 3337 An
657 3306 729 3337 suis
745 3306 867 3347 plurali
885 3306 1105 3347 appositionis
1122 3307 1230 3337 offen-

218 3350 339 3395 datur?
372 3351 418 3382 At
435 3353 631 3392 frequenter
647 3353 696 3384 sic
711 3353 909 3394 loquuntur.
939 3350 957 3385 ὁ
974 3349 1123 3390 θάνατος
1139 3350 1232 3391 ξένιά

219 3405 271 3431 σοι
287 3394 466 3443 γενήσεται
482 3399 660 3433 Ευῐ.ἨοΙ.
677 3396 774 3442 480.,
802 3399 890 3444 quod
908 3400 984 3444 quis
1001 3400 1179 3443 improbet,
1201 3400 1235 3433 si*

1259 3108 1364 3151 -bitat,
1385 3110 1461 3147 apte
1479 3107 1544 3138 dici
1561 3109 1654 3147 puto.

2243 0 2252 12 ἶ
2282 0 2288 12 ’i

2222 0 2288 44 ..ἴω

1954 131 2047 181 [ΠΡ.
2057 131 2125 168 291
2131 129 2278 182 -2940

1264 241 1398 281 oblique
1417 241 1464 273 sic
1481 241 1688 282 proferretur
1705 233 1774 287 ᾔδη
1790 239 1850 275 τὸν
1867 238 2016 276 θάνατον
2034 239 2125 281 ξένιά
2142 251 2195 276 σοι
2238 252 2276 277 c-

1262 286 1480 333 νησόμενονῖ
1511 290 1611 334 γαῖαν
1639 286 1764 322 διδόντι
1789 286 1893 328 ξείνια
1920 289 2019 322 Pind.
2040 289 2141 329 Pyth.
2160 286 2196 330 4,
2215 252 2272 324 38.

1264 332 1344 369 ὅθεν
1377 332 1513 379 κομίζω
1545 333 1647 380 τήνδε
1679 346 1734 368 νικ
1760 335 1863 381 τήρια
1894 333 2010 381 λαβών
2043 336 2124 368 Eur.
2144 337 2273 371 Alcest.

1265 379 1367 414 1038.
1389 381 1505 427 ψυχὴν
1522 380 1585 429 γὰρ
1603 379 1696 416 ἆθλα
1711 346 1896 428 τῶεμένην
1916 381 2005 428 ἐμὴν
2023 380 2092 430 ὁρῶ
2110 383 2193 418 Eur.
2205 385 2274 418 ino.

1263 430 1358 462 XVI.
1386 393 1532 474 Μίλητε,
1562 427 1743 462 πολλοῖσιν
1763 428 1900 463 δεῖπνόν
1917 441 1953 463 τε
1977 428 2036 463 καὶ
2053 428 2166 476 ἀγλαὰ
2182 428 2278 477 δῶρα

1263 475 1392 524 γενήσῃ
1411 486 1496 509 orae.
1518 486 1571 518 ap.
1593 477 1718 511 Herod.
1740 473 1773 517 6,
1797 474 1850 509 19.
1881 478 1926 509 Et
1943 479 2165 518 prosariorum
2182 478 2277 511 Thu-

1264 524 1400 563 cydides
1419 524 1508 555 dixit
1524 521 1630 570 λύτρα
1649 520 1782 570 ἀνδρῶν
1806 521 1922 569 λαβὼν
1947 523 2010 570 τὴν
2028 527 2093 571 γῆν
2117 523 2180 570 τὴν
2199 521 2278 560 Κα-

1265 568 1463 617 μαριναίων,
1486 568 1518 611 6,
1541 567 1574 603 5.
1611 571 1800 612 Xenophon
1819 569 1857 604 οὐ
1874 570 2040 618 χρήματα
2065 570 2170 606 αὐτοῦ
2189 570 2278 606 ἐστὶν

1264 616 1282 651 ὁ
1299 615 1418 658 ἵππος,
1455 618 1577 651 Oecon.
1609 615 1639 658 1,
1661 615 1694 650 8.
1725 619 1841 650 Isaeus
1868 621 2022 663 μνημεῖα
2046 622 2110 666 τῆς
2142 617 2276 654 ἐκείνου

1264 663 1462 711 φιλοτιμίας
1481 664 1498 698 ὁ
1516 663 1656 712 τρίπους
1675 662 1807 703 ἐκεῖνος
1825 662 1960 712 ἕστηκε,
1982 666 2023 698 de
2033 667 2187 708 Apollod.
2204 667 2276 700 her.

1264 723 1296 754 p.
1321 710 1399 753 101,
1420 710 1477 746 40.
1500 714 1552 746 ed.
1576 712 1730 746 Schoem.
2001 712 2050 758 (11
2068 724 2102 756 p.
2123 710 2204 755 293,
2226 710 2280 758 6.)

1335 768 1524 827 Οἴκησις
1551 771 1786 803 habitaculum.
1824 769 1893 819 ὁρῶ
1917 772 2023 818 κενὴν
2049 770 2186 818 οἴκησιν
2216 770 2279 805 ἀν-

1262 816 1412 866 θρώπων
1439 817 1530 865 οίχα.
1556 819 1617 852 Ph.
1639 815 1695 851 31.
1725 818 1753 852 ὦ
1777 818 2004 866 κατασκαφὴς
2029 817 2166 866 οἴκησις
2191 817 2280 853 αἰεί-

1264 877 1412 913 φρουρος
1430 868 1511 899 Ant.
1532 863 1612 899 892.

1334 921 1532 971 Οἰκητήο
1559 926 1680 958 incola.
1709 923 1852 973 ἀχρεῖον
1878 924 2049 973 οἰκητῆρα
2072 923 2187 960 τόπων
2211 929 2279 960 τῶν

1265 969 1387 1006 ἐνθάδε
1408 973 1462 1005 oc
1481 955 1560 1006 627.

1335 1027 1362 1066 0
1375 1029 1506 1077 ἰκητή
1519 1043 1534 1069 ς
1552 1033 1670 1063 incola.
1707 1029 1794 1076 ἐμοῦ
1828 1030 1954 1071 ζῶντος
1986 1030 2128 1078 οἰκητοῦ
2159 1033 2280 1080 τυχεῖν

1265 1079 1322 1111 OR
1341 1075 1444 1111 1450.
1466 1097 1508 1102 —
1526 1080 1577 1111 De
1595 1084 1671 1111 tono
1690 1090 1721 1112 V.
1744 1079 1809 1111 ΕΜ
1825 1090 1859 1121 p.
1880 1076 1962 1121 436,
1986 1077 2041 1113 13.

1337 1134 1530 1183 Οἰκητός
1548 1138 1724 1170 habitatus.
1759 1139 1813 1170 De
1831 1139 1918 1193 loco:
1950 1136 2019 1172 ἔστι
2033 1137 2114 1218 ζ’μὴν
2140 1135 2280 1185 οἰκητός

1264 1183 1300 1228 (ὁ
1319 1183 1452 1233 χῶρος)
1470 1185 1524 1218 OC
1542 1183 1598 1218 28.
1628 1183 1770 1224 ἄθικτος
1788 1182 1859 1220 οὐδ’
1877 1184 2016 1232 οἰκητός
2056 1183 2089 1220 9.

1337 1240 1363 1278 Ο
1376 1242 1448 1289 ἰκή
1458 1255 1477 1277 τ
1487 1257 1515 1277 ω
1527 1256 1543 1291 ρ
1561 1244 1734 1277 habitator.
1753 1242 1872 1292 ἄνδρες
1885 1242 2014 1292 χθονὸς
2024 1238 2121 1291 τῆσδ’
2133 1241 2283 1291 εὐγενεῖς

1267 1289 1447 1338 οἰκήτορες
1465 1291 1520 1324 OC
1539 1288 1619 1325 728.
1650 1291 1807 1324 Ceterum
1826 1302 1879 1334 ap.
1903 1292 2004 1333 Soph.
2026 1293 2067 1324 de
2083 1295 2213 1324 mortuo
2229 1293 2282 1325 di-

1265 1342 1357 1370 ctum
1382 1340 1570 1371 inferorum
1587 1340 1731 1371 locorum
1756 1340 1876 1373 incola.
1915 1332 2028 1374 Ἅιδου
2062 1337 2187 1376 πάντες
2218 1336 2278 1373 εἰεί

1266 1383 1386 1430 οἰκήτο
1411 1396 1445 1423 ες
1464 1387 1519 1418 Tr.
1540 1383 1621 1419 282.
1643 1385 1712 1424 ὅτις
1724 1379 1845 1420 (Ἀιδου
1864 1383 2030 1433 φθίμενος
2047 1385 2199 1432 οἰκήτωρ
2217 1385 2282 1421 πέ-

1265 1431 1319 1466 λοι
1343 1431 1382 1464 11
1416 1431 1445 1465 1.
1492 1430 1614 1467 ἕλεσθέ
1648 1427 1682 1479 μ’
1715 1432 1880 1481 οἰκήτορα
1912 1435 1967 1466 Ai.
1989 1431 2057 1467 396
2075 1434 2127 1467 ch.
2158 1427 2280 1470 τἈιδου

1267 1478 1483 1526 θανασίμους
1501 1479 1686 1528 οἰκήτορας
1704 1478 1783 1515 517.

1338 1535 1364 1574 O
1384 1537 1501 1578 ἰκίζω
1519 1539 1627 1572 sedem
1640 1540 1693 1580 do,
1714 1541 1749 1571 in
1766 1540 1932 1572 domicilio
1947 1542 2120 1573 constituo.
2149 1539 2196 1578 ὡς
2214 1538 2284 1574 ποί-

1267 1584 1391 1633 ραυλον
1410 1584 1543 1633 οἰκίσῃς
1561 1586 1616 1619 OG
1627 1584 1706 1619 785.
1737 1585 1754 1620 ὁ
1772 1584 1903 1624 Τυδεὺς
1922 1585 1957 1620 ἐν
1968 1580 2090 1634 ’Ἄργει
2107 1585 2215 1626 ξεῖνος
2233 1586 2280 1622 ὢν

1267 1632 1430 1673 οἰκίζεται
1448 1635 1549 1673 Synd.
1579 1636 1618 1666 fr.
1643 1631 1721 1675 153,
1742 1631 1775 1666 4.
1799 1653 1841 1659 —
1861 1635 1914 1666 De
1932 1634 1986 1667 OC
2006 1632 2062 1669 92.
2083 1646 2115 1667 v.
2137 1633 2254 1669 οἰκέω.

1337 1689 1530 1739 [Οἰκλῆς
1554 1703 1589 1727 n.
1613 1703 1665 1734 pr.
1701 1693 1895 1735 Amphiarai
1925 1697 2031 1735 pater.
2067 1692 2283 1734 Cognominis

1266 1742 1403 1773 fabulae
1421 1741 1522 1782 Soph.
1544 1745 1625 1773 sunt
1643 1751 1696 1782 ap.
1717 1741 1822 1774 Dind.
1844 1742 1885 1774 1⁶1.
1902 1737 1971 1773 415
1988 1742 2009 1773 b
2027 1744 2061 1773 et
2078 1738 2127 1785 c.]

1338 1796 1529 1834 Οἵκοθεν
1547 1800 1656 1831 domn.
1691 1800 1743 1831 De
1760 1800 1888 1841 patria:
1919 1797 2118 1838 ἐλπίσαντες
2141 1797 2282 1834 οἴκοθεν

1266 1844 1358 1893 ἄγειν
1392 1841 1548 1893 Ἀχαιοῖς
1583 1845 1762 1892 ξύμμαχον
1795 1848 1851 1880 Ai.
1874 1844 1976 1879 1052.
2012 1844 2118 1887 λαῶν,
2157 1847 2203 1880 ὦν
2233 1845 2284 1881 ὅδ’

1266 1888 1371 1939 ἡγεῖτ’
1399 1892 1539 1928 οἴκοθεν
1567 1891 1669 1927 1101.
1696 1892 1746 1931 τίς
1772 1890 1799 1926 σ’
1828 1891 1946 1940 ἐξῆρεν
1972 1890 2113 1928 οἴκοθεν
2139 1892 2277 1936 στόλος;

1267 1942 1322 1974 OC
1340 1938 1420 1974 358.
1449 1943 1501 1974 De
1519 1945 1660 1973 accentu
1678 1951 1709 1973 v,
1731 1942 1841 1982 Apoll.
1863 1942 1904 1973 de
1921 1941 1997 1974 adV.
2016 1951 2051 1982 p.
2073 1938 2152 1983 605,
2177 1938 2232 1975 15.

1338 1997 1470 2035 Οἵκοι
1487 2000 1588 2032 domi.
1609 1997 1733 2037 δοῦλος
1751 1997 1816 2033 οὐκ
1832 1998 1978 2046 ὠνητὸς,
1999 1994 2076 2033 ἀλλ’
2093 1997 2183 2034 οἶκοι
2198 2011 2283 2047 τρα-

1267 2046 1342 2094 φείς
1375 2048 1433 2080 OR
1449 2045 1550 2080 1123.
1573 2057 1686 2079 verna.
1715 2048 1755 2078 In
1782 2047 1882 2078 schol.
1912 2049 2000 2080 Ven.
2027 2048 2068 2081 Il.
2090 2058 2117 2080 ε.
2139 2044 2220 2080 533.
2247 2051 2282 2080 et

1266 2096 1336 2129 cod.
1364 2095 1452 2127 Ven.
1481 2095 1582 2127 schol.
1610 2095 1651 2126 ad
1675 2095 1738 2127 Od.
1759 2091 1793 2127 θ.
1818 2090 1895 2126 186.
1916 2095 2041 2135 legitur
2065 2093 2282 2142 οἰκοτρα-

1266 2141 1370 2221 ξῗζγς,
1401 2143 1492 2220 quos}
1514 2143 1636 2221 ALttigss
1660 2143 1872 2220 {npslitatum
1906 2141 2069 2221 ιέῗὲηαῃιξ
2094 2143 2224 2200 Μροτίεν
2246 2146 2281 2174 et

1321 2199 1423 2223 omas.
1457 2200 1500 2221 c.
1559 2199 1576 2221 o
1605 2215 1610 2221 .
1640 2199 1658 2220 a
1759 2198 1774 2219 r
1797 2198 1831 2220 n.
1887 2213 1893 2220 .
1989 2214 1996 2222 .
2031 2201 2075 2222 τα
2145 2201 2161 2226 ς
2189 2199 2281 2222 οικοι

1267 2234 1398 2282 διαίτης
1424 2236 1478 2269 OC
1497 2233 1576 2269 352.
1605 2233 1628 2281 ἡ
1657 2229 1681 2268 δ’
1702 2199 1794 2269 οἵκοῖ
1810 2197 1943 2279 (πόλις)
1961 2233 2041 2268 759.
2060 2200 2140 2268 υνδε]
2151 2238 2277 2277 patria.

1268 2282 1361 2317 οἴκοι
1383 2282 1512 2329 γήμεῖς
1538 2280 1710 2328 εἰσόμεσθ’
1737 2280 1759 2315 ἃ
1783 2282 1852 2329 χρὴ
1880 2285 1991 2316 ποιεῖν
2019 2280 2120 2316 1037.
2149 2301 2194 2307 —
2212 2280 2280 2327 [De

1269 2332 1324 2365 Tr.
1345 2323 1424 2363 730.
1446 2341 1477 2363 v.
1495 2332 1518 2363 i.
1541 2328 1664 2371 οἷκος].
1687 2347 1730 2353 -
1748 2331 1800 2361 De
1818 2334 1957 2362 accentu
1972 2341 2004 2364 v.
2017 2331 2128 2372 Apoll.
2143 2330 2183 2363 de
2200 2330 2277 2364 adv.

1267 2389 1299 2420 p.
1322 2375 1401 2419 588,
1423 2375 1479 2410 21.
1509 2378 1670 2410 Choerob.
1693 2378 1734 2409 ad
1751 2378 1851 2409 Dion.
1872 2387 1907 2418 p.
1931 2374 2032 2409 1213.
2054 2379 2159 2411 Bekk.

1338 2434 1602 2480 Οἰκονομέω
1621 2435 1755 2466 domum
1778 2445 1868 2468 curo.
1908 2433 1974 2468 ἀπε
1998 2433 2028 2469 εί
2057 2447 2109 2473 τις
2141 2433 2281 2474 ἔποικος

1267 2482 1387 2524 ἀναξία
1413 2482 1588 2527 οἰκονομῶ
1610 2479 1789 2527 θαλαμοὺς
1814 2481 1943 2528 πατρὸς
1982 2484 2020 2515 il.
2045 2480 2111 2516 190
2127 2494 2172 2516 m.
2207 2480 2282 2517 ἀντὶ

1265 2533 1326 2565 τοῦ
1352 2529 1597 2574 διαιτῶμαι
1621 2527 1701 2566 τοὺς
1728 2523 1910 2576 πατρῴους
1934 2527 2053 2568 οἴκους
2083 2530 2185 2564 schol.
2209 2531 2276 2571 Ap.

1267 2579 1360 2612 Suid.
1382 2589 1414 2610 V.
1445 2576 1620 2621 οἰκονομῶ
1644 2578 1770 2616 legitur
1788 2574 1964 2621 οἰκοδομῶ
1983 2574 2112 2622 δομοὺς
2129 2574 2275 2623 πατρός;

1266 2635 1345 2657 vera
1363 2629 1476 2657 autem
1495 2626 1659 2666 scriptura
1677 2627 1788 2655 exstat
1804 2624 1894 2665 apud
1910 2623 2057 2657 eundem
2069 2635 2102 2656 V.
2123 2621 2253 2664 ἀναξία.

1338 2680 1365 2718 Ο
1378 2682 1445 2717 ἰκο
1457 2694 1509 2716 πο
1521 2681 1556 2716 ιό
1568 2693 1595 2720 ς.
1625 2675 1696 2715 οὐδ’
1720 2680 1818 2716 ἔνδον
1836 2680 2011 2720 οἰκοποιός
2038 2680 2109 2716 ἐστί
2131 2693 2182 2721 τις
2197 2694 2280 2729 τρο-

1292 2729 1336 2775 ή;
1366 2731 1426 2762 Ph.
1442 2727 1496 2762 32.
1519 2729 1643 2769 Schol.,
1664 2733 1703 2760 ut
1721 2740 1738 2762 0
1750 2727 1880 2763 ἰκόπο
1893 2740 1955 2766 ιος
1971 2730 2094 2770 legisse
2111 2730 2276 2771 videatur,

1266 2742 1290 2820 ἶ
1310 2776 1345 2810 έν
1364 2775 1452 2822 οἴκῳ
1470 2774 1638 2823 γενομένη
1654 2775 1781 2822 τροφή.
1809 2776 1927 2817 Neque
1939 2778 2095 2809 utensilia
2111 2777 2276 2818 intelligo,

1267 2826 1390 2866 quibus
1408 2826 1499 2856 locus
1517 2824 1639 2864 aliquis
1656 2824 1692 2855 in
1705 2823 1841 2855 modum
1853 2823 1972 2855 domus
1985 2824 2178 2864 instruitur,
2199 2823 2280 2866 quia

1268 2882 1334 2904 non
1351 2872 1503 2911 intelligo
1518 2896 1524 2910 ‚
1553 2871 1716 2912 quomodo
1734 2871 1794 2902 hoc
1814 2880 1889 2902 cum
1905 2869 2018 2917 τροφή
2036 2874 2128 2903 recte
2145 2879 2278 2912 compo-

1267 2923 1386 2960 natur,
1415 2919 1474 2950 sed
1491 2916 1624 2964 τροφήν
1641 2921 1722 2958 puto
1741 2915 1837 2950 διατ
1848 2928 1865 2962 ρ
1876 2928 1893 2950 ο
1906 2915 1960 2963 φή
1971 2928 1989 2950 ν
2007 2927 2092 2959 esse,
2113 2917 2280 2960 quidquid

1268 2967 1346 2998 usui
1363 2966 1403 2998 ad
1419 2966 1523 2997 vitam
1541 2964 1745 2997 tolerandam
1757 2989 1765 3004 ,
1801 2974 1901 3006 quam
1935 2975 1952 2997 0
1965 2963 2034 2998 ἰκο
2046 2962 2173 2999 ποιόν
2198 2966 2224 2998 i.
2243 2973 2275 2997 e.

1268 3012 1521 3045 similitudinem
1538 3012 1614 3043 bene
1628 3013 1805 3043 instructae
1819 3011 1935 3042 domus
1947 3012 2153 3052 referentem,
2169 3020 2277 3052 quan-

1267 3069 1368 3101 quam
1392 3060 1429 3091 in
1454 3063 1548 3090 antro
1571 3059 1717 3090 serarum
1735 3059 1850 3090 lustris
1869 3059 2086 3099 comparando
2109 3059 2196 3092 Phil.
2217 3058 2278 3090 ha·

1494 3098 1497 3102 ’
2001 3103 2051 3148 (11
2068 3115 2102 3147 p.
2122 3102 2202 3146 294,
2224 3101 2279 3148 3.)

1338 3161 1444 3199 Οἷκο
1456 3176 1483 3202 ς.
1503 3164 1517 3206 ΙΙ
1535 3164 1664 3205 domus,
1700 3154 1801 3205 quam
1833 3164 1909 3204 quis
1941 3165 2079 3196 habitat.
2119 3162 2154 3201 ἐς
2183 3161 2277 3197 οἷκον

1267 3210 1477 3256 εἰσκομίζετε
1488 3211 1544 3243 OR
1556 3200 1656 3243 1429.
1675 3209 1771 3257 οἶκον
1780 3209 1848 3254 -μὲν
1864 3208 1950 3254 ὁρᾷς
1961 3208 2057 3243 τόνδε
2067 3210 2128 3242 Ph.
2143 3207 2209 3243 159
2219 3219 2274 3242 an.

1266 3263 1400 3291 antrum
1418 3270 1436 3290 a
1453 3259 1640 3290 Philocteta
1656 3258 1856 3292 habitatum,
1886 3255 1921 3297 ἐξ
1946 3255 2046 3290 οἴκου
2070 3254 2186 3301 λαβών
2220 3257 2288 3289 Τι’.-

1269 3302 1372 3337 1066.
1392 3305 1456 3337 Cui
1473 3306 1635 3337 formulae
1650 3305 1812 3342 contraria
1823 3297 1987 3345 'estw'djx'
2004 3314 2022 3336 ο
2033 3302 2078 3347 ἶκ
2089 3315 2106 3337 ο
2117 3315 2133 3336 ν
2146 3328 2153 3342 ,
2174 3305 2288 3347 intua,

1267 3353 1320 3384 El.
1341 3349 1422 3384 929.
1445 3349 1546 3384 1147.
1570 3348 1671 3383 1473.
1708 3351 1762 3384 OC
1781 3348 1860 3382 343.
1901 3349 1956 3382 Tr.
1972 3343 2061 3383 '5311‘
2087 3347 2166 3383 689.
2195 3345 2288 3397 9344

1268 3399 1331 3434 Sed
1349 3399 1404 3434 Ai.
1428 3395 1529 3443 1021.
1565 3399 1626 3433 Ph.
1648 3395 1727 3432 469.
1755 3391 1830 3432 κατ’
1847 3395 1941 3433 οἷκον
1976 3395 2084 3439 domi,
2113 3398 2149 3429 in
2168 3397 2288 3440 patrimj

2270 3471 2288 3525 ii

2277 3526 2288 3600 i
