2288 3600
252 142 349 190 744

255 269 296 296 ας
313 256 414 292 πεδία
424 255 527 292 1376.
539 270 565 304 μ
592 255 619 291 δ’
638 255 856 305 ἐπιμνησθῇς
871 255 1055 303 ἔτιΤροίας
1068 254 1170 291 1401.
1188 255 1278 291 ἑλεῖν

256 304 295 339 τὸ
308 302 435 351 Τροίας
445 269 675 339 πεδίονῖ435.
685 304 743 339 τὸν
753 302 855 340 αὐτὸν
865 303 914 343 εἰς
922 304 1028 339 τόπον
1039 302 1166 350 Τροίας
1177 302 1278 338 ἐπελ-

256 350 328 386 θών
347 353 402 384 Ai.
423 350 504 387 438.
545 350 586 387 λυ
633 354 673 390 ἇς
702 351 866 398 μνήματα
883 350 1010 398 Τροίας
1038 350 1127 385 1210
1145 352 1196 384 ch.
1237 349 1280 384 τὰ

256 397 384 445 Τροίας
417 398 560 445 εἰσορῶν
589 363 723 435 ἑδώλια
756 400 858 439 Synd.
888 401 930 432 fr.
963 397 1049 440 152,
1079 397 1110 432 1.
1140 417 1185 422 —
1224 396 1280 432 ἐπὶ

254 443 362 492 Τροίᾳ
387 447 447 479 Ph.
479 443 545 479 197
563 458 619 480 an.
664 444 747 480 τάπὶ
772 444 880 493 Τροία
905 445 1066 493 πέργαμα
1093 443 1172 479 353.
1195 443 1275 478 611.

257 492 292 528 ἐν
310 490 418 540 Τροίᾳ
444 491 481 528 δέ
507 505 567 539 μοι
593 492 717 528 πολλοὶ
762 493 797 527 ὲν
817 481 938 541 ἐχθροί
963 495 1018 527 Α1.
1042 491 1144 527 1021.
1174 512 1215 518 -
1244 491 1279 530 ἐς

256 538 383 587 Τροίαν
402 539 522 586 μολεῖν
540 543 602 575 Ph.
626 539 705 574 112.
728 506 830 574 1363.
866 539 965 575 πλεῖν
992 539 1072 574 915.
1102 539 1178 587 ἄγει
1195 538 1275 573 941.

257 588 347 636 αἱρεῖ
363 586 405 621 τὰ
420 586 503 627 τόξα
518 591 626 623 ταῦτα
643 587 706 634 τὴν
724 585 850 634 Τροίαν
870 587 959 634 μόνα
976 589 1037 621 Ph.
1054 585 1132 621 113.
1154 585 1279 634 Τροίαν

255 633 283 669 α’
311 633 402 670 ἑλεῖν
427 634 481 669 δεῖ
498 633 578 669 998.
624 633 750 681 Τροίαν
780 634 912 671 ἁλῶναι
938 638 1049 670 πᾶσαν
1070 632 1171 668 1341.
1215 633 1278 680 τὴν

255 681 464 717 πολύστονον
491 680 616 730 Τροίαν
647 682 769 718 ἑλόντα
798 680 900 716 1347.
944 682 1008 728 τὴν
1036 679 1162 727 Τροίαν
1195 680 1278 716 ἰδεῖν

252 727 363 763 1392.
392 729 528 775 πέρσεις
544 742 582 764 τε
600 728 727 777 Τροίαν
747 728 850 763 1428.
878 728 970 776 ἀμφὶ
995 727 1121 777 Τροίαν
1138 731 1192 763 Αἰ.
1210 727 1278 761 415

260 788 305 810 m.
334 775 400 812 ἀνὰ
426 775 489 811 τὰν
518 776 554 812 εὐ
578 776 653 823 ώδη
683 774 808 824 Τροΐαν
842 775 931 810 1190
955 778 1006 810 ch.
1049 775 1122 811 ὅσοι
1151 774 1278 822 Τροίαν

262 822 482 871 ἀφικόμεσθα
502 823 545 858 13
574 823 605 858 1.
626 844 671 850 --
689 827 740 858 De
757 830 836 858 tono
854 836 886 857 V.
908 825 973 857 EM
990 835 1024 866 p.
1047 821 1126 866 770,
1147 822 1169 856 8
1187 834 1260 866 sqq.

330 880 565 929 Τροπαῖον
591 887 783 926 tropaeum
811 894 1005 925 quanquam
1024 884 1065 916 de
1083 885 1220 915 victoria
1246 887 1280 915 et

258 933 417 964 victoriae
440 933 664 964 monumentis
683 932 803 964 tralate
822 932 950 964 dictum
967 935 1031 964 est.
1071 929 1171 976 νίκης
1187 928 1280 976 ἄγων

257 980 407 1024 τροπαῖα
424 976 628 1025 κάκροθίνια
646 980 701 1012 Tr.
724 976 804 1011 751.
839 976 975 1016 κούδεὶς
997 975 1133 1024 τροπαῖ’
1159 975 1279 1023 ἔστησε

258 1029 328 1060 τῶν
347 1024 441 1071 ἐμῶν
458 1029 572 1073 χερῶν
585 1023 687 1059 1102.
707 1044 746 1050 -
766 1026 937 1058 Accentus
949 1027 1170 1068 peninflexus
1182 1030 1279 1057 Vete-

257 1075 353 1106 ribus
382 1074 524 1115 Atficis,
554 1083 617 1106 nec
634 1074 826 1113 Thucydidi
851 1074 967 1114 modo,
1001 1075 1055 1105 cui
1082 1074 1198 1114 tragici
1225 1082 1279 1105 so-

260 1121 391 1162 ciandi,
423 1121 478 1152 sed
500 1121 721 1163 Aristophani
739 1121 842 1153 etiam
861 1131 1027 1154 consensu
1045 1121 1279 1161 grammatico·-

258 1178 333 1201 rum
367 1169 549 1209 tribuitur3
586 1179 618 1201 V.
648 1169 751 1200 schol.
788 1169 894 1200 Arist.
930 1168 1021 1200 Plut.
1051 1165 1131 1200 453.
1175 1167 1276 1199 schol.

258 1216 410 1255 Thucyd.
434 1212 464 1257 1,
486 1212 543 1248 30.
572 1215 671 1256 Greg.
693 1215 768 1248 Gor.
790 1213 823 1259 §-
841 1213 876 1248 8.
897 1216 1066 1257 Eupolin,
1089 1215 1277 1255 Cratinum,

257 1263 520 1304 Aristophanem
539 1263 701 1295 antestati
718 1266 852 1304 praeter
872 1263 1104 1303 Thucydidem
1116 1287 1124 1303 ,
1156 1263 1197 1294 de
1215 1271 1280 1303 quo

258 1311 295 1342 in
313 1311 470 1342 confessu
488 1319 541 1342 res
560 1314 630 1352 est;
667 1310 870 1352 Porphyrius
895 1321 930 1343 π.
954 1321 979 1343 π
1003 1307 1106 1355 οσῳδ.
1133 1319 1186 1350 ap.
1207 1309 1282 1340 Vil-

255 1358 331 1390 lois.
355 1358 484 1390 Anecd.
505 1358 570 1390 vol.
591 1354 626 1398 2,
650 1354 750 1398 104.‚
778 1357 842 1389 EM
869 1367 903 1399 p.
933 1354 977 1389 76
1005 1383 1013 1398 ,
1037 1354 1090 1389 14.
1121 1357 1220 1389 Eust.
1242 1366 1276 1397 p.

258 1402 338 1446 531,
361 1401 419 1436 34.
447 1405 492 1436 Et
509 1405 563 1437 hic
580 1405 718 1446 quidem
744 1401 928 1450 ἀσυνήθως
942 1430 949 1444 ,
977 1405 1001 1437 1.
1023 1414 1053 1436 e.
1087 1408 1200 1436 contra
1224 1413 1279 1435 re-

257 1453 445 1485 centiorum
471 1462 572 1484 usum
597 1455 771 1494 receptum
798 1452 834 1484 id
860 1453 933 1484 fieri
951 1452 1053 1492 dicit,
1073 1451 1280 1493 Porphyrius

256 1503 372 1533 contra
395 1500 601 1540 analogiam,
634 1500 762 1541 quippe
793 1509 870 1531 cum
901 1497 1089 1545 σπήλαιον,
1123 1495 1277 1544 ἕρμαιον,

257 1543 374 1581 ἔλαιον
390 1570 399 1587 ,
427 1544 561 1592 δέραιον
588 1550 622 1579 et
648 1548 775 1579 similia
805 1548 916 1579 omnia
943 1549 1112 1592 μονογενῆ
1139 1548 1175 1578 in
1206 1556 1279 1579 αιον

258 1594 421 1627 exeuntia
445 1598 761 1636 propenacuantu13
793 1599 909 1626 contra
936 1594 1038 1626 schol.
1060 1594 1231 1635 Aristoph.
1252 1593 1275 1624 1.

257 1652 285 1675 c.
307 1642 407 1684 plane
425 1642 606 1674 convenire
623 1642 664 1674 ad
681 1642 791 1681 legem
809 1643 973 1674 sermonis
991 1643 1050 1681 ait,
1070 1641 1159 1673 haud
1177 1641 1279 1673 dubie

255 1689 344 1731 quod
361 1693 522 1721 neutrum
545 1689 704 1721 adiectivi
727 1686 893 1735 τρόπαιος
909 1689 1056 1721 eundem
1073 1693 1192 1721 tonum
1217 1699 1279 1720 cu-

255 1737 378 1769 stodire
394 1737 570 1769 nonnullis
596 1740 863 1769 consentaneum
891 1737 1003 1768 Visum
1029 1740 1093 1768 est.
1137 1736 1278 1768 Arcadio

253 1785 473 1826 peninflexus
498 1787 658 1817 accentus
686 1785 777 1816 solus
799 1784 938 1816 Atticus
964 1787 1100 1816 Vocatur
1128 1793 1163 1825 p.
1196 1780 1275 1824 120,

253 1828 312 1864 22.
341 1832 518 1864 Librorum
543 1833 609 1863 etsi
634 1833 671 1863 in
698 1841 737 1864 eo
766 1841 878 1863 rerum
904 1840 1027 1871 genere
1053 1833 1177 1872 exigua
1194 1831 1277 1863 fides

254 1882 327 1920 est,
349 1883 463 1911 tamen
482 1879 539 1910 Tr.
563 1875 665 1912 1102.
694 1889 796 1911 Verus
814 1883 974 1911 accentus
992 1879 1028 1910 in
1046 1879 1105 1911 LA
1123 1882 1277 1910 servatus

254 1929 317 1959 est.
347 1925 398 1959 cf.
419 1926 541 1958 Elmsl.
570 1926 611 1958 ad
628 1926 712 1959 Eur.
733 1926 865 1959 Heracl.
886 1923 969 1959 403.

324 1981 530 2031 Τροπαῖο
545 1996 573 2022 ς.
595 1985 654 2017 Bis
671 1986 743 2017 Iovi
761 1989 1020 2026 cognomentum
1038 1985 1193 2025 additur,
1222 1994 1277 2017 se-

257 2033 326 2065 mel
354 2036 395 2065 ut
422 2034 576 2065 victoriae
602 2036 770 2064 auctorem
800 2034 979 2073 significet,
1012 2028 1042 2066 Z
1070 2030 1102 2065 νὶ
1124 2030 1276 2077 τροπαίῳ

257 2081 341 2112 Ant.
365 2076 432 2112 143
448 2089 505 2113 an.
521 2104 528 2120 ,
550 2080 654 2112 semel
672 2083 713 2111 ut
729 2089 952 2112 averruncum
964 2106 972 2120 ‚
999 2079 1027 2112 ὧ
1080 2081 1117 2113 εὖ
1133 2082 1277 2126 τροπαῖε

259 2127 314 2160 Tr.
336 2123 417 2160 303.
437 2138 470 2159 V.
491 2127 667 2167 Wyttenb.
686 2128 727 2159 ad
745 2127 837 2160 Plut.
862 2128 956 2169 Sept.
980 2127 1057 2168 Sap.
1080 2127 1219 2159 ConviV.
1240 2138 1274 2169 p.

261 2171 339 2215 149,
363 2174 397 2206 d.
421 2192 458 2198 —
489 2174 575 2206 Mira
593 2177 692 2214 sunt,
721 2183 808 2215 quae
825 2175 866 2206 de
884 2179 963 2206 tono
980 2174 1135 2206 vocabuli
1151 2176 1279 2215 profert

259 2221 381 2253 Elmsl.
419 2221 459 2253 ad
492 2221 574 2253 Eur.
602 2221 737 2254 Heracl.
765 2217 868 2262 403.,
907 2223 1004 2263 quasi
1029 2223 1210 2263 quisquam
1237 2222 1277 2253 de

257 2269 529 2310 peninfiectendo
546 2269 773 2301 dubitaverit:
795 2279 827 2301 V.
847 2269 968 2301 Arcad.
989 2279 1023 2310 p.
1044 2266 1101 2309 42,
1122 2266 1180 2301 28.
1201 2269 1275 2301 coll.

258 2315 419 2358 Porphyr.
439 2325 492 2358 ap.
512 2316 645 2348 Villois.
665 2316 733 2349 An.
755 2316 813 2350 Gr.
833 2314 868 2349 2.
887 2327 922 2358 p.
946 2313 1024 2348 104.

325 2371 480 2420 Τροπή
506 2375 604 2416 fiaya,
631 2372 696 2420 ἥδε
713 2372 896 2422 (ἀναρχία)
921 2373 980 2409 σὺν
999 2372 1097 2421 μάχῃ
1127 2373 1278 2419 [συμμά-

280 2432 320 2455 ου
339 2422 444 2455 Dind.
460 2432 488 2454 c.
505 2419 641 2467 Reisk.]
660 2421 760 2468 δορὸς
777 2434 796 2456 τ
819 2420 906 2460 οπάς
919 2422 1174 2468 καταρρήγνυσι
1191 2423 1272 2454 Ant.

253 2432 335 2502 675.
357 2467 392 2503 ἐν
409 2468 523 2515 τροπῇ
539 2467 639 2514 δορός
652 2470 708 2502 Ai.
728 2467 793 2502 127
823 2495 830 2501 .
851 2470 1037 2511 Utrobique
1053 2468 1152 2514 δορός
1166 2471 1276 2502 active

256 2516 385 2548 dictum
397 2542 405 2557 ,
426 2516 514 2557 fuya
532 2517 631 2557 quasi
647 2516 758 2549 hastae
782 2527 879 2558 opera
903 2517 1007 2558 facta.

324 2570 490 2620 Τρόπις
515 2577 641 2608 carina.
670 2576 799 2608 Navem
831 2576 1002 2617 significat
1026 2573 1274 2610 ἀπευθύνουσιν

255 2618 372 2667 οὐρίαν
388 2621 506 2700 τὸρόπιν
526 2621 631 2662 synd.
652 2624 693 2656 fr.
717 2621 800 2655 151.
823 2620 858 2655 2.
888 2640 929 2647 —
956 2624 1009 2655 De
1035 2627 1114 2655 tono
1139 2634 1170 2655 V.
1192 2623 1271 2655 Arc.

253 2678 289 2711 p.
310 2665 375 2709 33,
422 2693 429 2701 .
449 2679 482 2699 V.
503 2673 573 2702 not.
975 2669 1025 2715 (ΙΙ
1041 2681 1075 2712 p.
1097 2667 1178 2710 857,
1201 2667 1276 2714 14.)

323 2711 503 2760 Τρόπος
528 2716 542 2759 ΙΙ
566 2716 703 2758 modus,
731 2718 818 2750 ratio
831 2743 839 2758 ‚
869 2727 946 2750 cum
962 2718 1111 2750 faciendi
1129 2722 1202 2749 tum
1219 2727 1274 2749 re-

253 2772 328 2795 rum
345 2763 559 2797 conditionis.
587 2761 650 2797 τίνι
666 2761 784 2810 τρόπῳ
801 2761 1012 2806 καθέστατε;
1042 2765 1100 2797 OR
1120 2762 1176 2796 10.
1198 2765 1221 2797 i.
1239 2775 1271 2806 q.

254 2813 329 2847 πῶς
354 2806 527 2844 διάκεισθε
555 2809 641 2844 ὥστε
660 2806 783 2845 ἐνθάδε
808 2809 1082 2857 καθεστηκέναι,
1110 2821 1175 2843 non
1200 2815 1275 2849 πῶς

255 2852 428 2890 διάκεισθε
455 2858 673 2902 simpliciter,
705 2859 797 2900 quod
825 2860 986 2891 Elmsleio
1015 2863 1050 2891 et
1073 2858 1271 2899 Matthiaeo‚

253 2913 316 2936 nec
348 2913 448 2945 quare
480 2904 677 2946 advenistis,
706 2907 794 2947 quod
819 2906 988 2938 Brunckio
1012 2907 1135 2947 placet.
1178 2903 1229 2942 τίς
1255 2904 1273 2939 ὁ

251 2948 1045 3045 222⁰&ssssss⁹35⁹?f2‘5'2139ffl'3‘2‘ffaffl&
1063 2952 1167 3032 Ἀἲξ
1189 2949 1270 3032 253²?

251 3044 356 3077 Recte
372 3045 601 3086 interrogandi
619 3047 754 3088 signum
771 3050 848 3089 post
863 3045 980 3093 τρόπῳ
1007 3048 1136 3080 delevit
1152 3047 1271 3079 Herm.

253 3089 342 3136 ποίῳ
368 3089 407 3124 δὲ
437 3089 644 3127 κάπελύσατ’
677 3091 712 3127 ἐν
769 3096 866 3132 οναῖς
889 3093 1027 3140 τρόπῳ;
1060 3091 1162 3127 1314.
1192 3091 1274 3139 τρό-

254 3149 320 3172 πον
338 3137 400 3183 μὲν
418 3134 459 3172 ἂν
477 3138 591 3174 πόνων
610 3138 673 3174 οὐκ
689 3138 730 3174 ἂν
743 3104 908 3186 ξιείποιμι
926 3142 983 3173 Tr.
999 3138 1057 3174 21.
1077 3139 1142 3175 τίνι
1156 3140 1273 3188 τρόπῳ

255 3182 373 3220 θανεῖν
392 3195 454 3230 σφε
473 3184 562 3233 φής;
591 3185 672 3220 878.
701 3186 772 3235 ὅτῳ
790 3186 907 3234 τρόπῳ
932 3199 1000 3222 πατ
1022 3186 1035 3222 ὶ
1064 3186 1159 3226 δίκας
1177 3186 1276 3233 ἀροί-

255 3243 324 3278 μην
350 3233 405 3265 El.
426 3229 482 3265 33.
510 3233 558 3289 τῷ
579 3232 697 3280 τρόπῳ
725 3233 918 3277 δίολλυται;
957 3199 1037 3269 679.
1074 3235 1219 3268 Pluralis
1238 3244 1276 3267 eo

255 3288 361 3312 sensu
377 3279 480 3311 rarior
491 3290 649 3325 τροποισι
660 3279 788 3323 ποίοις;
811 3281 865 3315 00
883 3279 963 3315 468.
979 3279 1176 3327 ναυκλήρου
1194 3279 1277 3329 τρό-

258 3336 336 3364 ποις
361 3324 501 3371 μορφὴν
533 3324 689 3366 δολώσας
718 3329 780 3362 Ph.
802 3326 881 3362 128.
917 3329 990 3362 Hoc
1006 3333 1046 3362 nt
1069 3330 1276 3370 exquisitius

261 3377 361 3414 poeta
387 3374 568 3415 praetulit3
613 3375 881 3416 significantius,
914 3377 1002 3417 quod
1032 3377 1143 3408 Visum
1172 3376 1277 3409 Butt-

1038 139 1264 207 Τροπαῖον
1297 170 1356 177 -
1385 140 1566 207 Τροφός

1995 154 2041 197 [11
2057 164 2091 196 p.
2112 151 2272 189 856-815

1317 258 1419 290 solius
1437 257 1582 299 habitus,
1613 259 1796 291 cuiusmodi
1819 263 2005 292 nautarum
2029 261 2131 292 soleat
2155 269 2232 292 esse.
2265 264 2288 293 Η

1316 308 1428 337 terum
1445 304 1548 337 Tricl.
1568 302 1716 350 τρόπον,
1743 307 1803 338 sed
1834 307 1977 339 alterum
1999 307 2076 339 libri
2092 317 2207 340 omnes
2233 311 2288 346 tu·;

1316 358 1381 384 tur.
1404 370 1446 375 -—
1465 354 1603 389 umores
1627 355 1658 384 et
1676 352 1806 385 habitus
1830 356 1937 386 animi
1960 364 2057 395 seque
2073 354 2218 395 qen-endi.
2252 351 2288 396 νΙ

1317 396 1444 444 βουλὰς
1462 396 1584 432 νέοισιν
1604 396 1853 445 ἐγκαταζεύξας
1867 400 2007 448 τρόποις
2023 402 2080 434 Ai.
2099 398 2179 434 736.
2205 399 2288 436 muti

1315 448 1440 478 animo.
1477 444 1517 480 ἐκ
1532 444 1640 480 τῶνδε
1650 445 1775 503 μέντοι
1791 452 1860 482 τῶν
1876 446 2012 494 τρόπων
2028 446 2092 483 οὐκ
2109 445 2150 482 ἄν
2167 459 2251 481 ποτε
2265 446 2288 482 ai

1316 492 1473 531 τοίστασις
1498 487 1620 539 γένοιτ’
1646 505 1686 528 αν
1713 492 1851 533 οὐδενὸς
1866 495 1905 530 νό
1936 506 1974 529 ου
2002 492 2103 529 1246.
2147 493 2211 529 οὐκ
2228 493 2288 541 ἐμιί

1315 538 1464 585 τρόπους
1481 538 1592 585 λέγεις
1611 542 1665 573 El.
1687 538 1766 575 397.
1804 536 1875 576 οὔτ’
1919 541 1969 589 γὼ
1989 540 2071 581 τοὺς
2089 540 2167 580 σοὺς
2184 540 2279 588 τρθπι

1316 581 1553 634 (τολμῴηνᾶν
1573 585 1741 633 ἐπαινεῖν)
1762 587 1863 623 1051.
1893 587 2051 635 δυσσεβεῖ
2066 588 2182 635 τρόπῳ
2200 591 2241 622 fr.
2262 590 2288 621 i:i

1316 632 1395 667 681.
1426 645 1527 676 quam
1543 637 1745 677 particulam
1763 637 1854 670 Stob.
1885 638 2026 680 Diphilo
2044 638 2245 677 adsignavit.

1386 690 1619 740 Τροφεῖον.
1639 695 1781 727 Pluralis
1798 698 1922 728 victum
1939 697 2117 737 significat.
2147 693 2182 730 αἳ
2200 693 2238 729 δὲ
2255 705 2288 729 6¹2

1316 751 1416 785 νομοι
1441 739 1647 784 (Aegyptiae
1665 742 1841 787 mulieres]
1865 741 1955 782 τᾶξω
1985 741 2059 788 βίου
2083 745 2228 789 τροφεῖα
2244 753 2288 777 πι.

1317 785 1449 822 σύνουσ’
1474 787 1528 822 ἀεί
1552 789 1608 821 OC
1626 787 1706 822 341.
1744 791 1869 822 Nullus
1892 795 2044 823 veterum
2068 791 2240 823 doctorum
2257 799 2282 823 e.

1315 837 1469 868 vocabuli
1486 837 1555 868 vim
1573 837 1697 878 tetigit.
2108 836 2158 881 (11
2175 847 2210 878 p.
2230 834 2282 870 851

1387 890 1415 928 Τ
1424 905 1441 939 ρ
1452 905 1469 928 ο
1482 905 1505 939 φ
1516 893 1559 928 εὑ
1572 906 1600 933 ς.
1631 896 1765 937 Pmprie
1784 896 1908 928 dicitur
1924 898 1980 938 qui
2004 896 2176 928 educando
2192 899 2223 928 et
2247 905 2283 928 en

1317 942 1444 974 triendo
1465 952 1569 983 puero
1594 952 1727 983 operam
1752 943 1822 975 dat.
1858 942 1912 990 χώ
1935 941 2081 989 τροφεὺς
2105 941 2237 988 τούμοῦ
2263 953 2283 976 τι

1314 987 1395 1034 τρός
1428 989 1488 1022 Ph.
1511 986 1591 1023 344.
1626 990 1778 1022 Phoenix
1802 991 1956 1023 Achillis.
1994 991 2126 1023 Tralate
2151 991 2284 1023 (1101ἤέ

1316 1040 1371 1068 tur
1384 1037 1440 1069 Ai.
1461 1033 1550 1069 863:
1591 1038 1650 1069 ubi
1679 1047 1754 1069 cum
1779 1038 1863 1070 mori
1892 1042 2005 1070 certus
2030 1038 2120 1071 Aiax
2146 1039 2284 1071 invocas*

1317 1085 1446 1123 lucem,
1469 1086 1610 1125 patriam
1630 1084 1816 1125 Salamina,
1837 1085 1991 1117 Athenas
2009 1089 2043 1118 et
2058 1086 2237 1127 populares
2255 1094 2284 1118 st

1317 1131 1547 1163 Athenienses
1564 1157 1571 1173 ,
1600 1133 1714 1164 fontes
1732 1137 1766 1164 et
1783 1133 1926 1164 flumina
1942 1142 2141 1174 camposque
2160 1133 2288 1165 Troiam

1317 1179 1428 1210 omnia
1444 1188 1512 1210 una
1530 1179 1783 1220 comprehendit
1815 1177 1943 1226 χαίρετ’
1968 1179 1996 1213 ὦ
2020 1181 2153 1227 τροφῆς
2179 1177 2284 1224 ἐμοί(

1317 1235 1414 1265 cens,
1445 1227 1532 1266 quod
1556 1228 1664 1267 male,
1692 1236 1745 1258 me
1771 1228 1902 1268 iudice,
1942 1227 2045 1260 schol.
2072 1227 2142 1259 Pal.
2171 1227 2285 1269 explic

1317 1271 1345 1305 ὦ
1363 1270 1639 1318 ἀναθρεψάμενοί
1658 1284 1711 1318 με,
1732 1273 1908 1308 τουτέστιν
1925 1272 1958 1308 οἱ
1974 1276 2100 1321 γονεῖς.
2120 1274 2209 1307 Sunt
2218 1274 2286 1316 poti

1316 1320 1387 1352 loca
1416 1321 1473 1352 illa
1502 1324 1581 1352 ante
1611 1325 1813 1363 memorata,
1847 1323 2048 1363 quibuscum
2077 1323 2173 1363 quasi
2191 1322 2288 1354 νίνου

1317 1372 1548 1408 consueverat,
1570 1378 1761 1410 quanquam
1777 1367 1966 1415 τρέφεσθαι
1982 1378 2049 1401 non
2067 1369 2109 1401 ad
2127 1369 2239 1400 omnia
2255 1377 2288 1402 oo

1317 1416 1413 1446 venit
1429 1417 1565 1455 optime.
1588 1416 1635 1447 At
1651 1420 1704 1448 est
1712 1420 1830 1457 poetae
1840 1418 1954 1449 oratio.
1975 1416 2135 1449 Ceterum
2144 1415 2288 1449 Bruncki

1317 1463 1447 1503 primus
1463 1465 1596 1509 τροφῆς
1613 1461 1658 1506 (S.
1678 1462 1809 1511 τροφῇς
1823 1491 1829 1503 ,
1857 1465 1918 1496 hoc
1935 1464 2072 1506 quidem
2089 1461 2206 1508 male).

1389 1517 1506 1567 Τροφ
1524 1520 1531 1532 ’
1544 1547 1551 1555 .
1572 1525 1587 1560 ΙΙ
1603 1524 1799 1555 nutricatus.
1837 1526 1977 1568 μαστῶν
2004 1520 2155 1561 ἀποστὰς
2177 1520 2237 1556 καὶ
2251 1531 2288 1571 τρ

1319 1570 1388 1613 φῆς
1405 1569 1458 1600 El.
1481 1567 1523 1601 77
1553 1595 1560 1602 .
1583 1587 1624 1593 —
1644 1569 1658 1612 ss
1675 1570 1844 1611 educatio,
1872 1571 2047 1611 αῑὶτηοπὶα,
2074 1574 2204 1603 tenerae
2229 1571 2288 1613 infl

1316 1617 1379 1647 mis
1411 1618 1539 1649 aetatis.
1580 1615 1674 1662 οἴμοι
1699 1614 1844 1651 τάλαινα
1870 1620 1935 1662 τῆς
1961 1615 2051 1664 ἐμῆς
2075 1615 2182 1651 πάλαι
2203 1627 2244 1663 τρ
2283 1616 2285 1618 ’

1317 1660 1543 1709 ἀνωφελήτου
1573 1661 1673 1697 1143.
1708 1663 1789 1702 νέας
1814 1668 1946 1711 τροφῆς
1972 1662 2149 1711 στερηθείς
2177 1665 2232 1698 Ai.
2250 1661 2284 1709 5,

1317 1708 1352 1750 ἐξ
1371 1708 1449 1744 ὅτου
1468 1709 1547 1749 νέας
1570 1714 1701 1758 τροφῆς
1721 1710 1821 1758 ἔληξε
1845 1713 1900 1746 OC
1927 1709 2007 1745 346.
2034 1714 2059 1744 1.
2081 1722 2112 1744 e.
2139 1709 2230 1758 ἥβης
2254 1707 2288 1747 lt

1314 1767 1388 1803 χεν.
1418 1756 1572 1792 παιδείου
1589 1762 1721 1806 τροφῆς
1738 1760 1820 1791 Ant.
1843 1756 1923 1792 918.
1946 1777 1986 1785 -
2016 1760 2081 1793 Sed
2098 1761 2199 1792 etiam
2216 1759 2288 1805 aliq

1315 1806 1373 1836 nia
1391 1806 1551 1838 universe
1569 1806 1713 1848 dicitur,
1733 1808 1757 1838 i.
1778 1817 1809 1840 e.
1829 1808 1937 1839 victus
1955 1807 2135 1848 quaerendi
2150 1807 2288 1847 negotii

1314 1849 1455 1885 κούκέτι
1478 1852 1541 1898 τὴν
1571 1852 1783 1899 δυσπόνητον
1810 1848 1891 1893 ἕξετ’
1916 1848 2001 1901 ἀμφ’
2026 1852 2104 1900 ἐμοὶ
2128 1851 2288 1902 τροφήν(

1319 1895 1420 1931 1614.
1449 1903 1581 1948 τροφῆς
1599 1898 1724 1935 ἄοκνον
1740 1902 1796 1934 Ai.
1817 1899 1897 1934 563.
1927 1902 1983 1935 Sic
1998 1903 2165 1943 pluralem
2181 1894 2288 1948 intem*

1314 1946 1370 1979 OG
1389 1944 1470 1980 338.
1499 1947 1526 1981 ὦ
1545 1946 1642 1982 πάντ’
1660 1946 1780 1982 ἐκείνω
1805 1951 1879 1987 τοῖς
1897 1948 1932 1983 ἐν
1951 1945 2115 1996 Αἰγύπτῳ
2132 1947 2250 1993 νόμοις
2268 1954 2273 1957 ’

1315 2003 1364 2027 σιν
1382 1992 1646 2029 κατεικασθέντε
1663 1995 1722 2029 καὶ
1741 1994 1815 2041 βίου
1832 1995 1981 2044 τροφάς,
2002 1997 2091 2038 quod
2109 2005 2237 2038 sequen
2276 2039 2278 2041 ‚

1314 2043 1468 2074 Versibus
1496 2043 1618 2075 deinde
1647 2044 1803 2085 pluribus
1831 2045 1992 2086 persequi
2020 2048 2151 2086 poetam
2177 2044 2288 2083 videm

1314 2089 1402 2121 Viros
1420 2090 1509 2122 domi
1534 2092 1650 2123 sedere
1662 2116 1670 2131 ‚
1697 2092 1860 2123 mulieres
1877 2093 1913 2124 in
1936 2092 2069 2133 publico
2085 2092 2210 2123 Victum
2225 2087 2288 2134 qr*

1314 2145 1399 2168 rere.
1424 2155 1465 2161 —
1496 2137 1510 2179 ΙΙ
1539 2137 1630 2170 Hinc
1657 2139 1745 2170 vitae
1776 2143 1809 2171 et
1834 2141 1940 2170 victus
1964 2140 2127 2170 ‘rationem
2151 2130 2288 2178 signifi

1315 2185 1378 2229 φεῦ
1396 2187 1459 2229 τῆς
1477 2181 1636 2230 ἀνύμφου
1657 2182 1829 2231 δυσμόρου
1855 2197 1891 2219 τε
1917 2188 1980 2232 σῆς
1997 2187 2129 2232 τροφῆς
2147 2185 2201 2217 El.
2224 2174 2288 2228 iffi

1315 2228 1450 2264 δούλιον
1478 2229 1564 2272 ἕξειν
1582 2231 1714 2278 τροφήν
1732 2234 1788 2265 Ai.
1809 2230 1890 2265 499.
1920 2232 2070 2279 ζητοῦσα
2085 2231 2150 2279 τὴν
2167 2230 2242 2278 σήν,
2255 2228 2288 2279 ᾗ

1313 2277 1515 2324 κατοικοίης
1528 2306 1536 2320 ‚
1555 2280 1688 2327 τροφήν
1706 2280 1761 2313 OC
1780 2277 1860 2312 362.
1890 2284 1965 2318 πῶς
1982 2278 2047 2326 γὰρ
2127 2277 2201 2325 βίου
2218 2276 2288 2325 RQ

1315 2336 1392 2359 στον
1412 2323 1531 2371 ἕξομεν
1548 2327 1698 2373 τροφάν;
1730 2324 1820 2360 1687
1844 2338 1913 2369 m.,
1950 2328 2040 2369 quod
2064 2328 2179 2359 minus
2206 2336 2249 2359 ex
2284 2325 2288 2328 ”

1314 2374 1378 2404 site
1396 2374 1438 2405 de
1455 2376 1545 2406 victu
1562 2375 1628 2408 dici
1646 2376 1830 2418 putaveris
1850 2393 1890 2399 —
1910 2378 2073 2421 μαρτυρῶ
2089 2372 2263 2412 κάκιστοςῖ

1314 2417 1464 2465 θρώπων
1502 2425 1647 2470 τροφαῖς
1681 2424 1757 2460 ταῖς
1793 2424 1902 2455 σαῖσιν
1934 2419 2033 2467 ἥκειν
2066 2421 2122 2454 OC
2155 2417 2254 2454 1265.

1311 2464 1324 2512 ss
1350 2468 1460 2500 Victus
1485 2470 1558 2510 ipse
1581 2473 1711 2517 τροφᾶς
1736 2467 1952 2514 κηδομένους
1977 2470 2031 2501 El.
2054 2465 2145 2501 1060
2166 2469 2217 2500 ch.
2269 2471 2275 2474 '

1311 2515 1441 2547 Victum
1459 2526 1543 2557 quae
1560 2519 1753 2558 pertinent:
1775 2512 1843 2550 οὐδ’
1870 2514 1967 2550 ἔνδον
1993 2513 2169 2553 οἰκοποιός
2193 2512 2224 2548 ἐ
2266 2513 2286 2532 ⁴¹

1311 2561 1442 2609 τροφή;
1472 2564 1532 2595 Ph.
1552 2561 1608 2597 32.
1630 2575 1661 2597 V.
1684 2561 1870 2601 οἰκοποιός.
1901 2562 1965 2597 οὐκ
1987 2561 2078 2610 ἔχων
2095 2559 2227 2610 τροφήν
2249 2573 2282 2605 J,

1313 2609 1342 2644 εἰ
1359 2609 1472 2655 πατὴρ
1488 2611 1620 2658 τροφὴν
1640 2610 1715 2665 ἔχοι
1732 2611 1788 2644 OC
1806 2608 1886 2643 352.
1925 2608 1965 2644 ἐκ
1989 2609 2104 2644 ταῖνδε
2127 2607 2186 2643 καὶ
2199 2619 2233 2642 τ
2247 2627 2251 2637 ›

1313 2655 1385 2704 ἔχω
1412 2655 1486 2701 βίου
1513 2656 1593 2691 446.
1629 2663 1753 2693 vectum
1777 2660 1998 2690 necessarium
2029 2659 2118 2689 vitae
2147 2671 2151 2685 .·
2187 2679 2191 2684 .
2218 2673 2229 2682 μ

1312 2706 1382 2737 dae.
1412 2705 1502 2737 Hinc
1520 2707 1604 2747 tela,
1642 2707 1765 2748 quibus
1792 2705 1994 2738 Philoctetes
2013 2705 2054 2736 ad
2079 2705 2207 2736 victum
2222 2707 2287 2745 φ]

1312 2752 1455 2785 rendum
1474 2754 1636 2785 utebatur
1652 2754 1823 2785 dicuntur.
1864 2750 1925 2785 τάν
1944 2750 2030 2797 ἐμὰν
2057 2748 2182 2796 μελέου

1312 2801 1373 2832 Ph.
1405 2796 1495 2831 1126
1518 2810 1563 2832 m.
1594 2818 1636 2824 —
1667 2801 1682 2843 ΙΙ
1713 2800 1824 2832 Semel
1849 2797 1992 2846 τροφή
2024 2801 2191 2839 concreta,

1312 2848 1448 2887 dicunt,
1477 2849 1553 2880 τοῦ
1581 2844 1954 2894 ἐκτεθραμμένου
1982 2845 2226 2886 significatione
2248 2843 2284 2878 ν”ἶ

1312 2899 1378 2926 tur.
1408 2892 1436 2927 ὦ
1453 2891 1555 2927 τέκνα
1573 2890 1721 2939 Κάδμου
1739 2896 1800 2927 τοῦ
1818 2891 1925 2927 πάλαι
1938 2891 2000 2926 νέα
2015 2890 2126 2939 τροφή
2145 2891 2202 2924 OR
2215 2887 2269 2923 1.’

1312 2951 1384 2973 rara
1399 2941 1462 2972 hac
1478 2943 1631 2973 vocabuli
1656 2942 1690 2973 Vi
1715 2951 1855 2973 monens
1873 2941 2000 2980 Musgr.
2021 2938 2222 2981 comparavit

1313 2988 1403 3028 Cycl.
1427 2984 1505 3020 189.
1534 2985 1702 3032 [Pertinet
1730 2989 1797 3021 huc
1822 2997 1954 3029 quoque
1978 2986 2032 3020 OG
2051 2983 2131 3019 330.
2174 2985 2253 3017 Diu
2276 2982 2284 2988 ’

1311 3036 1501 3067 coniectura
1517 3037 1716 3077 temptantis
1735 3035 1762 3069 ὦ
1781 3033 1830 3069 δύ’
1847 3032 1958 3069 ἀθλίω
1975 3032 2113 3080 τροφοί]
2271 3030 2280 3039 '

1381 3090 1467 3139 Τρο
1512 3092 1557 3131 ός
1581 3096 1706 3126 nutriae.
1743 3094 1909 3126 Universe
1927 3093 2075 3133 dictum,
2105 3100 2171 3124 non
2193 3099 2215 3131 p
2252 3132 2257 3137 .

1312 3151 1372 3173 sua
1388 3142 1440 3173 vi:
1471 3105 1545 3174 εἷθ’
1563 3139 1595 3174 οἰ
1611 3134 1686 3174 κατ’
1704 3138 1800 3174 οἷκον
1817 3138 1904 3186 ἦσαν
1916 3166 1925 3181 ‚
1945 3134 2018 3173 ἀλλ’
2040 3138 2108 3185 ἐγὼ
2124 3148 2184 3184 τρο
2212 3134 2263 3174 6θῖ

1314 3185 1416 3220 1147.
1453 3185 1484 3221 εἰ
1510 3182 1533 3220 δ’
1565 3184 1618 3226 ἐξέ
1647 3197 1712 3221 υσα
1737 3185 1838 3220 τάσδε
1866 3182 2066 3233 μὴ’μαυτῷ
2083 3147 2288 3231 τροφοῖςω

1313 3233 1440 3272 παῖδας
1464 3235 1519 3268 ΟΟ
1547 3199 1649 3267 136ἕ.
1692 3228 1758 3268 αἵδ’
1775 3233 1855 3279 ἐμαὶ
1871 3231 1993 3279 τροφοί
2012 3230 2114 3265 1367.
2148 3248 2189 3256 --
2221 3220 2288 3281 sm}

1313 3283 1361 3314 sic
1378 3286 1531 3315 Vocatur:
1568 3280 1699 3327 γέροντι
1717 3280 1820 3326 πατρὶ
1835 3280 1879 3328 τῇ
1897 3291 1934 3314 τε
1952 3278 2109 3325 δυστήνῳ
2129 3286 2213 3323 τροφ
2250 3271 2288 3310 ’ὕ

1313 3325 1394 3362 849.
1426 3345 1467 3353 —-
1503 3328 1584 3361 Urbe
1605 3330 1741 3370 patria:
1767 3326 1791 3373 ἡ
1818 3326 1843 3361 δ’
1871 3326 1963 3361 οἴκοι
1988 3325 2092 3361 πλέον
2111 3323 2166 3359 δίκ
2205 3285 2288 3372 ῦῖβρί

1313 3372 1354 3409 ἂν
1373 3373 1459 3409 οὖσα
1476 3374 1519 3421 σὴ
1539 3373 1646 3409 πάλαι
1663 3373 1789 3421 τροφός
1807 3375 1862 3407 OC
1881 3371 1961 3407 760.
1983 3391 2024 3398 —
2056 3373 2143 3405 Hinc
2159 3369 2288 3413 etiams}

258 3427 400 3460 manno,
429 3429 496 3452 non
514 3425 587 3462 est,
621 3431 683 3455 nec
699 3431 829 3457 morum
846 3423 916 3457 ulla
932 3425 1058 3458 notatio
1075 3424 1184 3465 inest,
1216 3423 1274 3455 sed
1312 3424 1443 3464 yioneo,
1475 3422 1591 3464 quibus
1616 3423 1740 3464 aliquis
1756 3424 1918 3454 enutritus
1943 3425 2009 3461 est,
2030 3429 2068 3453 eo
2086 3418 2218 3452 nomine
2233 3416 2288 3453 Μ

2255 3491 2288 3519 ’ἶν’-,ι

2252 3593 2254 3600 .
