2288 3600
202 1314 205 1316 .
256 1297 287 1318 v.
309 1283 390 1326 409,
419 1287 478 1318 ubi
494 1287 620 1326 legitur
647 1284 740 1319 ἔσται
763 1283 829 1319 πότ
865 1282 932 1331 ἆρα
954 1287 1055 1319 τοῦτο

262 135 360 182 754

257 247 294 282 εὖ
314 246 469 294 πράξειεν
487 246 542 281 ἄν.
555 266 595 273 -
609 248 749 286 Quando
762 249 871 279 verbis
889 249 1073 279 transitivis
1090 257 1272 279 accommo-

258 297 356 328 datur
373 293 452 337 ὑπό,
482 297 528 327 ita
545 296 596 335 fit,
624 300 664 326 ut
679 296 747 327 illis
765 296 874 326 verbis
892 296 1006 335 aliqua
1028 298 1142 326 tamen
1159 295 1270 335 passio

257 353 356 376 causa
373 347 469 375 extra
494 353 552 375 nos
569 343 678 383 posita
702 343 824 374 effecta
840 342 1063 382 significetur.
1089 339 1148 374 καὶ
1173 334 1271 374 ταῦθ’

257 388 275 423 ὑ
305 387 312 399 ’
341 387 442 434 ἡμῶν
470 388 569 423 οὐδὲν
597 386 733 427 ἐξειδὼς
751 387 855 423 πλέον
882 381 952 422 οὐδ’
975 385 1188 434 ἐκδιδαχθείς
1215 389 1272 420 OR

257 402 313 469 33
358 437 408 469 Ea
431 438 497 469 duo
522 438 623 469 verba
655 435 694 470 ἐκ
725 433 953 483 παραλλήλου
986 437 1173 477 composita
1201 437 1271 468 fere

256 485 344 516 idem
363 485 563 525 significant.
593 481 635 529 μ’
669 485 701 528 μ’
727 480 832 522 ἀξιώσ
860 494 876 520 ς
901 480 993 528 βάξιν
1020 480 1179 528 ἀλγεινὴν
1205 480 1270 515 λα-

257 530 327 577 βεῖν
344 535 412 564 τῶν
431 535 499 564 σῶν
517 526 569 564 ὑπ’
592 530 633 576 ἐχ
660 535 727 577 ρῶν
751 531 807 562 Α1.
874 527 906 563 5.
927 531 951 561 i.
973 540 1003 562 e.
1024 527 1268 575 λοιδορεῖσθαι.

256 577 295 612 οὐ
320 577 384 623 γὰρ
411 576 574 616 κλύοντές
603 577 705 622 ἐσμεν
732 575 929 624 αἰσχίστους
952 574 1076 623 λόγους
1099 571 1191 610 τοῦδ’
1215 570 1268 610 ὑπ’

255 624 378 670 ἀνδρὸς
401 623 543 672 ἀρτίως;
576 622 678 658 1321.
713 623 791 658 εἶτά
816 635 875 658 σου
908 617 981 663 τάδ’
1013 619 1168 669 ἐξήκουσ’
1204 620 1270 657 ὕπο

257 674 308 704 El.
327 669 407 705 553.
431 690 471 696 —
491 673 742 713 Nonnunquam
760 673 860 704 etiam
878 673 1018 704 verbum
1036 672 1271 713 qualecunque

255 724 314 751 aut
331 721 430 760 plane
449 720 558 759 deest,
586 723 645 751 aut
661 729 728 751 non
746 722 836 751 recte
853 720 1064 758 colligabitur
1081 729 1158 750 011111
1174 728 1271 760 prae-

255 768 439 808 positione,
468 771 508 798 ut
532 767 662 808 aliquid
678 770 739 798 aut
755 767 975 798 subaudiatur
987 791 995 806 ,
1024 769 1083 797 aut
1099 775 1205 805 genus
1223 766 1271 797 lo-

256 814 384 855 quendi
411 812 501 847 κατά
527 813 566 847 τὸ
596 811 847 859 σημαινόμενον
877 816 983 845 extet.
1019 810 1157 859 χαλκῆς
1187 810 1271 846 ὑπαὶ

259 858 443 907 σάλπιγγος
471 854 555 909 ᾖξαν
585 862 639 893 El.
659 858 740 893 711.
773 862 797 893 i.
818 870 848 893 e.
878 853 1089 906 ὁρμηθέντες
1118 858 1203 906 πρὸς
1233 858 1271 893 τὸ

256 901 381 953 ᾆσσειν.
421 905 476 941 ὑπ’
506 906 624 966 ἀγρίας
653 901 759 953 ᾅξασα
787 906 898 953 λύπης
924 905 947 952 ἡ
973 905 1059 952 γυνή
1089 907 1147 940 OR
1166 904 1267 940 1073.

254 953 373 990 ἴδεσθέ
391 949 425 1000 μ’
444 953 516 989 οἷον
534 966 610 1001 αρτι
626 957 722 1000 κῦμα
739 952 871 1001 φοινίας
887 952 954 988 ὑπὸ
973 952 1080 1000 ζάλης
1098 951 1271 1000 ἀμφίδρο-

257 1013 321 1047 μον
344 1000 522 1036 κυκλεῖται
555 1003 612 1034 Ai.
633 999 697 1035 351
719 1013 764 1035 m.
799 1000 912 1047 βωμοὶ
936 1000 1000 1048 γὰρ
1017 1028 1024 1035 .
1042 1027 1071 1033 ..
1092 999 1271 1039 παντελεῖς

255 1047 397 1096 πλήρεις
414 1047 469 1083 ὑπ’
487 1048 619 1083 οἰωνῶν
636 1060 673 1082 τε
689 1047 749 1082 καὶ
765 1053 878 1083 κυνῶν
898 1047 1003 1095 βορᾶς
1018 1050 1079 1082 τοῦ
1098 1046 1269 1094 δυσμόρου

254 1100 431 1134 πεπτῶτος
450 1093 592 1132 Οἰδίπου
618 1095 718 1143 γόνου
738 1100 819 1128 Ant.
843 1094 945 1129 1017.
985 1094 1052 1130 ὑπὸ
1072 1094 1175 1141 βορᾶς
1191 1097 1215 1129 1.
1237 1106 1267 1127 8.

256 1142 479 1189 βεβρωκότων
497 1142 642 1177 οἰωνῶν.
687 1142 797 1190 ἀνάγκ
826 1155 842 1181 ς
854 1168 864 1176 .
879 1169 887 1175 .
901 1169 907 1175 .
922 1141 978 1190 ὑφ’
1000 1142 1044 1189 ἧς
1060 1142 1099 1176 τὸ
1116 1140 1270 1190 κρυφθὲν

254 1190 415 1237 ἐκφανεῖς
439 1188 626 1238 ἀνάκτορον
651 1193 717 1223 1118.
739 1192 780 1223 fr.
799 1155 880 1230 696,
902 1188 935 1222 4.
973 1191 1026 1224 Sic
1050 1191 1182 1231 explico
1207 1192 1271 1236 τῆς

256 1241 318 1284 σῆς
337 1234 389 1271 ὑπ’
411 1237 516 1284 ὀργῆς
533 1239 589 1271 OG
606 1235 686 1271 411.
709 1239 916 1292 subaudiens
936 1235 1212 1320 βαρυνθίγὲονται
1229 1247 1271 1269 ex

1119 1282 1270 1330 αδμείοις

256 1331 372 1378 βάρος.
403 1333 514 1365 Unum
533 1334 739 1374 relinquitur
758 1335 924 1375 scriptura
941 1334 1145 1373 ambiguum,
1167 1342 1269 1364 sensu

254 1381 416 1413 difficile:
445 1378 551 1414 κούδὲ
577 1383 744 1426 μαντικῆς
767 1377 943 1426 ἄπρακτος
970 1377 1049 1425 ὗμιν
1078 1377 1166 1424 εἰμί,
1202 1383 1270 1412 τῶν

254 1425 337 1460 ὑπαὶ
353 1425 473 1473 γένους
492 1425 738 1473 ἐξημπόλημαι
754 1425 1053 1474 κάκπεφόρτισμαι
1065 1424 1173 1461 πάλαι
1186 1428 1268 1459 Ant.

260 1471 362 1507 1035.
396 1475 491 1507 Libri
516 1476 670 1516 plerique
694 1469 795 1508 τῶνδ’
823 1479 883 1507 aut
904 1478 973 1508 τῶν
1001 1468 1039 1507 δ’.
1069 1475 1215 1506 Brunck.
1237 1477 1271 1506 et

255 1522 368 1555 Herm.
389 1526 458 1555 τῶν
471 1548 478 1562 ,
508 1523 561 1554 1110
579 1523 716 1564 quidem
733 1523 929 1554 dubitanter
947 1525 1096 1554 secutus.
1133 1523 1185 1553 Ita
1202 1525 1270 1554 τῶν

254 1569 401 1601 refertur
413 1570 457 1601 ad
475 1567 642 1614 μάντεων,
664 1570 698 1601 id
712 1570 803 1610 quod
819 1570 966 1601 dictione
982 1567 1072 1602 κατὰ
1087 1567 1126 1602 τὸ
1144 1579 1271 1614 σημαι-

253 1615 396 1661 νόμενον
422 1627 463 1648 ex
492 1619 658 1662 μαντικῆς
683 1617 928 1648 desumendum
946 1617 1012 1648 erit
1023 1617 1038 1656 ‚⁴
1053 1617 1270 1648 Menoeceum

254 1667 422 1705 spectans,
450 1665 510 1705 qui
527 1665 606 1696 olim
624 1664 812 1696 secundum
826 1664 976 1696 Tiresiae
993 1664 1192 1695 vaticinium
1211 1672 1271 1704 pro

253 1712 484 1743 incolumitate
502 1712 692 1743 Thebarum
710 1721 745 1743 se
762 1712 994 1743 interemerat.
1032 1711 1087 1743 Sic
1102 1714 1171 1743 τῶν
1189 1707 1273 1743 ὑπαὶ

253 1756 374 1804 γένους
399 1755 648 1803 ἐξημπόλημαι
674 1759 740 1790 erit
756 1752 813 1805 ὑφ’
837 1758 883 1791 ὦν
902 1755 1159 1803 ἐξημπόλημαι,
1178 1759 1272 1798 prole

1066 124 1077 144 ‘
1089 131 1189 182 Υπό
1215 160 1281 169 --
1305 131 1520 182 ’Υποδύω

1985 141 2035 191 [11
2050 154 2084 187 p.
2104 140 2286 179 880-883

1308 247 1422 281 Moral.
1443 257 1476 288 p.
1498 245 1540 279 41
1562 248 1604 280 D.
1649 249 1733 280 Item
1752 258 1770 279 a
1787 248 1968 280 comitandi
1994 249 2132 281 notione
2149 248 2285 284 deflexu

1306 292 1350 339 ἣν
1379 288 1431 327 ὑπ’
1464 292 1603 340 ἀγνοίας
1632 292 1650 328 ὁ
1673 294 1714 340 ᾄς
1745 295 1800 326 Tr.
1822 291 1905 338 419,
1932 295 2022 336 quod
2049 295 2152 328 schol.
2173 296 2287 337 explie

1307 340 1479 388 προσποιῇ
1504 339 1641 388 ἀγνοεῖσ
1669 353 1703 375 αι
1728 343 1856 383 inepte,
1878 347 1917 373 ut
1933 343 2048 374 Reisk.
2068 343 2249 375 conficeret
2263 337 2286 381 ἃ

1306 386 1426 435 ἀγνοίᾳ
1444 386 1590 434 στέγεις,
1618 389 1692 421 Erf.
1720 385 1777 422 ὑπ’
1803 386 1940 434 ἀγνοίας
1964 388 2078 435 περᾷς,
2108 389 2168 422 11οο
2184 384 2288 442 quidel

1306 445 1442 476 prorsus
1471 437 1627 468 absurde.
1671 437 1772 468 Recte
1802 437 1919 468 Herm.
1947 437 2097 477 explicat
2118 446 2218 478 quam
2244 439 2288 474 a*

1308 484 1514 523 iynoratione
1539 484 1564 516 i.
1587 493 1616 515 e.
1637 484 1815 525 ignorans,
1836 493 1921 525 quae
1939 485 2003 525 sit,
2029 483 2133 516 vides.
2162 475 2288 530 Sene&

1308 530 1455 571 Musgr.‚
1508 539 1575 562 non
1612 532 1723 563 omnia
1754 534 1869 563 tamen
1902 535 1980 572 apta
2010 540 2221 573 comparans:
2268 527 2288 580 ᾗ

1309 578 1471 611 Fritzsch.
1492 587 1549 618 qu.
1571 578 1711 610 Lucian.
1733 588 1766 620 p.
1791 575 1868 609 137.
2059 592 2062 595 *
2279 573 2288 603 3

1354 625 1392 656 B.
1422 625 1508 657 Cum
1534 625 1647 656 dativo
1679 622 1761 659 ὑπό
1785 625 1845 656 sub
1870 625 2049 665 significat.
2077 624 2094 667 ΙΙ
2115 625 2157 657 de
2174 624 2278 666 10018,-

1308 675 1410 711 ctum,
1440 675 1480 703 ut
1505 672 1591 703 nihil
1608 673 1776 713 discrepet
1794 672 1928 704 dativus
1944 672 2106 713 genitivo.
2134 669 2202 706 ὑπὸ
2223 689 2230 698 ·
2269 661 2282 706 s,

1308 720 1368 751 Ph.
1386 715 1466 751 286.
1498 720 1617 761 Tymp.
1635 721 1674 752 fr.
1693 716 1773 759 563,
1788 716 1822 752 2.
1843 717 1951 765 εἷρξαι
2013 715 2135 753 Αἴανθ’
2152 716 2219 752 ὑπὸ
2241 737 2248 746 ·
2261 738 2285 763 ι,

1305 768 1396 799 ναῖσι
1429 766 1483 797 Ai.
1505 763 1586 798 754.
1628 764 1785 813 χλωραῖς
1817 763 1884 800 ὑπὸ
1919 764 2058 811 βάσσαις
2091 766 2146 798 OG
2172 762 2240 798 673
2271 761 2280 803 ξ

1308 815 1401 854 quasi
1434 814 1579 845 convalli
1597 816 1692 846 tecta.
1731 813 1860 846 Similis
1885 814 2131 853 adsignificatio
2154 822 2234 855 repe
2262 829 2264 832 ·

1307 861 1343 892 in
1377 864 1489 905 περῶν
1519 857 1574 893 ὑπ’
1604 858 1762 906 οἴδμασιν
1797 862 1879 892 Ant.
1902 857 1969 892 337
1991 861 2043 893 ch.
2080 859 2179 902 quasi
2217 865 2221 872 ⁴
2255 859 2257 862 ’

1308 907 1458 948 subiens,
1491 911 1531 939 ut
1563 909 1633 948 tegi
1665 908 1732 940 illis
1766 908 1920 940 videatur
1952 908 2006 939 vel
2037 908 2163 949 mergi;
2217 907 2253 935 ιι·

1307 958 1397 986 18018
1422 955 1638 987 Hermannus
1673 957 1757 987 inter
1788 955 1922 998 fluctus.
1961 955 2051 987 Hinc
2083 956 2234 996 proxime
2265 983 2273 998 «Ἰ

1308 1005 1400 1033 stant
1422 1002 1515 1034 haec.
1544 1000 1672 1048 ἐρρέτω
1700 994 1803 1036 Ἴλιον
1835 999 1869 1036 οἵ
1899 997 1929 1036 θ’
1960 999 2016 1035 ὑπ’
2050 999 2170 1047 ἐκείνῳ
2197 1013 2234 1036 π
2253 1012 2274 1040 η’,

1308 1049 1369 1080 Ph.
1392 1046 1483 1082 1200
1500 1059 1545 1080 m.
1576 1050 1774 1090 Cogitantur
1798 1051 1889 1082 enim
1911 1050 2000 1081 infra
2023 1059 2136 1082 muros
2158 1050 2238 1082 assi·
2263 1059 2275 1092 J

1308 1090 1365 1142 ὑφ’
1388 1094 1597 1142 αἱματηραῖς
1620 1094 1675 1144 χεί
1698 1107 1768 1129 εσσι
1792 1098 1874 1129 Ant.
1895 1094 1964 1129 975
1982 1097 2035 1130 ch.
2062 1095 2138 1130 τὸν.
2154 1122 2162 1130 .
2178 1095 2226 1129 ,ὦ
2268 1104 2278 1137 ζ’

1308 1141 1434 1188 πάτηρ,
1463 1141 1529 1178 ὑπὸ
1563 1143 1612 1191 σῷ
1645 1155 1668 1190 φ
1697 1141 1766 1177 ίσον
1800 1143 1960 1191 κεραυνῷ
1985 1143 2044 1175 OR
2059 1140 2140 1176 202.
2267 1150 2278 1181 ᾖ

1309 1200 1457 1232 superne
1483 1192 1668 1223 demissum
1694 1192 1870 1231 cogitatur.
1916 1188 1983 1224 ὑπὸ
2014 1193 2158 1236 κουραῖς
2190 1187 2269 1227 ἀτί

1309 1236 1519 1283 διατετιλμέν
1599 1236 1710 1284 φόβης
1750 1239 1830 1278 Tyr.
1850 1240 1892 1271 fr.
1914 1235 1994 1279 587,
2015 1234 2047 1270 6.
2077 1239 2173 1279 quasi
2216 1252 2223 1265 ι

1307 1286 1462 1317 subiecta.
1492 1251 1562 1319 οἰδ
1593 1283 1659 1320 ὑπὸ
1685 1284 1776 1332 ζυγῷ
1804 1283 1914 1332 λόφον
1944 1283 2083 1323 δικαίως
2111 1283 2208 1332 εἰχον
2243 1293 2264 1321 .,ἱ

1307 1329 1387 1373 291,
1410 1333 1501 1374 quod
1519 1335 1725 1365 sententiam
1743 1334 1938 1373 figuratam,
1965 1334 2065 1364 verba
2081 1334 2216 1375 proprie
2238 1334 2254 1361 -'.
2279 1367 2283 1370 .

1308 1380 1418 1411 habet.
1442 1398 1483 1404 —
1510 1380 1524 1422 ΙΙ
1550 1381 1602 1412 Ι)8
1626 1384 1719 1412 motu
1743 1380 1897 1412 alicunde
1921 1389 1960 1411 ex
1983 1380 2054 1411 loco
2071 1379 2278 1423 inferiore-

1308 1427 1427 1458 deame
1456 1428 1679 1469 explicuerim
1708 1429 1792 1459 Ant.
1811 1424 1877 1460 831
1899 1437 1967 1460 m.:
2034 1426 2092 1460 ιών
2124 1424 2152 1460 τ’
2185 1424 2264 1469 obs

1307 1471 1417 1507 λείπει
1441 1473 1552 1521 τέγγει
1576 1471 1605 1509 θ’
1637 1468 1694 1508 ὑπ’
1718 1472 1841 1521 ὀφρύσι
1864 1471 2115 1521 παγκλαυστοις
2148 1472 2268 1522 δειριῖρ

1308 1521 1399 1553 Haec
1425 1524 1516 1554 enim
1534 1523 1575 1554 de
1601 1523 1706 1554 Niobe
1723 1523 1812 1554 dicta
1829 1523 1878 1554 sic
1894 1525 1977 1554 sunt
1989 1548 1996 1562 ‚
2024 1526 2064 1554 ut
2082 1522 2182 1561 rigari
2199 1531 2265 1564 aav
2279 1556 2283 1560 ¹,

1306 1569 1537 1609 intelligamus
1561 1570 1706 1601 lacrimis
1731 1570 1825 1601 illius
1850 1579 1894 1602 ex
1923 1569 2030 1601 oculis
2054 1563 2259 1606 destillanti

1355 1616 1392 1648 G.
1415 1616 1498 1648 Cum
1517 1618 1705 1648 accusativo
1731 1616 1745 1659 ΙΙ
1768 1616 1826 1648 sub
1844 1617 2009 1657 significat
2026 1616 2067 1648 de
2083 1619 2176 1648 motu
2196 1630 2203 1644 ι
2235 1628 2246 1640 ¹·
2280 1649 2283 1652 ,

1306 1673 1438 1695 versum
1456 1665 1626 1696 instituto.
1667 1663 1769 1709 φοιτᾷ
1785 1661 1850 1709 γὰρ
1868 1659 1920 1696 ὑπ’
1939 1660 2057 1709 ἀγρίαν
2085 1659 2168 1697 ὕλαν
2186 1661 2256 1699 01}
2282 1701 2284 1705 y

1308 1711 1359 1743 ch.
1400 1708 1536 1744 παίσασ’
1565 1708 1621 1756 ὑφ’
1651 1709 1747 1757 ἧπαρ
1776 1709 1936 1757 αὐτόχειρ
1968 1707 2010 1743 αὑ
2058 1721 2076 1743 ν
2110 1711 2191 1742 Ant.
2210 1707 2276 1757 12ss

1308 1756 1443 1803 ὁρῶμεν
1474 1756 1600 1803 αὐτὴν.
1619 1784 1626 1791 .
1641 1782 1649 1791 .
1671 1756 1834 1804 φασγάνω
1863 1755 2012 1804 πλευρὰν
2068 1751 2103 1804 φ’
2134 1755 2228 1803 ἧπαρ
2247 1770 2278 1806 ’ἃ

253 1815 327 1837 mea
343 1805 476 1837 orbatus
493 1816 576 1838 aum.
604 1806 731 1837 Verum
743 1806 867 1837 clarum
884 1809 948 1846 est,
969 1806 1150 1837 Haemonis
1167 1805 1273 1846 perti·
1309 1803 1434 1850 φρένας
1458 1803 1706 1863 πεπληγμένην
1729 1807 1786 1839 Tr.
1807 1790 1887 1838 930.
1928 1805 2012 1837 Cum
2029 1805 2176 1846 prolepsi
2192 1805 2212 1837 d
2234 1813 2251 1845 τ’,
2280 1842 2285 1845 .

255 1853 384 1884 naciam
401 1853 494 1893 tangi
512 1863 530 1884 a
545 1853 699 1893 Creonte,
722 1862 788 1884 non
802 1862 854 1884 res
867 1854 975 1894 priore
989 1857 1138 1894 tempore
1151 1853 1267 1884 factas.
1306 1850 1467 1898 γενοίμαν
1487 1878 1494 1884 .
1511 1878 1518 1884 .
1534 1878 1540 1884 .
1563 1863 1670 1899 ακραν
1695 1850 1762 1887 ὑπὸ
1778 1850 1897 1886 πλάκα
1916 1849 2061 1886 Σουνίου
2078 1852 2136 1884 Ai.
2158 1848 2269 1892 12111ι

255 1900 344 1931 Hinc
356 1901 457 1941 probo
470 1900 657 1932 Hermanni
669 1900 832 1932 rationem
846 1909 938 1932 nunc
951 1901 991 1931 ab
1007 1900 1082 1941 ipso
1095 1900 1266 1940 reiectam,
1309 1900 1482 1939 Cogitatur
1505 1901 1571 1932 iam
1595 1901 1804 1942 pervenisse.
1850 1899 1961 1932 Motus
1987 1901 2135 1940 proxime
2165 1908 2202 1931 ac

256 1951 295 1978 ut
310 1950 379 1980 τῶν
406 1943 488 1980 ὑπαὶ
503 1945 624 1993 γένους
649 1948 696 1979 811
713 1944 778 1980 ὑπὸ
793 1950 863 1980 τῶν
880 1946 1010 1993 γένους.
1049 1947 1271 1978 Scribendum
1307 1948 1420 1988 aliquo
1434 1948 1559 1979 dicitur
1578 1948 1630 1980 El.
1651 1945 1738 1980 720:
1767 1949 1880 1984 κεῖνος
1901 1941 1929 1979 δ’
1953 1943 2009 1980 ὑπ’
2034 1944 2141 1992 αὐτὴν
2283 1968 2286 1981 ,-

255 1998 369 2026 autem
384 1997 453 2027 τῶν
471 1987 500 2026 δ’
516 1998 576 2026 aut
591 1998 660 2028 τῶν
677 1991 716 2027 τ’.
736 2012 783 2018 -
806 1994 820 2036 ΙΙ
845 1994 899 2026 Ex
915 1995 973 2026 illa
990 1995 1133 2026 efficacis
1152 2003 1270 2026 causae
1300 1991 1437 2039 στήλην
1463 1992 1555 2042 ἔχων
1575 1992 1733 2041 ἔχριμπτ’
1749 1993 1803 2028 ἀεὶ
1820 1993 1973 2040 σύριγγα.
1993 2011 2040 2016 --
2056 1993 2071 2036 ΙΙ
2088 1993 2220 2048 Trala'te
2248 2036 2250 2045 ‚

255 2042 501 2082 significatione
509 2045 582 2074 orta
593 2042 652 2074 illa
661 2043 744 2073 ratio
754 2046 817 2082 est,
831 2051 905 2073 cum
915 2038 981 2074 ὑπό
993 2042 1199 2083 applicatum
1211 2050 1271 2072 no-

255 2089 403 2120 minibus
417 2092 553 2129 propter
565 2089 754 2130 explicatur
767 2092 802 2121 et
813 2098 904 2129 prae.
925 2089 1013 2120 Illud
1027 2098 1135 2120 unum
1151 2098 1268 2120 exem-

255 2137 349 2177 plum
366 2136 480 2168 habet.
507 2129 564 2169 ὑπ’
590 2133 738 2169 ἐλπίδων
752 2133 877 2181 ἄνδρας
901 2134 940 2169 τὸ
963 2133 1084 2182 κέρδος
1101 2132 1270 2172 πολλάκις

255 2180 414 2216 διώλεσεν
427 2184 510 2214 Ant.
526 2179 606 2216 221.
626 2184 782 2215 Alterum
796 2184 879 2215 satis
891 2184 1008 2215 multis
1022 2183 1184 2215 firmatur.
1214 2176 1269 2216 ὑπ’

253 2228 404 2276 ἀνάγκας
422 2227 489 2275 βοᾷ
505 2227 669 2275 τηλωπὸν
688 2228 773 2263 ἰωάν
798 2231 859 2262 Ph.
870 2226 938 2262 215
950 2231 1002 2262 ch.
1020 2227 1088 2277 ἐρῶ
1115 2228 1177 2275 μὲν
1204 2227 1270 2276 οὐχ

255 2275 349 2314 ὅπως
368 2275 498 2324 τάχους
522 2274 589 2311 ὕπο
613 2275 780 2315 δύσπνους
807 2275 915 2311 ἱκάνω
939 2278 1022 2310 Ant.
1043 2275 1123 2310 223.
1146 2275 1210 2321 [sic
1226 2277 1268 2308 li-

256 2325 305 2356 bri
338 2325 489 2365 quidem.
531 2325 579 2356 At
611 2334 653 2356 ex
679 2326 821 2357 Aristot.
858 2325 944 2357 rhet.
973 2321 1006 2365 3,
1028 2322 1072 2357 14
1104 2328 1139 2356 81
1164 2324 1264 2356 schol.

255 2369 408 2417 σπουδῆς
434 2371 538 2406 Dind.
557 2373 686 2413 recepit
708 2381 766 2413 pro
788 2370 832 2405 τά
858 2369 950 2416 ους.]
983 2370 1033 2417 μή
1057 2383 1116 2405 νυν
1142 2369 1269 2418 φρένας

254 2412 307 2464 ὑφ’
333 2416 464 2463 ὴδον”ς
489 2417 647 2464 γυναικὸς
666 2416 776 2453 οὕνεκ’
797 2417 837 2452 ἐκ
861 2417 905 2452 άλ
932 2431 948 2458 ς
966 2417 1045 2453 648.
1074 2417 1097 2464 ἦ
1116 2430 1182 2452 που
1202 2429 1269 2452 πο-

254 2462 315 2498 λὺν
328 2429 452 2511 γέλωθζ
471 2461 526 2512 ὑφ’
546 2463 675 2511 ἡδονῆς
693 2463 785 2512 ἄγεις
802 2467 859 2500 Ai.
925 2463 959 2499 2.
989 2464 1143 2512 μαίνεται
1161 2459 1189 2499 δ’
1211 2459 1268 2511 ὑφ’

253 2510 383 2557 ἡδονῆς
401 2511 517 2558 μήτηρ
536 2513 589 2546 ΕΙ.
613 2510 713 2547 1153.
748 2514 844 2546 Adde
863 2514 905 2546 de
921 2514 1123 2555 prohibente
1139 2513 1267 2554 aliquid

255 2560 425 2592 obstaculo
441 2560 568 2592 dictum
594 2556 770 2600 Οἰδίπους,
798 2558 845 2605 ὑφ
883 2558 923 2594 οὗ
941 2558 1006 2594 οὐκ
1029 2559 1072 2606 ἠν
1096 2559 1135 2594 τὸ
1150 2558 1266 2606 κείνης

255 2603 487 2641 ἐκθεάσασθαι
510 2605 619 2641 κακόν
649 2608 708 2640 OR
726 2605 828 2640 1252.
848 2627 895 2632 -
919 2608 933 2651 ΙΙ
959 2608 1158 2650 Sequuntur
1181 2608 1266 2640 aliae

254 2654 439 2686 locutiones
456 2655 676 2687 adverbiales.
705 2653 815 2688 εἰπεῖν
835 2654 975 2702 μνήμης
1000 2652 1067 2689 ὕπο
1084 2656 1143 2687 OR
1162 2651 1263 2686 1131.

256 2700 371 2743 [Dind.
401 2711 430 2733 0.
458 2701 632 2741 Blaydesio
658 2699 726 2736 ἄπο
752 2702 919 2747 scripsit]
942 2704 1143 2742 memoriter,
1172 2703 1266 2743 quasi

253 2753 387 2780 auctore
419 2749 589 2781 memoria.
633 2749 696 2781 Pro
727 2750 839 2782 dativo
861 2750 1137 2790 instrumentali,
1166 2759 1266 2790 quem

255 2795 389 2836 dicunt,
418 2796 617 2835 subrogatur
642 2793 736 2830 οὔτοι
752 2797 780 2829 σ’
804 2790 861 2841 ὑφ’
878 2794 983 2843 ὅρκου
999 2792 1041 2843 γ’,
1070 2795 1117 2834 ὡς
1143 2794 1263 2836 κακόν,

253 2841 467 2886 πιστώσομαι
491 2840 638 2876 00650.
672 2844 911 2876 Diversissima
927 2847 1098 2886 comparat
1112 2853 1189 2875 cum
1207 2844 1268 2874 hac

253 2890 426 2921 sententia
441 2890 562 2922 Matth.
583 2890 625 2922 ad
642 2891 725 2922 Eur.
746 2891 882 2932 Hippol.
907 2887 1008 2924 1289.
1039 2889 1104 2923 Sed
1122 2899 1188 2922 non
1208 2891 1266 2922 ob-

253 2940 318 2976 sto,
336 2937 366 2967 si
382 2937 457 2977 quis
471 2938 623 2969 vocabuli
636 2938 705 2969 vim
721 2948 740 2970 a
756 2938 825 2970 1080
838 2938 1058 2978 significando
1070 2937 1266 2970 translatam

253 2986 418 3023 agnoscat,
446 2993 522 3015 cum
539 2983 672 3024 adiyere
689 2985 836 3026 aliquem
853 2986 918 3017 iuri
936 2985 1077 3017 iun-ando
1094 2985 1265 3026 persimile

255 3030 301 3062 sit
326 3030 524 3071 subiqendo,
552 3034 590 3063 ιιι
612 3032 682 3063 vim
703 3033 773 3063 eius
787 3034 1013 3072 persentiscat.
1040 3031 1168 3064 Verum
1184 3041 1266 3063 num

200 3090 203 3100 ι
252 3077 301 3108 818
324 3077 493 3118 explicem
521 3074 644 3111 οὔκουν
675 3075 785 3116 ἐάσεις
813 3074 879 3112 οὐδ’
913 3076 967 3112 ὑπ’
994 3076 1058 3124 εύφ
1087 3089 1154 3124 μου
1183 3076 1267 3123 βοῆς

253 3120 356 3157 θῦσαί
389 3133 432 3168 με
465 3124 520 3157 El.
542 3121 622 3166 630,
650 3128 690 3157 ut
706 3126 796 3158 idem
823 3127 867 3159 sit
883 3126 972 3168 quod
1000 3124 1066 3172 εύφ
1094 3138 1150 3171 μῳ
1184 3124 1262 3172 βοῇ,

254 3171 344 3203 818111
360 3171 473 3202 visum
490 3171 673 3204 Matthiaeo
689 3172 713 3204 1.
733 3183 777 3214 c.,
806 3182 849 3205 an
872 3183 949 3205 cum
966 3173 1161 3205 Hermanno
1178 3170 1267 3217 μετά

255 3227 282 3249 8.
303 3215 363 3251 σύν
379 3220 522 3259 (anter),
541 3218 603 3250 1100
616 3228 731 3260 8811811,
751 3229 793 3251 ne
808 3230 884 3252 cum
897 3221 1030 3254 sitenlio
1043 3219 1175 3262 quidem
1191 3220 1214 3251 i.
1232 3229 1262 3252 e.

254 3265 359 3296 nullis
376 3265 573 3297 clamoribus
591 3267 757 3298 turbatam
783 3277 879 3299 sacra
893 3266 1002 3307 facere
1018 3269 1115 3307 sines,
1143 3267 1266 3299 dubius

255 3311 387 3344 haereo.
416 3312 560 3344 Videtur
573 3322 654 3344 sane
671 3323 690 3344 a
707 3314 1094 3346 musicisinstrurnentis
1108 3315 1265 3346 accinen-

255 3358 347 3390 tibus
365 3362 539 3400 sumptum
560 3369 635 3391 esse
647 3384 655 3400 ,
675 3361 764 3400 quod
781 3362 868 3393 bene
884 3362 1060 3403 perspexit
1077 3361 1264 3393 Wesselin-

254 3405 330 3446 gius
355 3406 396 3437 ad
420 3406 545 3439 Herod.
569 3404 677 3449 1‚*17.
704 3417 738 3449 p.
763 3405 818 3440 18.
846 3408 888 3440 cs.
911 3409 1085 3449 Wyttenb.
1112 3408 1153 3440 ad
1171 3408 1261 3440 Plut.

1305 2045 1363 2073 tur
1380 2041 1422 2073 de
1440 2051 1488 2082 eo,
1519 2044 1573 2083 qui
1591 2042 1649 2073 sub
1667 2043 1803 2074 alterius
1819 2042 1942 2073 ditione
1958 2044 2120 2073 versatum.
2149 2039 2167 2080 ζ
2264 2076 2267 2083 ³

1305 2086 1525 2133 καθύπερθεν
1554 2086 1691 2136 ἐχθρῶν
1705 2114 1711 2121 .
1725 2114 1732 2121 .
1749 2114 1756 2120 .
1770 2087 1849 2122 ὅσον
1874 2090 1932 2121 νῦν
1957 2086 2022 2121 ὑπὸ
2039 2086 2128 2135 χέρα
2142 2086 2264 2123 ναίει
2279 2122 2282 2127 ,

1308 2133 1399 2167 1092
1408 2137 1460 2169 811.
1489 2131 1632 2182 ὑπόχειρ
1650 2137 1864 2176 Musgravius
1878 2137 2021 2168 coniecit
2037 2134 2180 2180 [recepit
2207 2139 2216 2163 l
2236 2153 2238 2161 ι
2254 2171 2255 2174 ¹

1306 2184 1523 2215 illustrarunt
1547 2193 1622 2215 eam
1646 2185 1821 2215 formulam
1840 2184 2012 2223 Wyttenb.
2033 2183 2075 2215 ad
2091 2183 2180 2216 Plut.
2206 2200 2232 2211 ι
2266 2183 2282 2230 '4

1304 2241 1338 2271 p.
1359 2227 1416 2263 43.
1453 2231 1490 2263 F.
1522 2232 1674 2272 Lennep.
1700 2234 1734 2262 et
1759 2230 1874 2263 Valck.
1903 2230 1946 2262 ad
1968 2231 2061 2262 Phal.
2087 2226 2258 2273 ῥΕ.1).11ῐῖ-’

1305 2275 1373 2310 323
1392 2282 1427 2309 81
1443 2288 1477 2319 p.
1497 2275 1556 2310 23.
2042 2275 2094 2321 (11
2110 2287 2144 2319 p.
2169 2276 2273 2317 25:22

1372 2343 1380 2356 ‘
1393 2344 1637 2393 Υποβάλλω
1655 2348 1801 2389 subite-io,
1822 2348 1984 2390 confinyo.
2022 2345 2053 2380 εἰ
2077 2344 2104 2380 δ’
2122 2344 2232 2393 5²:03}

1305 2406 1400 2440 μενοι
1424 2393 1609 2441 κλέπτουσι
1635 2392 1767 2440 μύθους
1793 2393 1825 2428 οἱ
1852 2392 1995 2441 μεγάλοι
2013 2392 2155 2440 βασιλῆς
2170 2394 2215 2427 A1
2231 2390 2246 2428 ·.Ῑ

1304 2443 1357 2474 ch.
1387 2440 1652 2487 ὑποσπείραντες
1667 2443 1786 2481 schol,
1803 2452 1870 2474 non
1883 2446 1987 2475 recte.
2016 2442 2222 2474 Mendacitet
2234 2445 2245 2476 j,
2264 2449 2286 2489 ’Δ

1304 2491 1397 2521 fictas
1422 2499 1475 2522 res
1494 2490 1588 2521 Aiaci
1617 2491 1665 2522 ita
1691 2490 1850 2521 dicuntur
1867 2491 2050 2530 subiicere,
2079 2492 2118 2521 ut
2134 2490 2167 2530 81
2181 2486 2229 2520 0’
2279 2521 2282 2524 ⁴

1303 2537 1439 2569 dentur.
1486 2536 1579 2569 Suid.
1612 2547 1642 2569 ν.
1671 2534 1848 2581 ὑποβαλλό
1880 2547 1950 2570 ενοι
1980 2537 2126 2579 explicat
2150 2544 2226 2569 πει
2276 2569 2279 2574 ,

1303 2595 1367 2624 νοι,
1394 2581 1417 2628 ἢ
1438 2581 1646 2630 ὑποβλήτως
1663 2581 1833 2630 λέγοντες,
1853 2595 1876 2628 η
1898 2581 2200 2630 ἰδιοποιησάμενοι.
2279 2597 2286 2631 4

1304 2642 1378 2663 rum
1395 2632 1716 2674 interpretationum
1732 2632 1842 2663 media
1859 2641 1938 2663 vera
1954 2635 2017 2664 est.
2217 2634 2220 2638 ’
2235 2653 2238 2654 ⁷
2285 2631 2287 2634 ’

1371 2697 1379 2710 ‘
1392 2698 1628 2747 Υπόβλητο
1640 2713 1655 2739 ς
1682 2701 1885 2742 subdiac-ius,
1906 2702 2121 2740 adulterinus,
2141 2699 2184 2742 fin<
2262 2695 2286 2745 ,ἶ

1305 2748 1362 2783 σὸν
1380 2747 1407 2781 δ’
1426 2747 1568 2796 ἀφῖκται
1586 2746 1674 2794 δεῦρ’
1691 2746 1888 2794 ὑπόβλητον
1907 2746 2016 2793 στόμα
2032 2748 2087 2781 OC
2105 2743 2182 2780 794.
2214 2761 2232 2812 3
2272 2776 2286 2792 s

1304 2798 1372 2829 cias
1389 2798 1542 2837 loqueris.
1580 2794 1690 2833 οὐδεὶς
1718 2794 1790 2843 ἐρεῖ
1813 2789 1893 2830 πόθ’
1919 2795 1966 2834 ὡς
1991 2790 2206 2841 ὑπόβλητονΔ

1306 2841 1433 2883 ἔλεξας,
1463 2840 1553 2876 ἀλλὰ
1568 2845 1631 2889 τῆς
1657 2845 1784 2876 σαυτοῦ
1801 2841 1924 2890 φρενός
1941 2844 1996 2875 Ai.
2015 2840 2096 2875 482.
2123 2842 2232 2878 Hane
2283 2886 2288 2888 ὴ

1304 2891 1445 2923 tentiam
1473 2891 1641 2930 significat
1665 2891 1763 2922 Eust.
1793 2900 1826 2931 p.
1856 2887 1932 2932 106,
1962 2888 2003 2930 7,
2040 2900 2115 2922 cum
2198 2889 2235 2929 ¹³1
2259 2925 2277 2934 ,Α

1306 2935 1428 2982 μαίους
1445 2935 1568 2983 λόγους
1586 2939 1626 2969 ab
1644 2937 1744 2979 Soph.
1766 2938 1871 2969 dictos
1889 2938 1949 2969 ait.
1978 2935 1995 2970 ὃ
2020 2939 2056 2969 111
2073 2937 2176 2978 111-8111
2199 2948 2221 2961 ··
2244 2980 2246 2982 .
2267 2978 2279 2984 η

1303 2990 1359 3017 tur
1375 2986 1565 3025 utrobique.
2259 2988 2279 2994 ²

1373 3049 1448 3088 Ὓπ
1458 3066 1475 3088 ο
1487 3052 1504 3086 δ
1514 3057 1554 3087 εἴ
1563 3065 1580 3086 σ
1591 3065 1630 3088 αι
1647 3064 1866 3095 expavescere.
1888 3052 1995 3100 μέγαν
2008 3051 2162 3100 αἰγύπιον
2177 3042 2213 3091 δῖ
2270 3044 2285 3094 ζ’

1305 3099 1471 3139 δείσαντες
1498 3102 1552 3134 Ai.
1575 3098 1641 3133 169
1659 3111 1712 3133 an.
1742 3095 1770 3134 δ’
1795 3102 1830 3132 111
1854 3102 1948 3133 libris
1973 3102 2130 3133 omissum
2256 3128 2281 3142 .„

1302 3150 1394 3182 tione
1412 3150 1559 3181 Dawesii
1582 3149 1787 3181 restituitur.
2208 3144 2226 3167 ²²

1368 3213 1376 3227 r
1389 3215 1450 3253 Υπ
1460 3230 1478 3252 ο
1488 3216 1570 3252 δύω
1586 3219 1694 3251 subeo.
1723 3216 1813 3252 ἀλλά
1826 3229 1885 3261 μοι
1900 3215 2037 3252 ἄσκοπα
2048 3212 2179 3264 κρυπτά
2193 3251 2195 3253 ¹

1302 3263 1444 3312 δολερᾶς
1462 3262 1570 3299 ὑπέδυ
1589 3264 1710 3311 φρενός
1727 3267 1788 3298 Ρ11.
1811 3263 1900 3297 1112
1919 3276 1961 3297 111.
1991 3265 2157 3306 fallaciter
2171 3299 2174 3304 Ι
2238 3271 2242 3275 ·
2261 3299 2278 3306 .

1301 3313 1466 3345 sinuando
1494 3313 1677 3353 decipiendi
1707 3323 1826 3344 sensus
1852 3314 1953 3344 inest.
1998 3313 2139 3344 Dativus
2162 3318 2195 3342 n
2277 3336 2279 3338 ,

1301 3361 1461 3391 solentior
1478 3363 1542 3399 est,
1570 3356 1669 3401 quai'n
1686 3360 1722 3391 111
1750 3358 1828 3404 ἐμοὶ
1844 3357 1908 3405 γὰρ
1926 3357 2039 3396 οἶκτος
2066 3345 2180 3394 δεινὸξ
2193 3346 2285 3403 ἐξᾗ

1303 3407 1358 3438 Tr.
1378 3404 1460 3439 298.
1490 3407 1619 3438 Buttm.
1641 3404 1786 3453 θολεράς
1805 3410 1839 3438 et
1857 3404 1981 3451 φρένας
1998 3405 2148 3438 coniecit.
2201 3396 2257 3445 1¹}
2267 3406 2277 3426 ⁴·

2223 3470 2226 3473 ’
2235 3472 2288 3500 siis.
