2288 3600
1023 128 1147 198 Πρός

43 251 154 294 ipsius
171 251 362 283 sententiae
387 250 517 282 ratione
539 248 658 281 Herm.
688 245 750 293 [At
774 250 818 281 of.
839 236 867 281 e.
889 259 920 281 v.
949 245 1057 292 ἤλεκ-
1094 247 1161 281 δῶν
1179 247 1226 285 ὡς
1243 245 1425 292 διόλλυμαι
1442 245 1522 280 838.
1559 246 1670 293 *πρὸς
1685 250 1754 280 τῶν
1773 244 1935 292 φιλίστων
1954 245 2104 292 ἐκγόνων

0 295 13 345 μ’
43 295 155 344 τρον.]
169 314 277 329 -.-
295 293 330 330 2.
351 297 510 338 Inprimis
527 306 605 328 eum
620 295 726 328 verbis
742 297 791 328 ita
807 295 945 336 dicitur,
965 298 1004 326 ut
1020 304 1059 326 exc
1095 292 1230 329 ὀλοίατο
1248 291 1328 327 842.
1362 295 1504 337 [notavit
1521 292 1643 338 schol.]
1659 293 1743 339 πρὸς
1759 291 1851 327 τοῦδ’
1869 291 1982 327 ὄλωλε
2002 291 2103 327 1033.

2005 132 2105 179 659

0 350 17 387 ᾗ
44 354 185 387 quonam
207 347 266 376 aut
289 345 425 376 consilio
449 344 501 375 vel
524 344 697 375 voluntate
728 352 778 374 rea
801 346 875 375 orta
898 344 962 383 sit,
997 345 1058 374 aut
1093 346 1210 380 κακῶς
1228 340 1268 375 σὺ
1287 340 1372 387 πρὸς
1388 338 1479 375 θεῶν
1497 339 1672 387 ὀλουμένη
1690 343 1756 373 inc.
1778 343 1819 373 fr.
1839 338 1921 380 703,
1943 339 1975 374 1.

0 389 9 428 ζ’,
45 401 147 435 quam
161 393 322 432 oriqimm
337 391 452 423 habeat
477 391 613 423 omnino
629 391 879 432 praepositione
896 389 1058 421 reddatur

45 581 191 614 neutrali
206 582 331 622 forma,
359 580 493 622 passiva
516 581 549 611 vi
574 583 731 612 utuntur.
768 579 782 621 ΙΙ

1162 387 1196 422 3.
1224 389 1289 422 Sed
1307 390 1408 422 etiam
1426 391 1495 420 sine
1511 389 1606 421 verbo
1631 390 1678 421 sie
1695 389 1830 429 dieitur,
1860 393 1902 420 ut
1918 389 2008 429 origo
2026 389 2107 420 facti

44 439 152 482 nitio,
171 439 351 480 aliquando
368 442 406 470 ut
422 435 533 483 παρά,
563 438 778 478 frequentius
797 434 862 471 ὑπό
880 438 1056 477 subrogare
1091 447 1136 470 ex
1161 437 1300 469 consilio
1323 440 1359 469 et
1383 437 1555 468 voluntate
1581 437 1725 468 alicuius
1750 439 1936 477 repetatur.
1974 434 2034 468 καὶ
2056 434 2107 472 τίς

44 486 163 527 liceat,
183 486 270 518 illud
286 487 430 519 maxime
444 485 480 517 in
497 485 632 525 activis,
667 484 846 526 aliquando
871 485 907 516 in
925 485 1057 516 intran-
1092 483 1175 530 πρὸς
1208 481 1332 528 ἀνδρὸς
1357 481 1407 527 μὴ
1435 481 1622 527 βλέποντος
1647 481 1803 529 ἄρκεσις;
1844 483 1899 516 OG
1925 480 1982 515 73.
2028 480 2107 519 ὁδὸς

0 549 6 551 >
46 533 177 574 nimis,
207 533 270 566 hoc
286 533 434 565 maxime
452 533 487 564 in
506 533 649 573 passivis
674 533 787 564 verbis
804 532 942 573 eisque,
971 540 1056 572 quae
1094 529 1287 575 δυσποτμός
1319 541 1356 564 τε
1391 529 1451 563 καὶ
1481 529 1574 575 κακὴ
1607 542 1631 563 π

815 578 901 611 Cum
927 579 1053 611 activis.
1094 577 1223 624 ἐρῆμος
1248 576 1333 623 πρὸς
1359 575 1458 622 φίλον
1479 579 1562 610 Ant.
1584 576 1627 610 91
1658 603 1664 610 .
1694 576 1852 622 διάβορον
1869 577 1955 623 πρὸς
1971 575 2107 614 οὐδενός

1655 529 1691 568 ὸς
1721 529 1821 564 τοῦδε
1845 529 1973 575 πατρός
2002 527 2103 562 1434.

7 637 10 673 '.
45 625 149 675 φόνον
170 651 178 660 .
193 651 200 659 .
215 653 224 660 .
242 625 325 661 τίσω
341 624 447 664 τάλας
464 625 549 672 πρὸς
565 627 626 660 τοῦ
649 624 834 663 δοκοῦντος
851 622 951 660 οὐδὲν
969 622 1059 659 εἰδέ-
1094 626 1149 658 Τι.
1171 623 1251 658 676.
1290 622 1415 658 οὕνεκα
1431 623 1564 659 ἄκουσα
1580 624 1665 671 πρὸς
1680 627 1742 659 τοῦ
1758 623 1867 670 θηρὸς
1884 623 2008 671 ἔρξειεν
2025 622 2107 658 τάδε

45 685 100 710 ναι
122 672 230 708 κακόν
258 675 320 708 Ph.
346 671 426 707 960.
462 673 547 753 πρὸς
575 677 693 708 κακῶν
723 670 752 706 δ’
777 671 910 718 ἀνδρῶν
938 670 1059 717 μαθὼν
1095 670 1174 705 935.
1203 670 1225 706 ἃ
1311 670 1568 718 είσεγραψάμην
1592 672 1677 720 πρὸς
1701 675 1765 718 τῆς
1789 666 1949 729 πατρῴας
1965 671 2024 705 καὶ
2041 683 2107 704 πο·-

0 713 9 755 ⁵»
46 719 162 759 ἔοικας
185 719 282 767 ἥκειν
311 719 438 779 αἰσχρά
460 718 482 753 9

510 719 541 754 1.
582 719 778 765 ἀκούσομαι
805 719 870 766 μὲν
898 719 945 758 ὡς
974 717 1059 765 ἔφυν
1094 718 1294 766 λυγλώσσου
1320 718 1421 765 δρυός
1440 718 1543 753 1168.
1570 730 1616 753 so.

0 763 19 807 Ξ
52 767 170 803 οἴκτου
199 767 316 807 πλέως
344 779 429 815 προς
453 766 553 802 τοῦδε
584 765 686 800 1075.
718 770 742 802 i.
762 778 792 801 e.
824 767 927 800 dicar.
967 768 1063 799 velut
1096 768 1239 812 σώματα
1255 765 1389 801 πίπτειν
1415 765 1565 813 βαρείαις
1590 778 1636 813 πρ

1665 722 1797 753 αντεῖα.
1819 730 1864 752 τα
1878 730 1942 765 γαρ
1966 716 2108 764 περισσὰ

1639 732 1676 805 ξς
1700 764 1791 801 θεῶν
1813 764 2031 812 δυσπραξίαις
2048 767 2104 798 Ai.

0 808 14 854 32,
48 819 168 854 'st-mg
184 813 340 850 κλύουσα
355 815 439 862 πρὸς
457 813 554 850 σέθεν
572 815 628 848 ΕΙ.
647 812 728 848 524.
764 813 832 849 οἷα
875 813 918 860 ρὴ
936 811 1063 848 παθεῖν
1097 813 1177 847 759.
1205 815 1278 847 Non
1296 816 1387 847 enim
1404 815 1637 855 coniungenda
1654 814 1788 848 πίπτειν
1806 812 1892 859 πρὸς
1909 812 1999 848 θεῶν
2012 841 2019 854 ,
2049 814 2107 845 sed

0 854 17 899 ἕ
49 873 93 909 με
108 862 195 909 πρὸς
208 861 339 898 τούτων
357 863 419 896 Ph.
442 859 543 895 1359.
570 861 594 908 ἦ
617 864 724 896 ταῦτα
740 859 815 909 δῆτ’
835 859 962 895 ανεκτὰ
978 860 1062 907 πρὸς
1097 860 1314 908 δυσπραξίαις
1333 862 1418 909 πρὸς
1436 859 1527 896 θεῶν
1539 888 1548 903 ,
1576 871 1663 904 quae
1680 866 1760 894 sunt
1777 873 1797 893 a
1822 861 1886 893 diis
1905 862 2038 903 effectae
2054 871 2110 892 ca—

0 900 17 956 ῗ
45 907 174 945 ,τούτου
192 908 330 953 κλύεινς
365 911 424 943 OR
440 907 520 943 429.
549 908 580 943 εἰ
604 936 611 943 .
628 935 635 942 .
650 936 657 943 .
677 921 716 944 νο
727 909 810 949 ιίζει
825 908 910 956 πρός
927 902 957 955 γ’
975 906 1062 952 ἐμοῦ
1096 911 1272 942 lamnam.
1300 908 1412 945 πειθὼ
1428 911 1540 943 κακοῦ
1557 910 1642 955 πρὸς
1658 907 1780 954 ἀνδρός
1806 909 1860 942 ΕΙ.
1884 905 1964 940 562.
1993 906 2111 954 ἡμέρα

44 1096 134 1139 ξένοι
149 1099 234 1147 πρὸς
251 1098 364 1134 ἀστῶν
381 1099 437 1133 OC
458 1097 511 1133 13.
541 1097 634 1133 δεινὰ
657 1093 686 1132 δ’
709 1097 875 1145 εὖρουσᾶν
893 1109 980 1144 προς
997 1108 1061 1131 αυ-

3 1143 184 1194 ³13{a,8oe112oev
201 1145 299 1193 πάθη
320 1144 410 1179 1078
427 1148 480 1180 ch.
517 1145 611 1184 ὅπως
631 1171 638 1179 .
655 1173 663 1179 .
678 1172 685 1180 .
704 1145 791 1193 πρὸς
809 1148 869 1180 σοῦ
886 1156 919 1180 τι
934 1156 974 1179 κε
998 1142 1061 1178 δά-

6 1300 180 1378 ᾞίούλων
203 1335 314 1378 κακά;
343 1337 399 1369 Ai.
430 1333 532 1369 1235.
567 1334 630 1374 τὰς
651 1334 781 1380 ἡδονὰς
808 1334 893 1382 πρὸς
910 1337 971 1368 σοῦ
995 1332 1061 1368 λα·

14 1381 157 1430 ’ἕβοῦσα
178 1382 267 1419 κούκ
293 1381 380 1430 ἐμὰς
405 1381 607 1430 ἐκτησάμην
632 1385 687 1417 El.
718 1380 818 1417 1303.
849 1401 890 1408 —
926 1382 941 1425 ΙΙ
973 1383 1059 1415 Cum

10 1440 29 1453 ²
69 1433 197 1465 mavis.
238 1435 308 1465 τῶν
342 1429 436 1476 ἐμῶν
468 1431 668 1477 τητώμενος
701 1430 785 1478 πρὸς
809 1432 869 1464 τοῦ
894 1427 1058 1463 κακίστου

23 1495 30 1502 <>
58 1475 239 1517 Οδυσσέως
257 1479 320 1514 Ph.
341 1475 421 1511 384.
449 1475 645 1525 γελώμενος
662 1478 746 1525 πρὸς
771 1480 832 1513 σοῦ
857 1488 892 1511 τε
917 1475 976 1510 καὶ
990 1481 1059 1510 τῶν

47 1521 196 1572 Ἀτρέως
213 1523 344 1560 διπλῶν
362 1530 560 1572 στρατηγῶν
581 1523 683 1559 1023.
703 1525 788 1572 πρὸς
799 1523 897 1571 ὑμῶν
910 1521 1060 1570 λειφθή-

26 1571 151 1620 ἱσομαι
176 1570 280 1607 1070.
307 1573 392 1620 πρὸς
413 1575 477 1607 τοῦ
501 1571 695 1620 διδαχθείς;
735 1573 794 1606 OR
811 1571 891 1605 357.
919 1581 1059 1613 respon-

32 1621 164 1654 ·detur:
192 1619 279 1668 πρὸς
302 1623 363 1654 σοῦ
388 1618 468 1653 358.
498 1622 579 1666 μιᾶς
593 1619 712 1667 τρέφει
729 1619 813 1666 πρὸς
829 1617 951 1656 νυκτός
976 1615 1056 1652 374.

34 1665 209 1725 ἐἰη-κακὸς
243 1666 281 1726 δὲ
313 1667 399 1727 πρὸς
425 1670 485 1702 σοῦ
516 1666 576 1702 καὶ
601 1666 709 1713 φίλων
733 1665 949 1713 κεκλήσομαι
975 1663 1055 1699 522.

28 1726 110 1797 .Ξῖ
123 1714 207 1796 πὲῗῗς
222 1713 410 1806 ῗηῗῑῖῖῖζί
427 1712 1060 1804 ἱέᾲἐπῗὲὃὲ*,ωξῗιᾞὲοᾞιὶἓοξέωῗὲῧῖ

36 1808 160 1845 ᾙοῐιιι.
188 1807 330 1855 [τοῦπος
347 1811 450 1843 ιΙειιΙίι4
465 1821 509 1843 ex
535 1819 647 1852 apogr.
668 1808 794 1855 Dind.]
826 1808 911 1856 πρὸς
930 1819 999 1854 μητ
1022 1807 1059 1845 ὸς

92 1856 242 1904 πατρός·;
271 1855 361 1891 1037
385 1868 432 1915 so.
460 1855 681 1903 ὢνομάσθην.
726 1855 880 1916 ἀπείρων]
902 1855 967 1890 οὐκ
1012 1865 1061 1912 σει

22 1901 1059 1999 “’νχὲβὶἶῗοῖαζὲἕζῇάῗὶΐᾌέοὲἕοῗὴἰἕῗᾍὶῖῗηέιῶρᾱῖξ

16 2015 26 2046 j
40 1995 154 2044 δέμας
176 1997 237 2033 καὶ
260 2011 285 2033 π
308 1998 345 2038 ὸς
368 2003 482 2033 κυνῶν
509 1997 643 2032 ἐδεστὸν
662 1993 845 2033 αἰκισθέντ’
872 1997 956 2032 ἰδεῖν
973 1998 1055 2029 Ant.

24 2039 127 2080 ‘'.·l5
154 2057 186 2077 v.
214 2010 347 2087 αἰκίὲω.
375 2045 460 2092 πρὸς
486 2049 546 2080 σοῦ
570 2045 613 2080 τὰ
638 2043 713 2080 δείν’
739 2042 837 2080 ἐκεῖν’
866 2042 1061 2091 ἐπηπειλη-

19 2091 145 2175 μένοι
160 2091 242 2128 408.
270 2091 502 2139 διδαξόμεσθα
527 2091 570 2139 δὴ
597 2095 736 2140 φρονεῖν
754 2092 839 2140 πρὸς
857 2091 979 2139 ἀνδρὸς
995 2102 1060 2136 τη-

68 2139 184 2175 ικοῦδε
201 2138 282 2175 727.
309 2139 391 2185 [quo
414 2142 484 2173 loco
502 2150 593 2173 nunc
611 2151 654 2172 ex
673 2141 731 2173 LA
748 2142 847 2173 datur
863 2136 915 2174 ὑπ’
944 2135 1061 2184 ἀνδρ.]

5 2198 10 2206 ‘
38 2186 42 2202 '·
75 2186 174 2234 ότερα
205 2199 369 2234 πατρῳας
392 2185 416 2233 ἢ
442 2186 527 2234 πρὸς
552 2186 680 2226 οἰκείας
704 2187 826 2235 χερός·,
867 2184 969 2220 1176.
1014 2185 1061 2222 ὡς

6 2268 7 2271 ,
36 2240 60 2270 §.a
73 2233 159 2269 ίτίαν
246 2233 338 2282 ἔχων
355 2234 439 2283 πρὸς
455 2238 519 2281 τῆς
537 2233 710 2280 θανούσης
725 2231 818 2280 τῆσδ’
842 2232 1060 2279 ἐπεσκήπτου

42 2291 66 2308 a:
98 2279 153 2317 13.
187 2281 273 2328 πρὸς
307 2280 398 2316 θεῶν
430 2281 622 2328 εἱμαρμένα
655 2283 710 2316 Tr.
741 2279 820 2315 169.
864 2278 1063 2328 ἐθηλύνθην

3 2334 9 2356 ἶ
78 2341 158 2375 ·μα
173 2330 259 2376 πρὸς
274 2328 379 2375 τῆσδε
402 2333 467 2375 τῆς
482 2328 644 2375 γυναικός
660 2330 715 2363 Ai.
738 2326 818 2362 652.
844 2329 892 2367 ὡς
910 2329 960 2376 μὴ
978 2326 1064 2386 πρὸς

44 2389 49 2398 ’
94 2374 188 2422 θρῶν
209 2388 270 2411 του
296 2374 542 2415 κατοπτευθεὶς
567 2373 679 2423 ριφθῶ
704 2374 784 2410 829.
821 2374 969 2424 ἔρχομαι
985 2373 1064 2434 δικη

38 2448 42 2472 T
78 2420 227 2471 θαρτής
244 2422 328 2470 πρὸς
346 2421 436 2458 θεῶν
466 2423 673 2470 ὡρμημένος
698 2425 753 2456 ΕΙ.
775 2421 830 2456 70.
858 2424 943 2470 πρὸς
967 2422 1054 2468 τῆσδ

43 2482 63 2502 5³
78 2469 181 2516 ιρίζει·
195 2469 324 2516 μητρός
341 2468 422 2503 790.
459 2469 540 2505 ὅταν
557 2469 591 2505 οἵ
607 2469 636 2504 τ’
654 2469 676 2505 ἀ
698 2469 779 2505 αθοὶ
795 2470 879 2517 πρὸς
894 2474 964 2504 τῶν
982 2469 1064 2517 ἀγε-

1 2518 10 2555 ἰῑ
45 2535 49 2555 -,
73 2520 116 2551 ’ν
132 2522 383 2552 κατανικῶνται
406 2520 449 2551 fr.
477 2519 595 2551 Alead.
626 2516 669 2551 10
695 2543 703 2559 ,
724 2515 759 2551 2.
787 2517 872 2564 πρὸς
895 2520 956 2552 τοῦ
973 2529 1064 2564 παρ-

2 2565 13 2571 ”
43 2579 75 2598 ‘iv
98 2576 150 2602 ιος
177 2563 295 2611 ἱμέρου
319 2564 495 2611 νικωμένη
520 2566 587 2599 ino.
615 2563 697 2607 671,
718 2563 751 2598 4.
775 2583 816 2589 ——
850 2566 866 2608 ΙΙ
897 2565 983 2598 Cum
1009 2568 1062 2598 in-

2 2610 11 2655 s
82 2655 120 2691 2
132 2609 388 2693 ἱῗέἱᾬθαὲἶῇ
405 2610 540 2694 3ἑέθέ
554 2611 649 2697 όῗρόῗ
670 2611 989 2694 ἔῑῖῗᾌῖῗὲἕῗὲΐῗ
1006 2614 1065 2694 ‘32¹³

10 2725 16 2752 3
47 2690 76 2739 ⁸,
95 2705 152 2740 τὸν
176 2672 254 2752 ἥξόι
271 2671 402 2754 ἵμοῖραμ
410 2671 495 2763 πρρὸς
519 2670 639 2744 τξαιδὸγς
655 2673 773 2741 &gestie
790 2704 871 2739 713.
899 2707 939 2742 τὸ
957 2672 1064 2742 δέινὸξ

47 2779 58 2802 „3
73 2749 236 2800 δφοβεῖτο
261 2753 346 2799 πρὸς
371 2753 493 2792 παιοὸς
517 2751 635 2788 θανεῖν
661 2751 740 2786 722.
779 2754 894 2796 [Dind.
921 2752 1061 2798 παθεῖν,

6 2803 25 2839 1}
155 2806 206 2833 est
223 2802 258 2832 in
276 2811 386 2842 apogr.
415 2803 587 2842 plerisque
612 2805 646 2833 et
668 2802 704 2833 in
723 2802 783 2834 LA
800 2811 919 2834 manus
944 2813 1063 2835 recen-

12 2851 18 2864 ’-
51 2851 73 2874 *t
88 2848 184 2880 ima
208 2849 363 2890 ascripsit
386 2849 498 2881 addito
512 2848 580 2895 γρ.]
609 2847 693 2894 πρὸς
717 2851 781 2894 τῆς
805 2852 915 2896 τυχῆς
933 2847 1064 2883 ὄλωλεν

59 2913 65 2932 3
100 2893 132 2932 ὲ
147 2889 239 2929 τοῦδ’
256 2893 321 2929 ὕπο
339 2891 420 2936 949,
446 2897 534 2938 quod
551 2897 745 2937 exemplum
769 2901 906 2937 propter
921 2895 1008 2942 πρός
1029 2901 1066 2929 et

18 2978 31 2986 ,Ἴ
63 2954 66 2962 “
87 2957 111 2970 v·
141 2944 215 2984 pari
240 2944 485 2983 significatione
511 2944 692 2983 composita
719 2944 840 2975 ceteris
864 2945 1064 2976 memorabi-

15 2985 34 3027 ’.ζ
80 2997 132 3021 us.
183 2990 284 3022 Triol.
312 2994 348 3022 et
378 2991 516 3031 quidam
541 2990 634 3022 oodd.
671 2991 785 3022 minus
809 2991 889 3023 boni
913 2989 978 3036 πρὸ
1001 2994 1064 3036 τῆς

13 3031 118 3199 {tgna
145 3048 172 3074 ς.
201 3035 283 3082 βίον,
312 3034 384 3071 οἷον
402 3035 522 3083 βιῶναί
540 3047 616 3118 σφω
634 3035 718 3082 πρὸς
741 3034 935 3083 ἀνθρώπων
999 3038 1063 3072 ⁶⁰5⁹

129 3101 158 3117 0.
185 3083 273 3118 ὥστε
298 3083 382 3129 πρὸς
407 3083 536 3118 παίδων
588 3087 680 3118 ανεῖν
706 3084 760 3116 OC
786 3081 866 3117 970.
906 3049 984 3119 aab,

19 3167 38 3220 ‚⁸¹¹
55 3175 77 3201 ᾖ
100 3180 144 3257 ἒς

169 3223 228 3259 οἶα
251 3236 276 3258 π

82 3315 103 3331 ²
124 3315 158 3351 2.
186 3318 271 3365 πρὸς
294 3323 364 3353 τῶν
380 3319 550 3354 πνεόντων
569 3317 715 3365 μηδενὸς
732 3317 848 3354 θανεῖν
874 3317 941 3354 ὕπο
961 3317 1061 3360 1160,

0 952 25 994 33⁴,
47 955 94 1040 ἓτί
121 969 187 1003 μου
204 959 310 991 Dind.
336 968 364 990 o.
386 957 569 1000 Hartung.]
597 968 705 991 πεπον
733 955 815 1011 έναιἲ
830 955 980 1012 λόγοισιν
1005 953 1063 1013 εἶτ’
1095 955 1159 1003 γὰρ
1182 955 1256 990 τ”δ’
1280 955 1506 1003 ἀπήλλαγμαι
1534 957 1617 999 [sive
1639 954 1860 1011 ἀπηλλάγην]
1887 954 1997 1002 φόβου
2023 955 2109 999 πρὸς

66 1015 191 1052 ργοισιν
217 1004 266 1043 είς
290 1003 423 1051 βλάβην
450 1003 553 1050 φέρον
579 1002 659 1037 516.
697 1002 763 1042 ἕως
787 1002 805 1037 δ
839 1015 881 1038 αν
899 1001 957 1037 οὖν
975 1013 1060 1048 προς
1094 1001 1190 1051 τῆσδ’
1233 1002 1347 1038 κείνου
1372 1016 1408 1038 τε
1433 1001 1513 1037 784.
1543 1002 1652 1050 φόβου
1670 1003 1755 1050 πρὸς
1770 1007 1875 1049 τῆσοε
1895 1005 2108 1043 coniungun-

14 1070 24 1087 ‚1
46 1054 108 1086 τοῦ
130 1051 298 1099 παρόντος
317 1050 482 1100 ἐκμάθῃς
499 1049 580 1086 835.
622 1050 808 1097 μανθάνειν
836 1049 899 1098 γὰρ
927 1048 1059 1108 ἥκομεν
1094 1055 1161 1084 tur.
1189 1049 1323 1098 σπουδὴ
1403 1050 1443 1086 ού
1460 1050 1546 1098 πρὸς
1561 1055 1630 1085 τῶν
1649 1049 1800 1098 θυραίων
1819 1048 1981 1095 οὐδαμῶς
1998 1046 2107 1083 ἀκου-

1095 1097 1263 1179 &paine-
1284 1101 1325 1132 fr.
1345 1096 1432 1140 823,
1450 1096 1485 1131 2.
1832 1096 1882 1141 (ΙΙ
1899 1108 1934 1139 p.
1954 1094 2034 1138 647,
2055 1095 2111 1142 4.)

1191 1172 1198 1178 .
1227 1147 1278 1178 Ad
1305 1147 1447 1179 eandem
1472 1147 1609 1178 voculae
1634 1147 1703 1177 vim
1727 1146 1810 1177 haec
1827 1146 2021 1177 referuntur
2037 1155 2109 1176 ser-

10 1189 140 1240 ῖῗῑναιμι
157 1195 212 1228 Tr.
236 1190 316 1228 191.
352 1189 420 1228 οὐδ’
441 1191 551 1240 ὄνομα
567 1192 653 1240 πρός
668 1205 729 1228 του
754 1197 822 1228 τῶν
839 1191 968 1238 ξυνεμπ
993 1202 1060 1237 ρων
1096 1195 1203 1226 monis
1236 1195 1475 1236 proprietatem
1507 1194 1646 1235 propius
1677 1194 1863 1233 tangentia.
1906 1195 1922 1231 ΙΙ
1970 1193 2109 1224 Locutio

15 1238 175 1303 ψέχειςς.
187 1239 268 1276 318.
298 1239 389 1287 μηδὲ
412 1240 497 1288 πρὸς
512 1244 639 1298 κακρῖς
660 1243 735 1279 τοῖς
752 1239 827 1276 οὖσι
843 1238 957 1285 λύπην
974 1238 1061 1297 πρός
1097 1239 1228 1278 αὐτὸς
1252 1241 1361 1287 πρὸς
1395 1239 1549 1282 αὑτοῦ,
1586 1241 1621 1272 in
1647 1250 1714 1282 qua
1740 1241 1880 1272 verbum
1907 1244 1966 1272 aut
1984 1239 2109 1289 adesse

23 1315 25 1320 .
90 1287 178 1334 ἐμου
189 1287 269 1324 νέαν
281 1286 383 1336 λάβοι
396 1286 476 1321 331.
495 1299 580 1322 ταυτ
605 1287 668 1323 οὐκ
682 1286 818 1323 ἀκούειν
834 1285 968 1334 μεγάλα
978 1298 1062 1334 προς
1094 1294 1154 1321 aut
1179 1290 1327 1329 intelligi
1351 1290 1447 1322 solet.
1482 1287 1569 1332 αὐτὴ
1587 1286 1673 1334 πρὸς
1690 1284 1797 1333 αὑτῆς
1815 1297 1861 1320 so.
1885 1284 2032 1332 τέθνηκε
2051 1286 2109 1318 OR

1098 1333 1198 1369 1237.
1228 1334 1330 1374 αὐτὸς
1354 1335 1438 1382 πρὸς
1463 1333 1568 1369 αὑτοῦ
1589 1345 1634 1368 sc.
1663 1333 1867 1379 αἱμάσσεται
1892 1336 1973 1366 Ant.
2004 1331 2104 1365 1177.

1094 1381 1182 1428 αὐτὴ
1200 1382 1284 1430 πρὸς
1301 1382 1410 1429 αὐτῆς
1427 1394 1474 1416 so.
1493 1380 1641 1429 τέθνηκε
1666 1383 1721 1414 Tr.
1745 1379 1836 1414 1132
1848 1406 1856 1422 ‚
1882 1382 1972 1423 quod
1989 1382 2110 1413 ceteris

1096 1433 1364 1472 memorabilius,
1393 1432 1482 1473 quod
1499 1432 1638 1462 verbum
1663 1430 1903 1462 assumendum
1928 1433 1980 1461 est
2004 1439 2047 1461 ex
2075 1439 2106 1460 v.

1099 1476 1200 1519 1130,
1220 1480 1421 1520 interposita
1439 1479 1593 1510 Herculis
1610 1478 1885 1517 interrogatione.
1903 1475 2004 1514 αὐτὸς
2021 1475 2106 1524 πρὸς

1096 1523 1201 1559 αὑτοῦ
1227 1527 1282 1558 Ai.
1303 1523 1382 1559 906.
1404 1536 1452 1558 sc.
1472 1523 1580 1559 ὤλετο
1598 1536 1624 1558 S.
1645 1522 1813 1570 τέθνηκε,
1841 1525 1929 1565 quod
1949 1534 1992 1557 ex
2011 1525 2111 1555 verbo

1096 1574 1316 1615 praecedente
1335 1571 1428 1619 ἔρξεν
1446 1574 1669 1613 sumendum,
1698 1570 1795 1618 ἔργον
1815 1573 1907 1604 enim
1922 1571 2009 1603 illud
2024 1580 2112 1603 mors

1096 1625 1159 1653 est.
1188 1622 1294 1653 Adest
1319 1623 1476 1653 verbum:
1511 1618 1598 1665 αὐτὴ
1624 1618 1710 1665 πρὸς
1735 1617 1842 1665 αὑτῆς
1865 1620 2111 1666 γειροποιεῖται

1095 1666 1174 1701 τάδε
1194 1669 1249 1700 Tr.
1271 1665 1352 1701 891.
1374 1685 1416 1690 -—
1442 1668 1456 1710 ΙΙ
1480 1668 1615 1699 Deinde
1640 1663 1760 1701 εἶναι
1784 1661 1892 1724 πρός
1917 1676 2038 1703 τινος
2062 1675 2112 1697 re-

1095 1716 1154 1747 bus
1171 1717 1314 1747 alicuius
1332 1717 1385 1747 vel
1404 1717 1536 1755 inyenio
1553 1716 1737 1747 convenire.
1766 1725 1852 1760 προς
1867 1711 1931 1759 γὰρ
1947 1714 2059 1746 κακοῦ
2075 1723 2111 1745 τε

1094 1762 1153 1796 καὶ
1179 1761 1382 1810 βαρυψύγου
1407 1760 1510 1808 γόους
1538 1788 1545 1795 .
1561 1787 1568 1795 .
1585 1787 1592 1794 .
1621 1759 1743 1808 ἀνδρὸς
1768 1754 1912 1807 ἐξηγεῖτ’
1937 1759 1954 1794 ἕ
1980 1771 2026 1793 ειν
2053 1761 2109 1791 Ai.

1095 1806 1176 1842 319.
1220 1807 1259 1844 οὐ
1294 1805 1379 1856 πρὸς
1414 1809 1532 1855 ἰατροῦ
1566 1810 1675 1854 σοφοῦ
1699 1806 1742 1853 θρ
1769 1811 1839 1842 νεῖν
1866 1805 1960 1851 ἐπῳδ
1987 1819 2002 1845 ς
2028 1805 2113 1852 πρὸς

1094 1861 1244 1902 τομῶντι
1261 1856 1395 1902 πήματι
1411 1855 1492 1890 581.
1520 1859 1631 1890 κακοῦ
1649 1854 1734 1901 πρὸς
1773 1854 1873 1901 νδρός
1893 1852 1993 1887 1071.
2020 1851 2115 1887 ταῦτ’
2142 1892 2145 1893 ⁷

1096 1903 1167 1939 ἐστὶ
1189 1902 1282 1950 τᾶπη
1307 1903 1391 1950 πρὸς
1416 1908 1535 1938 κακῶν
1562 1902 1735 1937 ἐπαινέσαι
1761 1904 1812 1935 El.
1835 1900 1915 1935 401.
1944 1900 2053 1935 κακὸν
2072 1900 2111 1934 τὸ

1094 1949 1230 1986 κεύθειν
1262 1950 1327 1985 κού
1358 1953 1444 1997 πρὸς
1469 1950 1592 1996 ἀνδρὸς
1617 1949 1774 1998 εὐγενοῦς
1810 1951 1929 1982 Alead.
1958 1951 1999 1982 fr.
2031 1946 2108 1980 100.

1098 2000 1139 2032 V.
1168 2000 1286 2033 Valok.
1315 2000 1357 2031 ad
1381 2000 1483 2031 schol.
1514 1999 1596 2030 Eur.
1625 1999 1752 2031 Phoen.
1776 1994 1877 2030 1686.
1907 1997 2027 2028 Matth.
2048 1996 2106 2027 Gr.

1097 2046 1153 2079 Gr.
1174 2044 1196 2090 S
1214 2044 1282 2079 590
1299 2057 1328 2079 a.
1349 2047 1463 2078 Monk.
1484 2046 1524 2078 ad
1543 2046 1625 2078 Eur.
1645 2047 1719 2079 Alc.
1740 2042 1797 2078 57,
1825 2045 1914 2076 Hine
1929 2043 1977 2077 τὸ
2003 2041 2111 2087 πρός

1095 2104 1213 2131 τινος
1238 2098 1293 2126 est
1318 2094 1404 2135 quod
1429 2095 1571 2126 alicuius
1586 2093 1682 2125 rebus
1706 2092 1800 2133 favet
1817 2093 1888 2124 sive
1904 2091 2112 2123 commodum

1096 2144 1154 2173 est.
1183 2139 1237 2174 δεῖ
1252 2139 1296 2187 γὰ
1333 2140 1447 2174 καὶτὸ
1465 2139 1550 2187 πρὸς
1567 2138 1680 2173 κείνου
1705 2138 1744 2172 λέ
1767 2150 1815 2172 ειν
1842 2139 1898 2172 Tr.
1918 2136 1998 2170 479.
2027 2136 2113 2183 πρὸς

1099 2190 1159 2222 σοῦ
1175 2186 1250 2234 γὰρ,
1272 2182 1344 2222 ουδ’
1360 2187 1458 2234 ἐμοῦ,
1481 2186 1602 2234 φράσω
1619 2188 1688 2220 OR.
1710 2184 1751 2218 14
1776 2184 1810 2220 4.
1831 2197 1862 2219 v.
1877 2187 2022 2218 Brunok.
2039 2186 2063 2217 l.
2080 2195 2109 2215 c.

1099 2236 1208 2267 Koen.
1229 2236 1270 2267 ad
1284 2236 1381 2275 Greg.
1404 2235 1477 2268 Cor.
1497 2245 1531 2276 p.
1548 2231 1626 2267 106.
1648 2234 1825 2266 Heindorf.
1847 2234 1888 2265 ad
1906 2234 1990 2264 Plat.
2004 2233 2108 2273 Hipp.

1100 2283 1177 2315 Mai.
1198 2292 1233 2324 p.
1251 2279 1333 2324 285,
1354 2284 1386 2314 b.
1410 2282 1465 2314 Sic
1482 2282 1695 2314 scribendum
1712 2282 1820 2312 videri
1837 2290 1934 2322 posse
1951 2278 2036 2325 πρὸς
2051 2280 2113 2311 τοῦ

1099 2327 1262 2367 θανόντος
1277 2324 1369 2376 τήνδ’
1390 2323 1505 2363 ἔθεσθ’
1524 2327 1734 2374 ἐπιστροφήν
1752 2328 1811 2359 OR
1826 2325 1904 2360 134.
1926 2327 2112 2359 seeundum

1100 2378 1158 2408 LA
1175 2378 1440 2418 significavimus
1463 2388 1495 2410 v.
1515 2375 1595 2421 πρό.
1629 2377 1694 2409 Sed
1719 2376 1929 2415 significatur
1945 2376 1992 2406 ita
2010 2375 2112 2405 etiam

1099 2425 1186 2466 quod
1218 2425 1361 2456 alicuius
1391 2428 1438 2456 est
1466 2425 1645 2464 universe,
1681 2424 1752 2454 sive
1782 2422 1869 2463 quod
1897 2422 1940 2454 ad
1967 2423 2036 2454 eius
2062 2430 2112 2452 res

1099 2475 1231 2512 spectat.
1265 2469 1310 2504 τὰ
1332 2470 1416 2519 πρὸς
1435 2482 1453 2503 σ
1484 2470 1533 2516 ᾦν
1551 2471 1609 2502 OR
1626 2467 1695 2502 668
1711 2470 1763 2502 ch.
1784 2471 1808 2502 i.
1830 2479 1860 2501 e.
1888 2467 1932 2502 τὰ
1949 2467 2107 2514 ὑμέτερα.

1098 2517 1141 2552 τὰ
1160 2517 1197 2551 δὲ
1212 2517 1298 2565 ,πρὸς
1315 2517 1444 2552 τέκνων
1456 2482 1566 2563 ιδιπλῆ
1585 2515 1731 2563 φύλοπις
1746 2512 1852 2550 οὐκέτ’
1871 2515 2038 2556 ἐξισοῦται
2056 2525 2114 2560 φι-

1098 2564 1245 2611 λοτασίῳ
1264 2564 1375 2611 διαίτᾳ
1392 2567 1445 2598 ΕΙ.
1469 2562 1557 2597 1071
1576 2565 1628 2596 eh.
1651 2565 1707 2596 Sic
1724 2564 1984 2603 intelligendum
2001 2561 2033 2596 τί
2050 2559 2114 2608 γὰρ

1099 2612 1226 2658 πατρὸς
1250 2610 1439 2650 θάλλοντος
1464 2609 1620 2649 εὐκλείας
1647 2610 1780 2648 τέκνοις
1809 2608 1950 2657 ἄγαλμα
1980 2608 2111 2655 μεῖζον,

1097 2658 1120 2704 ἢ
1139 2659 1170 2694 τί
1189 2658 1423 2706 πρὸςπαίδων
1441 2657 1562 2704 πατρί;
1591 2660 1676 2691 Ant.
1703 2656 1783 2690 704.
1812 2659 1895 2689 Inde
1921 2669 1942 2689 a
1963 2661 2057 2698 parte
2083 2666 2110 2688 s,

1099 2708 1183 2748 quod
1211 2709 1326 2739 attinet
1354 2705 1421 2750 (sio
1438 2717 1497 2738 nos
1523 2707 1689 2746 solemus;
1730 2707 1852 2737 Latine
1881 2706 1930 2737 sic
1957 2714 2024 2736 non
2048 2704 2113 2735 dici

1098 2753 1179 2798 scio)
1204 2756 1381 2796 signifieat.
1423 2750 1621 2799 *πρὸςάνδ
1646 2752 1682 2791 ὸς
1703 2751 1727 2798 ἢ
1752 2751 1882 2786 τέκνων
1911 2750 2112 2810 φοβουμένη

1099 2802 1155 2834 Tr.
1187 2799 1264 2833 150.
1295 2799 1389 2845 [secl.
1419 2801 1540 2842 Dind.]
1567 2798 1600 2833 τί
1624 2763 1654 2832 θ’
1699 2798 1767 2833 στὶν
1861 2810 1946 2846 προς
1971 2793 1997 2845 γ’
2027 2796 2113 2843 ἐμοῦ

1100 2847 1349 2895 στυγούμενον,
1377 2845 1456 2880 738.
1479 2865 1520 2871 -
1539 2851 1555 2887 ΙΙ
1579 2848 1634 2879 Ex
1652 2848 1770 2879 eodem
1787 2849 1881 2879 fonte
1898 2847 2115 2878 circumlocu-

1098 2897 1208 2928 tiones
1225 2897 1387 2936 quaedam
1404 2896 1546 2927 fluxere.
1585 2894 1830 2935 Omanyuinei
1855 2895 2015 2926 dicuntur
2034 2890 2115 2929 τοὺς

1099 2942 1183 2988 πρὸς
1202 2940 1346 2988 αἵματος
1363 2943 1419 2975 Ai.
1440 2939 1520 2975 305.
1565 2942 1793 2974 Adverbiascit
1809 2939 1895 2986 πρὸς
1921 2938 2019 2985 δίκης
2035 2941 2058 2971 i.
2079 2949 2112 2980 q.

1100 2988 1241 3027 δικαίως
1258 2990 1315 3022 OR
1334 2987 1436 3022 1014.
1463 2990 1517 3021 El.
1539 2986 1643 3021 1211.
1684 2986 1976 3021 lmtmnaemalem
2000 2997 2115 3018 casum

1099 3038 1260 3078 exprimit
1283 3035 1368 3083 πρὸς
1394 3034 1473 3070 ὅτου
1500 3034 1640 3081 βασάνῳ
1665 3036 1724 3068 OR
1747 3032 1817 3068 493
1835 3036 1887 3068 ch.
1916 3033 2000 3081 πρὸς
2025 3032 2116 3071 τίνος

63 3125 65 3127 ,
1009 3096 1064 3119 ετο
1100 3078 1174 3118 πότ’
1190 3081 1301 3122 αἰτίας
1326 3081 1417 3116 1236
1435 3085 1458 3116 Ι.
1479 3093 1511 3124 q.
1538 3081 1602 3116 τίνι
1627 3081 1783 3128 βασάνῳ,
1810 3081 1876 3115 τίνι
1900 3080 1992 3127 αἰτίᾳ
2017 3091 2043 3113 s.
2076 3079 2116 3113 ἐκ

48 3131 70 3175 ξ
88 3143 138 3169 ἰς
161 3129 373 3177 αὐτοφώρων
397 3129 421 3165 ἀ
450 3129 567 3176 πλακη
597 3129 688 3165 άτων
712 3131 794 3165 Ant.
818 3129 873 3165 51.
902 3131 988 3178 πρὸς
1013 3131 1065 3165 δι-
1099 3129 1189 3168 τίνος
1207 3129 1334 3172 αἰτίας,
1363 3140 1448 3172 quae
1465 3131 1604 3170 paulum
1620 3132 1711 3162 inter
1727 3139 1763 3162 se
1780 3131 1925 3161 diversa.
1962 3130 2045 3160 Inde
2061 3131 2115 3159 est

170 3176 292 3224 μοίρας
311 3204 319 3212 .
334 3204 342 3210 .
357 3204 364 3211 .
389 3178 418 3212 ὦ
442 3189 519 3213 οντο
546 3176 562 3209 1
590 3175 624 3213 0.
653 3177 738 3224 πρὸς
762 3176 883 3225 ἀνδρὸς
909 3177 1064 3213 ἐκπεσεῖν
1100 3180 1203 3211 etiam
1219 3179 1304 3210 illud
1327 3178 1382 3210 OC
1408 3174 1477 3209 546
1493 3177 1567 3210 ob.:
1604 3175 1678 3224 ἔχει
1695 3175 1733 3210 δέ
1759 3188 1817 3222 μοι
1844 3201 1852 3208 .
1868 3202 1875 3208 .
1890 3202 1897 3209 .
1917 3175 2002 3221 πρὸς
2022 3173 2117 3211 δίκας

319 3237 335 3263 ς
369 3223 451 3260 οἵων
483 3223 616 3272 ἀνδρῶν
647 3225 775 3273 πάσχω
804 3223 873 3258 942
897 3236 952 3260 an.
981 3225 1065 3272 πρὸς
1099 3237 1150 3266 τι,
1179 3226 1390 3266 aliquantum
1412 3225 1528 3256 veniae
1551 3236 1573 3257 α
1596 3225 1680 3266 facti
1706 3225 1851 3264 iustitia,
1879 3225 1902 3255 i.
1927 3233 1957 3255 e.
1983 3225 2116 3263 propter

120 3282 131 3314 ς
159 3282 206 3307 so.
232 3270 271 3306 τέ
316 3283 399 3318 ηκεν
425 3274 481 3305 Tr.
512 3271 613 3306 1131.
648 3271 786 3310 οὐδενὸς
810 3272 896 3318 πρὸς
919 3272 1065 3307 ἐντόπου
1100 3272 1185 3313 facti
1210 3273 1383 3304 iustitiam.

1171 3317 1205 3351 5.
1233 3319 1399 3351 Formulis
1424 3318 1560 3350 iurandi
1584 3321 1619 3349 et
1642 3317 1826 3350 obtestandi
1851 3315 1956 3361 πρός
1980 3317 2116 3348 adhibe-

70 3388 93 3404 „
120 3375 186 3407 qua
218 3368 390 3399 sententia
415 3369 524 3399 adhuc
548 3368 728 3399 dicendum
753 3371 880 3408 postea.
924 3364 1065 3400 ἐπαίνου
1102 3371 1170 3399 tur.
1200 3364 1284 3411 πρός
1301 3364 1360 3399 νύν
1387 3376 1424 3398 σε
1442 3363 1588 3410 πατρὸς,
1609 3363 1693 3410 πρός
1709 3375 1747 3397 τε
1766 3363 1916 3410 μητρὸς,
1937 3362 2021 3409 πρός
2038 3359 2062 3396 τ’
2085 3359 2116 3394 εἴ

16 3421 20 3476 ’ἲ
114 3409 202 3452 ξεται
226 3412 310 3459 πρὸς
334 3416 415 3460 γοῦν
440 3413 527 3459 ἐμοῦ
552 3415 606 3445 Ai.
632 3411 711 3446 527.
741 3412 825 3458 πρὸς
841 3418 910 3447 τῶν
930 3409 1067 3460 Ἀτρει-
1101 3411 1133 3446 τί
1151 3424 1203 3446 σοι
1218 3408 1290 3446 κατ’
1319 3411 1415 3446 οἶκόν
1442 3411 1511 3445 ἐστι
1529 3409 1715 3457 προσφιλὲς
1742 3409 1859 3455 ἱκέτης
1875 3410 2033 3456 ἱκνοῦμαι
2052 3410 2112 3441 Ph.

1767 3478 1840 3512 42*
