2288 3600
0 142 31 208 ³2.
51 161 267 207 107-110.]

0 270 180 313 ‘minuatur
209 268 389 301 consilium
423 268 556 308 agendi.
615 267 725 308 Igitur
765 265 941 312 μήποτε

0 316 188 353 iterandum
212 316 428 348 arbitramur:
464 313 494 348 ὦ
519 311 685 359 δύσποτμ’
709 309 784 347 εἴθε
805 311 940 359 μήποτε

0 361 66 411 im,
90 361 130 402 δς
153 360 185 397 εἴ
211 363 271 396 OR
295 359 406 402 1068,
434 362 522 404 quod
547 362 666 393 fortius
691 365 810 402 negat,
840 370 941 402 quam

0 421 100 445 ποτε.
142 407 217 444 εἴθε
243 403 272 442 σ’
296 406 371 443 εἴθε
395 419 432 442 σε
458 406 586 454 μήποτ’
610 406 751 453 εἰδόμαν
779 405 868 440 1217
885 408 939 440 ch.

0 455 115 498 ἔδειξα
140 469 166 503 μ
193 467 276 491 ποτε
299 454 447 500 ἐμαυτὸν
473 452 684 501 ἀνθρώποισι
703 452 804 488 1392.
848 452 941 500 ἐκρί-

0 501 9 524 ·’
34 502 119 540 ἔνθα
145 516 170 550 μ
197 515 263 538 ποτ
292 500 462 550 είσόψεσθ’
479 501 529 537 ἔτι
549 499 649 535 1412.
694 500 782 547 ἐμοῦ
806 500 844 536 δὲ
869 501 942 548 μή·-

0 549 6 564 '
44 549 230 598 ἀξιωθήτω
262 548 340 584 τόδε
372 548 456 584 ἄστυ
490 549 617 589 ζῶντος
649 548 790 595 οἰκητοῦ
822 552 942 596 τυχεῖν

0 595 36 633 Β.
81 596 175 633 οὗτοι
201 596 338 644 μήποτέ
362 595 390 630 σ’
417 595 458 631 ἐκ
473 595 573 630 τῶνδ’
604 595 757 642 ἑδράνων
787 607 838 634 τις
870 593 943 634 ἄξει

7 643 74 679 176
91 647 142 679 ch.
170 647 286 678 Herm.
314 641 354 678 ού
381 655 434 678 τοι
459 643 500 690 μ’
534 654 628 678 ποτε.
696 642 818 690 δῶρον,
834 642 852 677 δ
871 642 944 689 μή-

0 690 7 706 ’
30 691 98 740 ἐγὼ
116 690 326 739 ἐπωφέλησα
343 690 468 729 πόλεος
484 655 662 730 {kenesen
679 688 750 723 540
767 701 811 723 ιιι.
856 689 943 724 ἔστιν

0 743 56 788 ’μοι
76 738 259 775 κατελθεῖν
286 737 422 785 μήποτε
439 736 519 771 601.
562 738 623 772 καὶ
646 737 846 772 καταίνεσον
872 736 944 783 μή-

0 797 16 827 s
42 786 232 833 προδώσειν
256 781 351 820 τάσδ’
374 784 463 820 ἑκών
491 782 592 818 1634.
626 787 741 818 Herm.
771 784 821 830 μή
847 796 941 819 ποτε.

0 831 265 929 ἰὲβέἒῖἧιᾶἒέ
289 830 946 926 ‘'⁸52⁹‘23ff‘ii2’20335733233253‘23152

0 925 66 965 ww
89 909 202 967 ὄσσοις
228 906 308 961 998.
336 893 452 960 Heprm.
474 932 509 961 et
525 891 706 1007 gindppg
723 938 817 961 ποτε.
870 920 946 960 ἀλλ’

0 974 161 1026 μεθήσων
179 970 310 1022 μήποθ’
327 973 384 1009 ὧδ’
402 974 467 1021 ὁρᾷ
483 973 584 1009 πάλιν
603 975 664 1007 ΡΙι.
709 972 766 1008 35.
796 972 941 1020 μήποτε,

0 1021 65 1063 ποθ’
87 1022 175 1070 ἡμῖν
200 1021 325 1069 ἀψεγὲς
350 1021 457 1057 πελᾶν
474 1021 512 1056 τέ
535 1033 574 1060 ας
589 1025 662 1059 τοῖς
681 1021 786 1068 δρῶσι
803 1023 855 1054 El.
877 1018 946 1053 496

0 1071 108 1105 ffrltem
133 1069 215 1105 οὐδὲ
241 1070 376 1118 μήποτε
399 1071 457 1103 OR
480 1068 502 1102 8
527 1067 549 1102 0
567 1070 619 1102 ch.
654 1071 693 1102 In
712 1070 838 1111 Oedipo
856 1070 945 1109 Rege

0 1128 29 1153 a
47 1128 216 1160 nusquam
239 1119 437 1151 disiunctim
461 1119 595 1158 scripsit
620 1118 856 1158 Hermannus,
881 1118 946 1148 etsi

0 1172 33 1209 μ
53 1167 178 1208 aptius·
191 1165 370 1207 aliquando
391 1166 526 1197 videtur
542 1166 664 1197 altero:
692 1164 749 1198 τὸν
768 1163 873 1210 ἐναγῆ
892 1161 947 1210 φί-

0 1212 69 1260 ‘tp-‘lg
97 1209 175 1247 ποτ’
205 1210 240 1246 ἐν
265 1210 358 1258 αἰτίᾳ
382 1210 499 1258 βαλεῖν
525 1213 583 1244 OR
601 1209 669 1244 656
686 1213 739 1244 ch.
785 1209 870 1245 ἔνθα
896 1209 945 1256 μή

923 148 1009 217 Μή

978 265 1020 301 ἐκ
1042 265 1158 301 κείνου
1183 266 1292 314 γεγώς
1317 267 1371 299 Ai.
1393 264 1473 299 472.
1519 265 1569 313 μή
1594 278 1646 301 τοι
1669 265 1813 313 θυραίαν
1837 261 1867 312 γ’
1890 265 1996 301 οὖσαν

978 312 1149 360 αἰσχύνειν
1175 311 1297 361 φίλους
1314 314 1368 346 ΕΙ.
1390 311 1471 346 518.
1507 315 1547 346 In
1571 314 1622 346 his
1640 313 1690 360 μή
1709 315 1905 346 adverbium
1923 325 1997 347 esse

978 362 1106 403 potuit,
1139 371 1215 394 cum
1245 371 1311 393 non
1341 362 1562 401 coniungatur
1589 371 1667 393 cum
1694 372 1768 402 τοι,
1805 363 1863 394 sed
1893 372 1996 394 sensu

978 410 1103 441 arctius
1120 409 1317 441 cohaereant
1332 419 1386 442 τοι
1403 413 1437 441 et
1454 419 1502 455 γε.
1544 409 1596 441 De
1615 408 1719 454 μήτοι
1734 419 1771 454 γε
1789 413 1823 440 et
1841 407 1890 455 μή
1909 407 1942 442 τί
1958 420 1996 455 γε

979 459 1093 488 contra
1115 457 1368 496 Her-mannum,
1405 456 1467 488 hoc
1493 456 1592 497 plane
1625 466 1667 488 ex
1694 456 1818 488 Graeco
1843 466 1996 488 sermone

979 505 1210 543 sublaturum,
1243 504 1407 535 assentior
1431 503 1564 535 Bremio
1591 508 1626 535 et
1649 504 1826 536 Schaesero
1850 514 1926 544 app.
1957 505 1997 535 ad

980 551 1079 583 Dem.
1103 549 1133 583 1.
1154 561 1188 592 p.
1209 547 1279 582 265
1297 561 1330 583 v.
1349 561 1411 588 τις.
1447 546 1510 595 Μή
1535 561 1589 583 τοι
1604 560 1663 592 pro
1681 549 1730 596 μή
1751 561 1822 595 μοι,
1843 561 1896 591 ap.
1918 552 1996 582 Ari-

981 598 1090 639 stoph.
1120 599 1312 639 frequenti,
1352 598 1477 630 iniuria
1504 599 1713 630 emendando
1742 599 1846 629 insert
1870 599 1997 639 aliquot

980 646 1061 677 locis
1086 645 1205 677 Elmsl.
1234 645 1276 677 ad
1298 645 1386 677 Med.
1411 643 1476 677 175
1498 649 1613 686 ῐιοῒᾼ.
1639 663 1743 677 —.—
1769 646 1826 676 NB
1843 649 1859 684 ΙΙ
1876 645 1998 677 Omnia

980 693 1056 733 illa,
1086 702 1171 733 quae
1198 691 1246 738 μή
1273 693 1349 724 aliis
1373 693 1547 733 particulis
1573 694 1626 725 vel
1643 693 1898 735 pronominibus
1915 694 1997 724 sub-

981 742 1108 772 iectum
1125 740 1267 779 habent,
1298 744 1337 772 ut
1360 737 1427 785 ἄρα
1446 738 1495 785 μή
1509 766 1517 781 ,
1546 738 1575 772 εί
1594 739 1662 785 μή,
1690 737 1734 784 ἣν
1754 738 1821 784 μή,
1853 738 1911 772 ἐὰν
1931 739 1993 785 μή,

981 784 1056 820 εἴθε
1073 791 1108 818 et
1124 785 1154 820 εἰ
1172 785 1210 820 δὲ
1228 785 1295 832 μή,
1324 784 1418 832 εἴπερ
1437 785 1506 832 μή,
1535 785 1602 820 εἴτε
1621 786 1691 832 μή,
1720 785 1742 832 ἠ
1763 785 1826 844 μή,
1854 785 1913 820 ἵνα
1955 786 1995 832 ή,

982 832 1077 871 ὅπως
1104 833 1153 880 μή
1180 840 1214 866 et
1238 833 1285 871 ὡς
1305 833 1373 880 μή,
1405 832 1485 867 ὅταν
1505 833 1572 879 μή,
1603 832 1642 867 οὐ
1662 833 1710 880 μή
1730 838 1764 865 et
1781 845 1875 867 ουτοι
1895 846 1920 879 μ
1963 836 1998 866 iu

981 882 1049 914 illis
1066 882 1257 922 quaerenda
1273 882 1443 914 vocabulis
1461 886 1554 922 sunt,
1575 892 1660 923 quae
1678 883 1786 923 primo
1803 883 1873 913 loco
1890 883 1999 923 posita

981 933 1136 961 exstant:
1158 927 1206 974 μή
1225 939 1275 966 τις
1292 940 1323 960 v.
1343 940 1403 966 τις.

1051 977 1111 1008 IV.
1155 976 1407 1016 Proprietas
1443 978 1657 1008 sermonis
1694 978 1738 1008 in
1770 978 1999 1016 particula

983 1022 1053 1069 μή.
1074 1041 1122 1047 -
1137 1022 1152 1066 u
1170 1023 1400 1055 Abundare
1425 1024 1532 1055 videri
1551 1023 1600 1070 μή
1619 1025 1742 1065 possit,
1772 1033 1848 1055 cum
1866 1024 2000 1056 additur

981 1075 1095 1102 contra
1112 1075 1260 1103 nostram
1277 1072 1571 1103 consuetudinem.
1611 1071 1678 1103 Nec
1695 1072 1799 1111 magis
1816 1075 1928 1103 tamen
1947 1081 1999 1103 re-

983 1128 1059 1150 vera
1082 1118 1249 1158 abundat,
1281 1128 1381 1160 quam
1412 1119 1448 1150 in
1474 1117 1523 1164 μὴ
1552 1116 1604 1151 οὐ.
1651 1119 1707 1150 Fit
1731 1119 1815 1150 illud
1837 1120 1996 1159 primum,

982 1166 1115 1207 quando
1131 1166 1258 1206 pendet
1275 1177 1294 1198 a
1311 1167 1422 1198 verbis
1440 1165 1637 1206 impediendi
1655 1170 1689 1197 et
1698 1165 1903 1206 prohibendi,
1921 1167 1999 1207 qui-

983 1214 1046 1245 bus
1063 1216 1172 1245 vetare
1185 1217 1363 1254 cognatum
1377 1218 1429 1245 est
1441 1214 1698 1253 significatione.
1728 1214 1865 1245 Notavit
1879 1214 1996 1245 Valck.

0 1254 176 1308 ἶόψοίμην
191 1265 310 1294 κακῶν
326 1263 495 1308 χρησμῶν
513 1257 627 1306 ὀνείδη
645 1256 727 1292 796.
773 1258 812 1292 τὸ
829 1256 947 1295 καλῶς
982 1261 1023 1292 ad
1040 1261 1175 1302 Hippoi.
1195 1270 1228 1302 p.
1254 1257 1319 1292 169
1337 1271 1372 1302 a,
1401 1262 1462 1293 sed
1479 1270 1546 1292 non
1563 1262 1677 1292 minus
1693 1271 1793 1302 quam
1811 1261 1938 1301 Musgr.
1959 1261 1999 1293 ad

22 1319 62 1343 ον
85 1305 184 1342 πόλει
207 1306 387 1352 πάλαισμα
403 1306 453 1352 μή
471 1317 554 1340 ποτε
570 1304 670 1340 λῦσαι
687 1304 766 1340 θεὸν
785 1305 949 1350 αἰτοῦμαι
982 1308 1064 1340 Ant.
1080 1304 1150 1340 269
1167 1317 1243 1340 cum
1263 1310 1426 1340 acervatis
1437 1309 1614 1350 particulis
1627 1307 1676 1354 μὴ

15 1355 80 1388 ⁴cli.
130 1353 230 1402 σφῷν
255 1349 284 1389 δ’
308 1353 368 1389 οὖν
398 1354 466 1400 ἐγὼ
491 1352 588 1391 θεοῖς
616 1352 755 1399 ἀρῶμαι
785 1352 835 1398 μή
864 1348 944 1386 ποτ’
982 1353 1108 1403 χρόνον
1135 1350 1168 1400 μ’
1194 1353 1341 1401 ἐπέσχον
1367 1353 1417 1401 μή
1443 1366 1486 1400 με
1505 1353 1707 1389 ναυστολεῖν
1724 1353 1814 1400 ταχύ
1832 1356 1893 1388 Ph.
1914 1352 1995 1396 349,

22 1412 78 1437 σαι
93 1400 201 1436 κακόν
218 1402 274 1435 OO
293 1399 382 1434 1445
400 1403 452 1435 ch.
487 1403 607 1435 τοῦτον
625 1399 663 1435 δὲ
681 1399 787 1447 φράζε
806 1399 856 1446 μή
874 1396 948 1434 ποτ’
983 1403 1072 1444 quod
1098 1403 1197 1444 plane
1220 1403 1348 1434 dictum
1365 1407 1404 1434 ut
1421 1404 1623 1445 explicatius
1640 1404 1725 1435 illud
1743 1401 1782 1436 οὐ
1801 1401 1844 1448 δή
1864 1413 1900 1436 σε
1919 1400 2002 1436 δυσ-

1 1459 34 1479 ···
54 1461 127 1484 πων
143 1447 209 1483 τινί
226 1446 317 1482 1522
334 1450 420 1482 ham
436 1459 477 1482 ne
494 1449 613 1480 dixeris
629 1451 704 1482 uui.
732 1449 760 1482 ὧ
778 1447 850 1483 Ζεῦ
865 1459 947 1494 τρο-
982 1447 1102 1497 χέρεια
1117 1452 1178 1484 τοῦ
1194 1447 1391 1495 νοσήματος
1409 1448 1542 1483 ἔπεισεν
1555 1478 1563 1493 ,
1583 1449 1670 1483 ὥστε
1688 1449 1737 1496 μή
1757 1445 1791 1495 μ’
1807 1447 1901 1497 ἄγειν
1918 1448 2003 1483 ναύ-

62 1495 113 1543 μή
138 1490 213 1531 ποτ’
230 1495 347 1530 εἰσίδοι
379 1494 389 1530 ί
406 1507 442 1529 σε
457 1495 542 1552 πρὸς
558 1494 687 1552 τούμόν
703 1493 795 1530 οὕτω
811 1493 948 1540 σπέρμα
982 1509 1045 1555 τήν
1064 1495 1133 1554 ἔτι,
1155 1493 1235 1530 901.
1278 1497 1427 1538 Negatur
1452 1499 1543 1556 enim
1560 1499 1731 1530 infinitivo
1747 1499 1879 1554 inclusa
1896 1499 1998 1530 notio.

7 1581 22 1593 ⁶
38 1542 145 1578 “⁰⁹³⁶
168 1555 228 1578 “⁰²
247 1545 302 1577 T*
323 1541 344 1576 3
371 1541 392 1576 3
413 1547 546 1576 '‘³²'‘“m
570 1544 947 1637 ’ἃλῖῗέῗᾞάζᾞῖἶῗὶ
982 1542 2005 1639 amatis.necessetas.{53:5215233}

6 1595 159 1634 optato
182 1592 306 1624 melius
331 1592 501 1624 convenit.

18 1637 34 1682 ¹s
64 1637 230 1685 πέμψειν,
254 1637 339 1674 ἔνθα
356 1637 405 1684 μή
424 1635 504 1672 ποθ’
520 1602 578 1683 ἤϊ’

8 1686 101 1730 4;.;“Ι
144 1684 202 1719 καί
227 1697 270 1731 με
296 1685 345 1732 μή
372 1680 451 1720 ποθ’
475 1682 614 1731 ὕστερον
640 1684 800 1720 παθοῦσα
825 1682 947 1731 μέμψῃ

12 1742 23 1747 ·
50 1730 182 1780 κύψον
198 1744 262 1774 νιν,
283 1730 367 1767 ἔνθα
384 1731 433 1779 μή
451 1730 525 1767 ποτ’
541 1733 590 1771 εἰς
607 1731 709 1778 εὐνὴν
727 1733 852 1779 πατρὸς
868 1731 948 1765 τού·
965 1696 967 1760 Ι

10 1787 22 1813 'i
56 1791 173 1814 σεισι
190 1792 215 1826 μ
242 1778 298 1814 δέν
316 1778 396 1813 436.
443 1779 492 1826 μή
510 1775 584 1815 ποτ’
601 1779 737 1826 ὤφελον
754 1779 867 1813 λιπεῖν
885 1778 949 1860 ’πᾶν
965 1781 968 1836 Ι

23 1838 74 1862 σν
90 1829 152 1862 ΡΙι.
173 1825 218 1860 96
247 1853 253 1860 .
297 1826 430 1862 παῦλαν
447 1826 522 1862 ἴσθι
537 1827 586 1874 μή
605 1825 679 1862 ποτ’
695 1825 737 1862 ἂν
753 1839 793 1861 τυ
821 1829 872 1861 εῖν
888 1838 906 1859 ν
931 1845 949 1850 -

13 1871 120 1917 329.
143 1893 184 1900 -
210 1877 440 1918 Interponitur
456 1876 602 1916 aliquid:
629 1873 672 1920 ἢν
700 1874 739 1909 σὺ
767 1838 820 1920 a}
836 1873 950 1921 δείσῃς

20 1942 22 1946 ν
50 1926 58 1935 ‘
84 1949 92 1956 .
115 1920 216 1955 1309.
253 1921 303 1968 μή
323 1933 382 1968 μοι
398 1921 437 1956 τὸ
453 1920 582 1960 κάλλος
597 1921 703 1969 ἄλγος
721 1920 850 1968 ἐξεύροι
867 1919 950 1955 ποτέ

16 1969 212 2050 .rbRpP4c
241 1968 309 2018 αλῇ
331 1980 415 2028 ποτε
430 1967 511 2002 297.
548 1969 643 2049 ἐισῖε
652 1969 721 2050 8ss
730 1967 950 2055 σπάνινδέιὲτὲ

18 2034 119 2108 ζῖ62.
142 2082 184 2088 -
203 2064 218 2107 ss
235 2015 425 2109 Μήήπθιίιν
433 2028 587 2105 ηἷοῗοετιε.
609 2063 657 2110 μή
681 2043 732 2098 σοί
748 2015 871 2111 γέμῂεου
890 2027 951 2099 δύ’ἒ

17 2152 20 2156 β
168 2121 228 2149 σας
245 2108 344 2145 θάνοι
360 2113 416 2144 Ai.
428 2108 508 2144 533.
538 2124 564 2157 μ
607 2109 674 2146 πού
690 2123 741 2150 τις
753 2112 839 2158 ἡμῖν
852 2110 952 2159 ἐγγὺς

66 2169 134 2206 πτῃ
178 2163 286 2205 ροτῶν
304 2159 358 2190 ΕΙ.
379 2155 459 2191 898.
481 2178 525 2183 -
543 2159 557 2202 ΙΙ
598 2156 719 2204 Ῑήπω
743 2159 894 2192 nondum
918 2164 953 2191 et

30 2201 47 2245 ⁴,
108 2211 143 2238 et
169 2205 227 2252 μή
253 2217 328 2240 πω.
381 2203 476 2240 ὄλοιο
502 2205 551 2252 μή
575 2218 631 2240 πω
657 2207 717 2239 Ph.
747 2204 812 2239 961
840 2208 953 2248 aptius

28 2269 43 2278 v
64 2253 261 2295 eloquendo.
292 2266 316 2299 μ
344 2263 399 2286 πω
416 2264 454 2299 γε
470 2253 617 2301 (στεῖχε)
635 2253 712 2298 πρὶν
729 2251 769 2287 ἂν
781 2258 849 2287 τῶν
863 2252 954 2300 ἡμε-

29 2297 144 2346 „dine
162 2298 282 2346 μύθων
302 2299 318 2332 1
347 2296 392 2333 09
409 2310 463 2333 an.
502 2300 610 2347 μήπω
629 2296 663 2346 μ’
681 2300 794 2347 ἐρώτα
810 2302 868 2333 OR
885 2299 953 2334 740

28 2352 48 2394 ζ,
109 2357 162 2379 me
185 2350 360 2380 sciscitare.
405 2346 454 2392 μὴ
479 2345 733 2389 ξυναλλάξαντά
761 2360 816 2382 πω
848 2346 949 2381 1110.

36 2391 111 2428 δέ
125 2405 187 2429 του
207 2393 314 2439 μήπω
331 2391 489 2440 γενέσθαι
510 2394 623 2442 φωτὸς
642 2394 778 2429 ἀνοσίου
796 2395 852 2428 OG
868 2394 949 2428 281.

34 2461 37 2465 ι
71 2443 141 2476 Ἰνοῦ
157 2440 286 2476 τοσόνδ’
306 2440 382 2487 εἴην
399 2440 484 2486 κενή
502 2444 555 2475 ΕΙ.
573 2440 652 2475 403.
681 2445 720 2475 In
738 2444 829 2475 hunc
844 2445 953 2475 locum

33 2503 49 2514 ·
63 2490 164 2531 :quod
182 2490 275 2522 Pors.
303 2490 343 2522 ad
359 2490 489 2522 Hecub.
512 2487 603 2522 1268
625 2491 816 2531 adnotavit,
846 2490 954 2536 μήπω

74 2548 79 2562 ·.
107 2545 168 2578 pro
186 2535 322 2582 μήποτε
339 2537 467 2569 dictum
484 2538 643 2578 reperiri3
673 2541 726 2570 est
742 2538 802 2570 hoc
817 2539 854 2570 in
873 2539 950 2578 Tyr.

40 2583 66 2629 225³
84 2583 130 2615 lb:
161 2582 267 2628 μήπω
285 2596 311 2629 μ
352 2582 361 2599 '
378 2581 491 2630 εἴπῃς,
513 2583 590 2630 πρὶν
607 2583 843 2631 τελευτήσαντ’
859 2583 949 2630 ἴδῃς.

38 2629 56 2656 -“
81 2628 106 2711 ’ἒ
124 2630 314 2664 πώποτε.
351 2629 567 2676 πιστάμεσθα
581 2630 619 2665 δὲ
637 2631 686 2677 μὴ
705 2630 835 2666 πώποτ’
853 2630 954 2666 αὐτὸν

1689 1306 1729 1342 οὐ
1742 1308 1998 1340 commiscendo.

570 1649 621 1672 ιου
640 1637 766 1686 φέγγος
782 1634 948 1685 προσόψει
983 1650 1050 1672 νειν
1070 1637 1189 1685 φίλους
1206 1640 1259 1671 ΕΙ.
1281 1636 1361 1672 518.
1398 1640 1452 1672 Ad
1468 1641 1749 1680 significationem
1767 1640 1904 1673 vetandi
1922 1640 2003 1672 haec

986 1688 1131 1719 faciunt:
1168 1683 1399 1724 Πολυνείκους
1431 1685 1534 1721 νέκυν
1567 1686 1700 1721 ἀστοῖσί
1725 1698 1826 1734 φασιν
1851 1686 2003 1733 ἐκκεκη-

985 1730 1111 1780 ρῦχθαι
1127 1733 1166 1767 τὸ
1185 1733 1234 1779 μὴ
1252 1732 1353 1780 τάφῳ
1370 1733 1524 1781 καλύψαι
1541 1736 1622 1767 Ant.
1644 1732 1701 1767 27.
1738 1727 1877 1782 ᾔδησθα
1892 1745 2004 1781 κηρυ-

983 1780 1115 1829 χθέντα
1129 1780 1178 1827 μὴ
1193 1779 1352 1827 πράσσειν
1365 1780 1465 1823 τάδε;
1483 1779 1563 1814 447.
1583 1780 1643 1816 καί
1657 1792 1708 1815 σοι
1720 1786 1895 1829 προφωνῶ
1906 1780 2004 1815 τόνδε

986 1829 1035 1875 μὴ
1054 1827 1196 1863 θάπτειν
1212 1829 1268 1860 Ai.
1292 1826 1393 1861 1089.
1422 1830 1461 1860 In
1479 1829 1533 1861 his
1550 1831 1658 1862 tribus
1675 1830 1841 1871 exemplis
1859 1828 1909 1874 μή
1928 1830 2003 1861 sine

986 1886 1106 1909 sensus
1123 1877 1326 1908 detrimento
1343 1877 1455 1908 omitti
1472 1886 1538 1908 non
1556 1878 1678 1918 potuit,
1695 1878 1823 1918 quippe
1841 1879 1920 1908 iussi
1937 1886 2003 1908 non

986 1926 1078 1956 vetiti
1102 1925 1274 1955 notionem
1299 1923 1561 1956 exhibentibus:
1590 1934 1657 1965 qua
1673 1925 1769 1956 adest
1784 1926 1820 1956 in
1839 1925 1919 1956 hoc:
1946 1923 2005 1957 τὸν

986 1968 1079 2018 ἄνδρ’
1105 1967 1244 2017 ἀπηύδα
1261 1967 1413 2017 Τεῦκρος
1437 1969 1578 2005 ἔνδοθεν
1604 1970 1726 2017 στέγης
1745 1970 1795 2017 μὴ
1814 1970 1872 2012 ’ξω
1888 1970 2006 2018 παρή-

987 2029 1058 2052 κειν
1076 2019 1133 2050 Ai.
1152 2014 1234 2050 742.
1271 2019 1337 2051 Sed
1362 2024 1396 2050 et
1419 2029 1438 2050 a
1454 2019 1653 2060 prohibendi
1672 2023 1708 2050 et
1724 2020 1861 2051 vetandi
1879 2020 2006 2051 formu-

987 2067 1030 2098 lis
1047 2075 1112 2098 non
1130 2066 1246 2097 minus
1263 2069 1352 2098 recte
1370 2066 1480 2098 omitti
1499 2064 1560 2111 μή,
1580 2070 1619 2097 ut
1636 2065 1725 2099 ἔστιν
1741 2077 1804 2107 τις,
1821 2064 1859 2104 ὃς
1877 2076 1913 2099 σε
1931 2077 2006 2099 κω-

988 2111 1083 2146 λύσει
1104 2111 1144 2146 τὸ
1171 2111 1253 2158 δρᾶν
1278 2113 1341 2145 Ph.
1365 2110 1451 2145 1241
1478 2118 1615 2154 notum,
1641 2115 1685 2146 cf.
1706 2113 1821 2146 Monk.
1849 2115 1890 2146 ad
1918 2114 2000 2145 Eur.

989 2162 1061 2193 Alc.
1092 2157 1146 2192 11.
1183 2161 1304 2192 Blomf.
1331 2161 1373 2192 ad
1396 2161 1519 2192 Aesch.
1548 2161 1658 2193 Prom.
1685 2157 1766 2192 244.
1805 2178 1847 2186 -—
1890 2162 2006 2193 Altera

989 2209 1072 2240 ratio
1084 2233 1092 2248 ,
1113 2209 1149 2239 in
1167 2217 1234 2249 qua
1251 2209 1352 2239 etiam
1370 2218 1388 2239 a
1405 2208 1629 2240 Romanorum
1649 2218 1714 2240 usu
1732 2218 1840 2240 sermo
1857 2208 2006 2240 Graecus

989 2256 1151 2295 discedit,
1173 2256 1231 2286 illa
1255 2258 1327 2295 est,
1355 2265 1433 2287 cum
1451 2253 1500 2300 μή
1520 2256 1694 2297 infinitiviu
1711 2256 1845 2287 additur
1861 2267 1882 2287 a
1899 2255 2006 2287 verbis

988 2302 1134 2343 myandi
1157 2305 1188 2333 et
1213 2302 1383 2344 infitiandi
1406 2304 1582 2343 suspensis.
1619 2303 1657 2334 Id
1681 2304 1784 2334 affine
1809 2303 1944 2335 videtur
1972 2306 2007 2334 et

990 2351 1208 2382 coniunctum
1233 2359 1310 2381 cum
1327 2359 1366 2382 ea
1383 2350 1513 2381 ratione
1529 2351 1691 2382 dicendae
1708 2351 1912 2391 particulae,
1941 2360 2006 2391 qua

989 2397 1221 2437 interrogando
1247 2397 1410 2429 inservit:
1439 2401 1478 2428 ut
1503 2395 1569 2443 φ“ς
1591 2395 1614 2442 ἢ
1633 2400 1796 2443 καταρνεῖ
1814 2396 1863 2442 μὴ
1883 2395 2008 2443 δεδρα-

989 2443 1087 2478 κέναι
1110 2442 1209 2485 τάδε,
1238 2444 1320 2476 Ant.
1341 2441 1412 2475 442
1435 2445 1499 2476 sit:
1546 2446 1646 2476 uteris
1670 2455 1716 2477 an
1739 2445 1894 2486 infitiaris
1913 2446 2008 2486 quasi

989 2502 1058 2524 non
1074 2491 1199 2532 feceris.
1251 2489 1311 2524 καὶ
1342 2489 1381 2524 σὺ
1405 2489 1507 2524 τοῦδε
1531 2493 1592 2525 τοῦ
1615 2490 1725 2538 τάφου
1751 2491 1872 2538 φήσεις
1900 2502 2007 2537 μετα-

991 2541 1101 2586 σχεῖν,
1120 2535 1144 2582 ἢ
1158 2535 1274 2583 Ἐομεῖ
1287 2537 1327 2572 τὸ
1346 2537 1395 2584 μὴ
1414 2537 1538 2572 εἰδέναι
1554 2536 1623 2571 535
1641 2541 1735 2580 quasa·
1750 2541 1872 2571 nescia.
1915 2537 2007 2584 κόμ-

990 2597 1054 2623 πος
1078 2585 1220 2631 πάρεστι
1241 2583 1331 2619 κούκ
1347 2583 1566 2631 ἀπαρνοῦμαι
1580 2585 1619 2620 τὸ
1637 2584 1686 2631 μή
1705 2587 1760 2618 Aj.
1773 2583 1819 2618 96
1835 2596 1883 2618 sc.
1900 2585 2008 2631 βάψαι

991 2631 1104 2680 ἔγχος.
1135 2633 1188 2666 Of.
1210 2634 1325 2664 Herm.
1346 2634 1387 2665 ad
1404 2634 1481 2675 Vig.
1502 2643 1535 2674 p.
1556 2631 1637 2666 800.
1677 2634 1747 2665 Nec
1764 2635 1877 2665 minus
1895 2638 2007 2665 tamen

37 2679 70 2727 's'
106 2689 124 2716 ς
139 2675 238 2712 πόλιν
256 2675 376 2712 λακεῖν
395 2679 476 2710 Ant.
499 2676 601 2711 1094.
630 2680 746 2711 Herm.
766 2677 818 2724 [et
833 2677 956 2724 Dind.]
991 2686 1080 2712 recte
1107 2678 1156 2725 μή
1183 2677 1222 2714 οὐ
1248 2681 1427 2712 diceretur.
1463 2682 1527 2713 Vel
1554 2683 1602 2712 sic
1619 2685 1732 2712 tamen
1748 2682 1916 2713 omittitur
1933 2690 2008 2722 par-

27 2718 55 2730 ”
67 2735 187 2766 ποτε,
214 2726 251 2757 in
277 2735 343 2766 qua
359 2727 524 2767 scriptura
540 2726 620 2768 quid
637 2724 722 2760 ποτέ
738 2728 835 2759 iuxta
851 2728 954 2768 adpo-
990 2729 1112 2760 ticula:
1140 2728 1386 2759 DicuncAttici
1398 2752 1406 2768 ‚
1432 2728 1626 2759 Priscianus
1644 2729 1692 2760 ait
1707 2738 1742 2769 p.
1765 2724 1868 2769 1196,
1889 2738 2007 2760 emen-

38 2818 74 2865 [J'J
102 2816 132 2852 τ’
157 2817 326 2864 ἐκμάθοις
352 2817 530 2854 παθοῦσα·
556 2822 615 2854 νῦν
641 2818 668 2853 δ’
710 2831 824 2867 πειρος
848 2819 880 2854 εἷ
895 2822 952 2854 Tr.

38 2866 134 2914 ἦρι).
162 2866 255 2899 Harl.
283 2869 342 2900 νῦν
366 2861 396 2900 τ’
420 2864 560 2913 ἄπειρος
585 2866 637 2908 εἷ,
666 2869 754 2909 quod
770 2870 957 2901 coniecerat

4 2954 6 2956 Ι
45 2910 88 2950 1¹·
121 2913 180 2946 sed
205 2914 323 2946 vitiato
342 2923 457 2947 sensu.
494 2915 568 2947 Non
585 2916 667 2947 dicit
681 2925 723 2946 ne
737 2925 886 2956 unquam
902 2926 958 2948 ez·-

44 2959 73 3004 [4'1
90 2963 131 2995 ffet
145 2970 235 2993 nunc
252 2963 384 3001 iynoras
396 2985 404 3001 ‚
433 2962 491 2994 sed
513 2965 688 3004 postquam
704 2964 875 3004 proposuit
890 2965 958 2995 uti-

59 3096 63 3098 >
117 3054 305 3087 desciscens
331 3055 500 3088 fortiorem
524 3057 674 3098 opponit.
703 3057 768 3089 Sed
789 3061 871 3098 puto
889 3067 959 3089 cor-

100 3115 115 3129 ··
146 3112 172 3146 μ
243 3112 270 3135 ε.
294 3119 335 3126 -
354 3101 368 3144 ΙΙ
386 3098 455 3148 Μή
480 3114 549 3136 τοι
573 3113 614 3135 ne
637 3113 727 3136 sane.
763 3102 812 3149 μή
837 3102 891 3138 τοί
916 3115 958 3149 με

56 3152 135 3196 ,ἐζ
194 3158 361 3196 τιμασητε
386 3149 442 3182 OC
470 3147 570 3182 1407.
624 3148 674 3195 μή
698 3148 751 3184 τοί
775 3149 809 3195 μ’
835 3149 958 3198 ὀδύρου

52 3191 97 3237 ’,Ϊαζ
123 3193 149 3240 ή
172 3205 243 3237 τοι,
271 3195 459 3243 κασιγνήτη
474 3223 483 3238 ,
512 3194 545 3241 μ’
571 3193 740 3243 ἀτιμάσῃς
765 3200 846 3230 Ant.
875 3196 955 3230 544.

49 3235 96 3285 'jz
111 3246 147 3274 st
174 3242 296 3288 Dind.]
326 3243 446 3290 μήτοι;
479 3254 552 3276 eam
580 3246 779 3286 scripturam
805 3246 961 3277 vitiosam

55 3288 62 3331 ’ᾗ
88 3293 106 3327 ζ,
123 3305 127 3316 ι
151 3289 237 3322 nihil
253 3292 363 3323 obstat
374 3317 382 3332 ,
409 3292 491 3332 quin
510 3288 604 3324 οὗτοι
620 3292 764 3323 iunctim
781 3293 955 3324 scribatur.

107 3339 114 3377 j
145 3340 217 3377 est,
242 3338 331 3379 quod
351 3335 401 3383 μή
418 3342 454 3370 et
470 3349 523 3371 τοι
540 3348 713 3380 nunquam
729 3339 960 3371 adverbiorum

53 3380 69 3422 ᾗ
84 3389 108 3428 ,ᾖς’
128 3384 372 3426 niunguntur,
399 3385 457 3417 sed
481 3389 520 3417 ut
537 3384 586 3430 μή
605 3386 796 3418 coniunctio
811 3387 961 3427 prohibi-

56 3435 58 3467 ζ
96 3442 114 3470 ᾗ
125 3459 132 3462 .
166 3430 350 3463 Subiicitur
364 3443 421 3478 γε;
444 3430 494 3476 μή
511 3443 564 3466 τοι
581 3431 682 3478 φύσιν
694 3426 725 3478 γ’
741 3430 961 3480 ἄσπλαγχνος

50 2807 74 2816 μ
95 2772 282 2812 significare
299 2773 415 2813 possit,
437 2774 563 2813 ignoro.
582 2791 623 2797 —
643 2769 681 2807 M
729 2784 773 2806 τε
791 2778 955 2815 sequente
991 2776 1090 2807 datus
1113 2785 1132 2806 a
1155 2775 1348 2807 Marklando
1372 2776 1413 2807 ad
1434 2775 1518 2807 Eur.
1539 2775 1584 2807 ΙΤ
1603 2772 1712 2816 1380,
1739 2772 2007 2822 ἀπαγορεύω

1026 2821 1050 2867 ἡ
1076 2819 1226 2867 λέγειν
1252 2825 1287 2854 et
1312 2820 1575 2868 ἀπαγορεύω
1600 2819 1761 2868 λέγειν.
1802 2823 1917 2854 Priore
1938 2824 2008 2855 loco

992 2834 1084 2915 λέγω
1101 2871 1222 2901 vitiose
1240 2871 1403 2910 scriptum
1420 2879 1473 2911 ap.
1487 2870 1698 2902 Putschium.
1719 2870 1775 2903 Sic
1791 2871 2008 2911 probabiliter

993 2917 1209 2949 emendatum
1240 2917 1327 2949 illud
1354 2918 1437 2948 Ant.
1469 2913 1550 2948 263.
1585 2918 1732 2958 explicat
1761 2918 1865 2949 Dind.
1898 2918 2004 2959 praef.

994 2963 1077 2996 PSG
1095 2964 1147 2996 ed.
1170 2961 1202 3005 1,
1221 2973 1256 3005 p.
1279 2960 1322 2996 16
1345 2962 1480 3001 κούδεὶς
1504 2962 1668 3009 ἐναργής,
1696 2957 1773 2997 ἀλλ’
1798 2962 1921 3011 ἔφευγε
1943 2966 2009 3002 πᾶς

44 3027 50 3043 f
76 3015 144 3058 ⁴..rte
159 3009 334 3049 experiaris
349 3018 514 3050 unquam,
542 3007 791 3047 ἀνακολούθως
807 3021 826 3042 a
842 3015 959 3051 coepta
992 3010 1032 3044 τὸ
1051 3009 1113 3056 μή.
1158 3012 1246 3043 Illud
1272 3011 1445 3052 displicet,
1474 3013 1555 3048 πᾶς
1580 3012 1711 3043 inferri.
1740 3029 1784 3036 —
1817 3013 1887 3044 Nec
1903 3013 2008 3052 magis

994 3059 1237 3090 abundantiam
1261 3060 1418 3090 orationis
1442 3059 1654 3098 agnoscimus
1679 3059 1715 3090 in
1737 3059 1796 3091 illo
1817 3061 1900 3096 ναῦς
1925 3056 2011 3104 ἕρη-

995 3117 1061 3150 μος
1086 3102 1218 3151 ἀνδρῶν
1242 3117 1266 3150 μ
1309 3102 1553 3145 Ευνοικούντων
1572 3103 1640 3138 ἔσω
1656 3106 1715 3138 OR
1730 3103 1787 3138 57.
1823 3107 2009 3148 Speciosior

995 3154 1078 3184 ratio
1103 3156 1156 3184 est
1178 3151 1254 3184 *Tr
1298 3150 1362 3185 87:
1393 3163 1488 3197 μεμη
1516 3150 1637 3198 άνητοιι
1660 3149 1823 3199 τοῦργον,
1851 3151 1884 3186 εἴ
1907 3164 1939 3186 τι
1958 3151 2007 3198 μὴ

995 3197 1088 3233 δοκῶ
1114 3197 1274 3244 πράσσειν
1301 3197 1465 3245 μάταιον·
1488 3163 1519 3232 {l
1536 3197 1573 3232 δὲ
1592 3197 1654 3244 μή,
1675 3198 1891 3246 πεπαύσηται
1910 3198 2006 3244 [secl.

996 3244 1131 3291 Dind.].
1161 3246 1350 3288 Exspectes
1363 3244 1447 3279 εἰδὲ
1464 3244 1568 3287 δοκῶ,
1588 3247 1647 3278 sed
1659 3257 1737 3279 cum
1750 3249 2009 3279 usitatissimum

996 3302 1102 3333 genus
1127 3294 1315 3325 sententias
1332 3297 1445 3326 contra
1460 3294 1610 3335 ponendi
1627 3294 1661 3326 id
1678 3295 1742 3334 sit,
1770 3298 1808 3326 ut
1825 3292 1855 3327 εἰ
1872 3298 1907 3326 et
1924 3292 1954 3327 εἰ
1970 3291 2009 3327 δὲ

998 3339 1047 3385 μή
1073 3350 1147 3372 sese
1172 3341 1362 3383 excipiant,
1388 3341 1425 3372 id
1450 3342 1553 3373 etiam
1569 3341 1632 3373 hoc
1647 3342 1717 3373 loco
1734 3342 1859 3373 factum
1876 3346 1929 3373 est
1945 3342 2010 3372 ita-

996 3397 1063 3428 que
1089 3388 1316 3428 explendum:
1344 3385 1374 3421 εἰ
1403 3385 1441 3421 δὲ
1465 3386 1514 3433 μὴ
1543 3385 1633 3421 ἔστιν
1655 3385 1776 3426 οὕτως.
1813 3390 1864 3420 Ita
1880 3389 2011 3429 ellipsis

998 3435 1058 3466 hoc
1081 3444 1182 3475 quam
1205 3435 1390 3475 pleonasmi
1417 3436 1562 3467 similius
1587 3440 1651 3468 est.
1672 3454 1718 3459 -
1740 3435 1755 3477 ΙΙ
1778 3431 1849 3481 Μή
1875 3436 2012 3477 ponitur

1898 153 1998 202 447
2036 123 2065 179 ¹¹

2097 0 2181 115 “Lx

2238 133 2244 145 1
