2288 3600
934 0 983 44 <J
1024 1 1029 4 ·
1092 5 1129 52 „f
1184 0 1212 40 s
1262 0 1285 29 τ’

265 113 365 163 426

263 227 449 276 ἀλεξοίμην
469 227 608 274 μαθών;
630 226 711 262 539.
739 222 827 275 κᾷτα
840 223 929 274 κρῖν’
942 226 1043 265 αὐτὸς
1058 226 1180 274 μαθών
1194 226 1276 262 544.

263 275 787 358 704θάέειδῦὸ”τίδίὼκοθῖδὲςκιδζὶὶῦ
805 273 886 358 ὃοίιθξ.
901 274 1169 357 ουζεθιῲνέἕτὶίλου
1188 275 1281 356 ’700115α

264 337 448 418 μανθάνέίν
465 369 529 416 γὰρ
546 369 680 416 ἥκομεν
697 368 783 410 ξένοι
795 335 883 416 ι’Ῠτρὸς
902 368 1014 404 ἀστῶν
1032 371 1087 403 OC
1109 368 1161 403 12.
1222 368 1281 416 ρό-

262 430 321 453 νου
342 418 403 464 μὲν
423 412 534 452 οὕνεκ’
551 416 590 451 οὐ
611 416 737 463 μαθεῖν
756 429 798 463 με
817 415 869 451 δεῖ
884 416 962 450 τόδε
979 414 1036 450 22.
1076 416 1168 455 ὅστις
1221 416 1281 451 τό-

264 478 328 503 πος
345 465 368 511 ἠ
388 463 492 511 μάθω
510 463 666 510 μολοῦσά
683 476 758 507 ποις
780 462 837 498 26.
866 477 876 484 “
894 463 982 511 ρόνω
1001 462 1127 510 μάθοις
1141 463 1182 499 ἄν
1197 461 1276 497 580.

264 512 344 547 ὅταν
371 511 488 592 μάθης
512 524 598 558 μου,
627 511 782 546 νουθέτει
807 476 891 545 593(
902 497 1039 556 LB'poe.
1086 511 1187 549 αὐτὸς
1213 523 1282 557 μα-

263 558 364 606 θήσει
386 557 451 592 152
479 586 485 592 .
530 557 662 605 Θησεὺς
684 558 841 606 παρέστω
860 556 1046 605 μανθάνων
1063 557 1106 592 τὰ
1124 558 1281 605 δρώμενα

266 605 357 640 1644
374 609 428 649 qui
448 607 602 639 doceatur
613 618 623 637 .·
643 617 719 639 cum
734 608 825 639 enim
840 608 945 647 magis
960 608 1035 638 visu
1049 617 1149 648 quam
1162 608 1281 639 auditu

265 656 475 696 significetur
491 655 682 695 doeendus,
711 663 778 686 non
800 658 912 695 potest
929 654 968 685 ad
988 655 1170 686 secundam
1187 654 1280 685 verbi

264 704 332 734 vim
366 703 463 734 trahi.
508 700 565 735 ἵνα
597 696 731 747 μάθηθ’
757 699 808 734 ὅτι
841 699 904 734 οὐκ
929 699 964 741 ἐξ
990 698 1140 738 ἅπαντος
1167 699 1219 734 δεῖ
1243 700 1281 734 τὸ

263 747 450 795 κερδαίνειν
485 747 597 796 φιλεῖν
630 750 712 782 Ant.
750 745 829 781 311.
889 747 928 782 τὸ
966 745 1150 793 μανθάνειν
1184 742 1282 781 πόλλ’

265 796 406 845 αἰσχρὸν
433 794 531 831 οὐδέν
557 793 637 828 710.
681 801 750 830 τῶν
768 793 938 842 λεγόντων
957 793 994 828 εὖ
1011 793 1118 828 καλὸν
1136 794 1174 828 τὸ
1194 807 1282 840 μαν-

263 842 379 879 θάνειν
399 841 478 876 723.
523 843 561 878 σέ
577 838 605 876 τ’
628 842 719 881 εἰκὸς
738 841 862 888 μαθεῖν
881 840 960 874 724.
1003 844 1145 876 τοιαῦτα
1162 840 1283 879 παιδὸς

263 886 356 926 τοῦδ’
373 889 568 936 ἐμάνθανον
586 889 680 936 πάρα
700 887 800 922 1012.
836 889 874 924 τὸ
894 887 1077 934 μανθάνειν
1097 884 1125 922 δ’
1142 887 1281 935 ἥδιστον

265 937 301 973 εὖ
332 937 492 985 λέγοντος
527 935 628 971 1031.
680 935 752 984 ἔχω
787 935 910 982 μαθὼν
944 935 1090 974 δείλαιος
1119 934 1209 969 1272
1235 947 1279 968 m.

265 985 295 1019 εἰ
324 985 386 1031 μὲν
411 984 451 1019 ἐκ
476 984 589 1019 κείνου
615 978 736 1030 μαθων
762 983 899 1031 ψεύδει,
928 982 1079 1030 μάθησιν
1105 982 1144 1018 οὐ
1169 981 1282 1029 καλὴν

266 1031 494 1078 ἐκμανθάνεις
511 1033 566 1065 Τι’.
587 1029 667 1065 449.
713 1030 742 1065 εἰ
767 1030 837 1079 χρὴ
865 1029 990 1076 μαθεῖν
1017 1042 1072 1072 σε,
1102 1029 1213 1064 πάντα
1239 1030 1281 1075 δὴ

266 1083 393 1127 φωνεῖν
419 1081 533 1128 χρεών
561 1077 640 1113 749.
686 1078 770 1113 εἰτὸ
795 1081 862 1112 πᾶν
890 1076 1014 1123 μάθοις
1045 1076 1146 1111 1134.
1192 1076 1282 1111 ἅπαν

266 1125 418 1174 μαθήσει
435 1123 582 1174 τοῦργον
600 1129 655 1159 Ai.
676 1124 756 1159 284.
800 1124 898 1170 κάγὼ
929 1123 1074 1170 μαθοῦσ’
1093 1123 1198 1171 ἕληξα
1215 1122 1284 1157 294

265 1175 519 1216 condocefacta,
539 1176 563 1207 i.
585 1185 615 1207 e.
637 1176 809 1214 castiyata.
856 1171 921 1210 ἕως
945 1173 984 1207 τὸ
1009 1171 1141 1220 χαίρειν
1167 1171 1227 1206 καὶ
1244 1171 1284 1205 τὸ

265 1220 451 1257 λυπεῖσθαι
468 1220 585 1268 μάθῃς
602 1220 682 1255 555.
717 1218 971 1267 μαθησόμεσθα
990 1215 1209 1266 δ”Ἀτρείδας
1228 1218 1286 1253 σέ-

268 1268 336 1315 βειν
354 1267 433 1303 667.
480 1268 555 1304 ἐπεὶ
582 1267 715 1308 δίδαξον
737 1266 762 1314 ἢ·
780 1265 863 1313 μάθ’
881 1265 916 1306 ἐξ
935 1266 1020 1313 ἐμοῦ
1037 1266 1069 1301 τί
1088 1279 1146 1313 μοι
1163 1265 1286 1313 κέρδος

266 1315 398 1364 γένοιτο
486 1318 540 1351 El.
568 1314 648 1349 352.
711 1314 740 1349 εἰ
774 1314 812 1349 σὺ
839 1314 902 1360 μὲν
930 1313 1056 1357 μάθοις
1081 1317 1154 1352 τοῖς
1182 1312 1287 1359 τῆσδε

266 1363 421 1413 χρῆσθαι
438 1362 518 1397 370.
560 1364 607 1401 ὡς
626 1361 787 1408 μαθοῦσά
805 1374 870 1408 μου
889 1360 993 1409 λέγης
1011 1359 1091 1395 889.
1137 1360 1231 1399 ὅπως
1248 1360 1286 1394 τὸ

268 1414 335 1446 πᾶν
354 1410 470 1460 μάθῃς
489 1409 590 1444 1205.
620 1408 888 1490 ὥστεκάμφανξ
900 1395 1025 1454 μαθεῖν
1042 1406 1142 1441 1454.
1172 1406 1287 1442 πολλὰ

267 1459 327 1493 καὶ
353 1457 480 1505 μαθεῖν
505 1470 541 1492 σε
565 1457 617 1492 δεῖ
633 1459 674 1490 fr.
696 1458 844 1492 Phthiot.
890 1453 946 1498 22⁷
972 1454 1001 1489 1.
1048 1454 1088 1490 οὐ
1127 1454 1171 1501 ἀρ
1187 1454 1227 1489 ἂν
1245 1454 1288 1489 τὰ

267 1504 348 1542 θεῖα
363 1506 584 1552 κρυπτόντων
603 1503 693 1540 θεῶν
711 1502 838 1551 μάθοις
855 1502 896 1538 ἄν
914 1505 981 1537 inc.
1001 1501 1081 1544 659,
1121 1526 1135 1535 -.
1163 1501 1206 1536 τὰ
1225 1502 1287 1548 μὲν

269 1552 413 1588 διδακτὰ
458 1551 596 1588 ανθάνω
613 1550 693 1594 723,
715 1550 745 1584 1.
783 1549 848 1590 ἕως
865 1549 905 1585 ἂν
924 1549 984 1599 ἐξῇ
1002 1548 1187 1597 μανθάνειν
1207 1548 1287 1595 βελ-

267 1599 363 1636 τίονα
380 1599 424 1634 77
452 1627 459 1642 ,
482 1600 514 1634 5.
561 1598 662 1638 αὐτὸς
686 1594 764 1646 παρ’
790 1597 894 1633 αὑτοῦ
918 1596 1102 1644 μανθάνων
1121 1599 1165 1630 ib.
1188 1595 1220 1629 7.
1245 1616 1286 1621 —

286 1649 301 1692 ΙΙ
324 1650 387 1681 Est
410 1650 470 1681 ubi
495 1651 642 1689 accipere
654 1672 662 1688 ,
691 1649 859 1679 certiorem
875 1647 946 1688 fieri
962 1647 1016 1678 vel
1034 1645 1149 1678 audire
1167 1646 1288 1677 melius

270 1697 311 1729 ad
328 1706 466 1729 sensum
485 1696 673 1728 conveniat.
705 1694 754 1741 μὴ
772 1693 831 1727 καὶ
850 1691 947 1741 μάθῃ
967 1687 1001 1739 μ’
1011 1691 1142 1727 ’ἵκοντα
1153 1693 1214 1724 Ph.
1231 1689 1284 1724 13.

272 1742 395 1789 μαθὼν
412 1741 476 1791 γὰρ
495 1741 559 1777 οὐκ
576 1740 616 1776 ἂν
634 1740 757 1789 ἀρνοίμ
784 1752 801 1774 ν
818 1740 856 1774 τὸ
877 1739 958 1787 δρᾶν
979 1713 1058 1772 118.
1091 1738 1130 1773 τὸ
1147 1738 1211 1786 γάρ
1231 1750 1290 1783 μοι

274 1789 398 1834 μαθεῖν
417 1789 481 1825 οὐκ
498 1788 700 1836 ἀπο-καίριον
720 1786 762 1821 15
793 1814 799 1821 .
827 1791 928 1822 τοῦτο
967 1785 1010 1833 ἀρ
1029 1785 1146 1832 βούλει
1164 1785 1289 1831 μαθεῖν

272 1836 354 1871 233.
400 1836 503 1885 φέρε,
532 1840 591 1871 νῦν
617 1837 655 1871 τὸ
679 1839 743 1874 τ”ς
767 1834 868 1869 νόσου
895 1834 943 1880 μά
970 1846 1011 1880 ῃς
1029 1832 1109 1867 300.
1153 1833 1231 1880 πρὶν
1249 1831 1289 1866 ἂν

274 1883 377 1931 μάθω
395 1889 531 1931 πρῶτον
547 1879 626 1924 τόδ’,
647 1883 670 1930 ἡ
689 1895 707 1917 τ
729 1881 837 1929 θνηκε
855 1880 935 1916 332.
965 1880 1042 1928 πρὶν
1061 1880 1186 1927 μαθεῖν
1204 1879 1289 1926 ἐμοῦ

274 1931 343 1966 370
369 1933 469 1965 schol.
492 1930 567 1966 ἀντὶ
589 1934 649 1966 τοῦ
676 1930 753 1978 πρὶν
772 1929 858 1975 ἐμοῦ
876 1927 1059 1970 πυθέσθαι,
1082 1931 1105 1961 i.
1127 1939 1156 1961 e.
1177 1930 1290 1970 prius-

275 1991 374 2021 quam
393 1981 434 2012 de
451 1990 504 2012 me
522 1981 680 2012 certiores
698 1979 818 2011 essetis
835 1978 928 2011 sacti.
973 1977 1020 2015 ὥς
1039 1987 1082 2021 με
1099 1974 1158 2010 καὶ
1201 1973 1291 2020 άθῃς

273 2021 331 2073 ἀφ’
357 2027 404 2061 ὧν
431 2024 550 2066 διέζων
576 2024 657 2059 534.
703 2024 759 2059 ἐπί
807 2036 893 2065 ετον,
925 2021 1094 2070 μάθωμεν
1118 2020 1162 2055 53
1191 2048 1198 2055 .
1245 2023 1290 2056 ὧν

275 2072 443 2120 μαθόντες
467 2072 566 2112 αὖθις
584 2071 709 2107 ε’ίσιτον
727 2035 807 2105 54³1(ss
852 2071 899 2109 ὡς
918 2069 1023 2117 μάθω
1039 2069 1072 2105 τί
1090 2082 1149 2116 μοι
1167 2070 1292 2103 νεώτε-

276 2133 334 2168 ρον
362 2115 523 2167 βούλευμ’
550 2118 606 2154 ἀπ’
631 2115 794 2167 Ἀργείων
820 2117 911 2165 ἔχεις
937 2116 1016 2152 559.
1063 2117 1112 2163 μὴ
1140 2116 1287 2158 στέναζε,

275 2167 352 2215 πρὶν
377 2167 494 2248 μάθᾎς
521 2165 600 2201 917.
646 2166 741 2225 ὄλοιρ
800 2212 807 2224 v
837 2177 911 2207 πω,
941 2164 1018 2224 πρὶν
1037 2161 1177 2244 μάθοιγὸἶ
1199 2163 1234 2222 εἰ,
1250 2189 1288 2222 .Ι..

276 2213 554 2308 ἕὲτὲἷσξῑῇαὲἓίν
572 2212 797 2309 ’ζ’ἑῖῗὲσῗάγφ
819 2224 870 2293 ’ἕν’
886 2210 1151 2306 ἒοῗυὲῡῖἐῷῗεῗαῗῗ
1169 2209 1293 2305 ὲχὲζῗῖ

276 2306 356 2343 769.
402 2307 455 2356 ἆρ’
479 2306 520 2343 ἂν
545 2304 624 2356 παρ’
648 2307 746 2355 ὑμῶν
768 2302 914 2355 μάθοιμ’
932 2306 1019 2342 ὅπου
1102 2304 1190 2340 ἐστίν
1209 2302 1288 2338 924.

275 2356 333 2392 τὸν
357 2354 466 2403 ἄνδρα
487 2354 578 2390 τόνδ’
604 2354 663 2390 οὖν
690 2353 794 2390 οἶσθα
816 2353 903 2401 τῇδέ
925 2365 991 2388 που
1018 2352 1158 2399 μαθών;
1188 2349 1289 2385 1128.

274 2403 306 2439 τί
329 2398 560 2451 προσχρῄζων
587 2401 731 2450 μαθεῖν;
763 2401 865 2437 1155.
912 2399 1019 2447 ὁμὲν
1044 2400 1204 2448 τάχιστος
1224 2404 1293 2433 τῶν

274 2450 388 2498 λόγων
412 2451 522 2486 εἰπεῖν
542 2462 580 2485 τε
597 2449 657 2485 καὶ
673 2447 797 2496 μαθεῖν
818 2446 918 2482 1235.
964 2448 999 2483 ἐν
1016 2447 1080 2495 γὰρ
1096 2448 1149 2493 τῷ
1169 2444 1293 2492 μαθεῖν

277 2497 405 2533 ἔνεστιν
429 2496 601 2544 ηὑλάβεια
623 2502 692 2532 τῶν
719 2495 935 2542 ποιουμένων
962 2496 1018 2528 OG
1038 2494 1115 2528 115.
1161 2492 1251 2540 αὐδῇ
1268 2490 1295 2526 δ’

277 2544 387 2580 αὐτίκ’
417 2544 542 2586 ἔξεστιν
569 2543 692 2591 μαθεῖν
717 2541 798 2578 323.
847 2545 948 2577 τοῦτο
975 2541 1144 2588 βούλομαι
1171 2539 1294 2586 μαθεῖν

277 2590 357 2627 504.
386 2590 419 2626 τί
435 2587 464 2627 δ’
484 2589 614 2630 ἐθέλεις
633 2589 777 2637 μαθεῖν;
799 2589 868 2625 543
882 2600 927 2623 m.
963 2592 1024 2624 τοῦ
1105 2587 1209 2628 ξένων
1227 2600 1297 2634 μα·-

278 2639 350 2678 θὼν
368 2637 408 2675 λέ
450 2651 498 2682 ις;
520 2641 575 2674 Tr.
599 2636 677 2673 186.
721 2637 816 2676 ὅπως
835 2635 965 2684 μάθῃς,
985 2634 1142 2674 οὕστινάς
1155 2630 1187 2670 ,τ’
1204 2634 1296 2682 ἄγεις

279 2685 348 2721 ἔσω
365 2652 447 2722 335.
491 2686 510 2722 ὃ
534 2685 635 2720 τοῦδε
655 2684 816 2733 τυγχάνω
834 2683 956 2730 μαθὼν
974 2682 1067 2730 πάρα
1083 2680 1163 2716 370.
1207 2679 1297 2716 τοῦτ’

279 2730 350 2769 αὔτ’
386 2733 555 2782 ἔχρῃζον,
590 2732 695 2768 τοῦτό
717 2743 777 2766 σου
804 2730 930 2778 μαθεῖν
953 2728 1034 2764 408.
1086 2728 1168 2776 ὑμῖν
1193 2727 1289 2774 θαῦμ

279 2779 478 2816 ἀνελπιστὸν
496 2777 621 2827 μαθεῖν
640 2777 720 2814 673.
766 2778 866 2826 φάτιν
884 2775 1104 2825 ἀξύμβλητον
1121 2774 1296 2822 ἀνθρώπῳ

308 2826 404 2863 αθεῖν
430 2826 499 2862 694
521 2828 642 2861 auditu
664 2828 850 2859 mirabilem
863 2828 1015 2858 maxime.
1059 2827 1121 2859 τοῦ
1139 2835 1187 2858 πα
1209 2824 1215 2837 '
1235 2822 1298 2857 ἀν-

305 2876 430 2922 ρώπων
457 2873 579 2922 μαθὼν
661 2873 750 2921 φής;
771 2870 859 2906 744.4
895 2871 976 2910 τοὺς
1003 2866 1026 2904 δ’
1054 2869 1094 2905 ἂν
1119 2870 1158 2905 τὸ
1253 2882 1296 2917 ης

279 2921 363 2958 α”στυ
386 2922 542 2960 ναίοντας
568 2918 693 2968 μάθοις
720 2917 822 2954 1154.
867 2919 914 2958 ὡς
939 2912 1018 2966 παρ’
1034 2917 1162 2956 εἰδυίας
1181 2930 1229 2964 μα
1256 2929 1297 2963 ης

279 2972 335 3003 Ai.
365 2967 420 3004 13.
463 2967 552 3004 κούκ
575 2967 648 3016 ἔχω
674 2966 800 3014 μαθεῖν
824 2965 904 3000 ὅτου
930 2963 996 3022 33.,
1033 2964 1210 3012 στείχοντα
1233 2950 1298 3011 γάρ

281 3010 1299 3109 θὲῗῗᾜοῖὶμῖἰῗεᾝῖῗὸἰῗῗόικέῗυμῖῧῖεῑῗὲΫθάὲπῖἔθΐιῗ

281 3110 350 3158 ὅτῳ
367 3109 482 3157 τρόπῳ
500 3110 628 3155 πατρὸς
645 3107 741 3147 δίκας
758 3106 907 3155 ἀροίμην
924 3109 979 3141 El.
1000 3105 1058 3140 33.
1084 3103 1109 3151 ἢ
1130 3106 1189 3153 ’γὼ
1209 3104 1298 3152 φρά-

283 3167 350 3192 σω·
373 3156 490 3204 κείνης
507 3155 572 3204 γὰρ
589 3155 629 3190 οὐ
647 3154 747 3202 θέμις
767 3153 891 3200 μαθεῖν
910 3152 989 3188 565.
1027 3155 1227 3196 Quanquam
1244 3153 1298 3184 di-

282 3205 392 3237 scendi
416 3209 450 3238 et
470 3204 657 3246 >aecipiendi
677 3204 773 3236 dictis
790 3203 829 3235 ab
847 3203 913 3234 alio
930 3202 1194 3242 significationes
1211 3210 1297 3233 non-

283 3253 386 3283 nullis
409 3253 491 3284 locis
516 3252 596 3283 satis
621 3250 786 3291 distingui
812 3253 1000 3290 nequeunt.
1025 3266 1070 3272 —-
1094 3248 1110 3291 11
1135 3248 1201 3281 Sed
1225 3249 1300 3279 visu

283 3300 450 3330 certiorem
475 3299 545 3340 fieri
571 3299 759 3338 signifieat:
789 3295 859 3342 ὁρῶ
873 3305 880 3312 ·
909 3293 1035 3341 μαθεῖν
1051 3292 1119 3341 γὰρ
1135 3292 1234 3340 ἐγγὺς
1251 3293 1299 3328 ὢν

285 3342 324 3378 οὐ
357 3342 526 3390 δυσπετής
558 3345 613 3377 Ai.
646 3341 746 3377 1046.
775 3362 821 3367 -
851 3342 866 3385 ΙΙ
899 3341 1196 3375 Animadvertendz'
1230 3342 1301 3374 vim

284 3391 402 3425 habet:
423 3389 521 3426 καλῶ
599 3385 732 3438 Ἐρινῦς
747 3387 960 3431 τανύποδας,
990 3386 1115 3434 μαθεῖν
1133 3386 1199 3434 ἐμὲ
1214 3386 1299 3434 πρὸς
1336 3390 1472 3435 φρονῶν
1500 3384 1700 3432 μαντεύεται
1723 3387 1778 3418 Ai.
1809 3383 1889 3418 746.
1934 3386 2004 3417 Hoc
2029 3393 2094 3417 non
2119 3381 2224 3426 eder(
2250 3409 2260 3427 s

1007 110 1166 161 Μανία
1191 141 1261 149 -
1284 111 1587 178 Μαντεύομαι

1290 2727 1298 2740 ‚
1332 2711 1405 2741 Ion.
1428 2705 1494 2740 130
1512 2708 1673 2751 μαντεῖον
1692 2703 1813 2751 ἕδραν,
1840 2706 1928 2747 quod
1944 2706 2072 2744 Musgr.
2093 2700 2218 2736 contuli

2094 0 2099 5 .
2115 0 2169 18 '³7⁴2
2205 0 2288 92 ἓἍὲ

2199 31 2201 34 .
2254 26 2258 34 1

2049 121 2099 171 [Π
2114 133 2150 168 p.
2166 97 2288 184 fui-fl}

1316 234 1384 264 τῶν
1409 224 1594 277 Ἀτρειδῶν
1619 231 1666 269 ὡς
1692 229 1876 277 διόλλυμαι
1899 229 2007 269 τάλας
2030 231 2086 264 Ai.
2114 227 2184 263 837
2211 224 2288 275 ἰηιᾷ

1317 278 1416 318 ρωάί
1442 289 1468 311 s.
1494 279 1672 310 nou-endi:
1700 277 1739 312 οὐ
1794 276 1888 312 αθὼν
1915 276 1951 316 ὃς
1977 276 2008 312 εί
2033 275 2132 323 φύσιν
2149 274 2255 311 ἄλλον

1317 323 1408 365 ἄξεις
1433 323 1540 372 ἄνδρα
1564 319 1653 371 δεῦρ’
1679 290 1860 371 ἐλεύθερον
1889 322 1991 358 1259.
2035 325 2083 363 ὡς
2109 322 2148 359 οὐ
2167 321 2261 370 μανθ

1318 373 1378 403 Ph.
1401 369 1482 404 914.
1528 371 1619 418 φημὶ
1644 370 1671 405 δ’
1696 370 1735 406 οὔ
1763 383 1799 406 σε
1822 371 2008 418 μανθάνειν
2035 367 2135 405 1389.
2180 369 2244 406 οὒκ

1320 417 1444 460 μαθεῖν
1471 419 1526 452 OC
1545 417 1625 453 384.
1669 418 1772 454 κᾶνευ
1796 418 1878 454 θεοῦ
1904 431 1954 457 τις
1970 417 2072 453 τοῦτό
2094 416 2124 465 γ’
2148 413 2188 452 ἂν
2211 429 2251 465 γν

1319 464 1426 512 μάθοι
1443 464 1524 499 403.
1554 465 1609 500 ὅτε
1686 464 1909 513 κάμάνθανον
1925 466 1982 500 τὸν
1996 464 2108 510 θυμὸν
2121 464 2254 512 ἐκδραμ

1319 525 1390 568 μοι,
1412 512 1518 558 μείζω
1551 512 1724 560 κολαστὴν
1758 518 1827 548 τῶν
1861 514 1939 573 πρὶν
1969 511 2225 594 ὴμαρττὲμένων
2250 505 2288 564 44

1319 559 1379 594 οὐδ
1415 560 1610 606 ἐμάνθανον
1638 560 1772 607 τρέφων
1800 555 1850 595 δύ’
1873 572 1938 595 ατα
1962 562 2046 593 Ant.
2074 559 2095 593 5
2121 557 2155 592 2.
2200 557 2288 595 ἐπεῦ

1320 606 1485 653 μανθάνω
1503 605 1635 655 θνητὴν
1653 611 1844 654 φρονοῦσαν
1863 606 1974 654 θνητά
1991 610 2045 641 Tr.
2059 605 2140 641 472.
2170 593 2288 654 μανθᾷ

1320 650 1347 687 δ’
1373 653 1543 690 ὁθούνεκα
1569 654 1679 702 ἔξωρα
1704 655 1846 702 πράσσω
1871 657 1923 688 El.
1945 653 2025 688 617.
2047 673 2089 679 —
2117 655 2288 695 cognata-i

1318 703 1442 734 scienda·
1460 704 1521 734 vis.
1552 701 1601 741 εἷς
1618 708 1684 736 τῶν
1705 701 1739 736 ἐν
1750 697 1873 737 (Ἀιδου
1893 697 2038 747 μάνθαν’
2057 696 2172 736 ἐνθάδ’
2187 700 2234 735 ὢν

1319 751 1372 782 El.
1396 747 1499 782 1342.
1521 767 1562 773 —
1590 752 1642 782 De
1660 752 1822 791 oppositis
1840 747 1942 788 αὐτὸς
1967 747 2180 790 ξυνειδὼς
2205 746 2222 758 '⁴

1318 794 1406 831 θὼν
1423 795 1532 831 ἄλλου
1551 796 1643 844 πάρα
1657 811 1664 839 ;
1678 795 1831 830 011704
1842 809 1873 829 v.
1887 798 2003 830 Valck.
2021 798 2062 829 ad
2074 759 2245 837 flamm—¹3²,

1389 863 1539 902 Μᾶνία
1564 868 1669 908 furor.
1711 868 1866 910 Proprie:
1897 865 2002 914 μανίᾳ
2025 865 2089 913 γὰρ
2115 864 2221 904 ἁλοὺς
2271 856 2276 870 ²

1318 912 1535 961 ἀπελωβήθη
1554 917 1608 947 Ai.
1626 912 1695 946 216
1713 925 1767 947 an.
1797 913 1876 960 θείᾳ
1895 913 2000 960 μανίᾳ
2018 911 2182 954 ξύναυλος
2200 910 2270 946 611

1320 981 1361 987 —
1391 963 1522 994 Tralate
1548 963 1588 994 de
1615 965 1746 994 insania
1770 963 1984 995 consiliorum
2009 966 2044 994 et
2061 962 2204 994 mentis:
2232 957 2288 1002 114

1319 1007 1472 1056 προσέβη
1527 1008 1603 1043 ανία
1620 1010 1677 1041 OR
1697 1007 1787 1042 1300
1805 1019 1858 1042 an.
1902 1011 1963 1046 τᾶς
1982 1006 2103 1053 μανίας
2122 1006 2230 1042 δεινὸν
2251 1024 2271 1035 ι’Ἰ

1321 1056 1433 1096 στάζει
1451 1055 1490 1090 ἀν
1517 1055 1601 1103 ηρόν
1619 1068 1651 1089 τι
1669 1054 1771 1102 μένος
1788 1058 1870 1089 Ant.
1892 1053 1960 1088 959
1979 1057 2031 1088 ch.
2071 1057 2186 1093 κεῖνος
2204 1052 2258 1089 ἐπ
2273 1050 2282 1064 ³

1323 1102 1457 1149 μανίαις
1483 1103 1604 1138 ὼαύων
1628 1103 1686 1138 τὸν
1705 1100 1784 1137 θεόν
1803 1100 1871 1136 960
1889 1104 1940 1135 ch.
1978 1103 2060 1136 Prae
2078 1103 2228 1134 dolorum
2252 1105 2276 1140 ’,ζ

1320 1153 1445 1183 mentia
1472 1140 1640 1183 ihsaniens
1658 1152 1820 1183 Hercules
1845 1152 2062 1190 significatur·
2075 1143 2144 1184 τόδ’
2161 1141 2285 1194 ἀκήλίῗῗ

1323 1197 1444 1243 μανίας
1470 1196 1575 1236 ἄνθος
1593 1196 1841 1245 καταδερχθείς
1860 1198 1915 1230 Τί·.
1939 1195 2029 1230 1000
2047 1208 2100 1230 an.
2138 1197 2264 1229 Valck·

1321 1248 1419 1278 diatr.
1447 1256 1481 1287 p.
1514 1243 1579 1278 179
1608 1243 1704 1283 ἀνίας
1731 1246 1948 1286 conficiebat,
1990 1248 2095 1277 metro
2122 1245 2193 1285 ipso
2218 1253 2237 1276 e
2267 1266 2269 1269 .

1322 1299 1511 1334 coargutus.
2063 1291 2111 1336 (ΙΙ
2128 1301 2162 1333 p.
2184 1287 2266 1333 56,«,.

1393 1348 1566 1389 Μᾶνιάς
1600 1351 1727 1392 furens.
1773 1348 1929 1397 μανιάσιν
1956 1349 2068 1388 νόσοις
2093 1351 2149 1383 Ai.
2177 1346 2223 1382 59
2248 1348 2262 1363 ’·

1325 1398 1486 1445 μανιώδει
1502 1397 1611 1444 νόσῳς
1644 1397 1766 1442 μαινάς
1784 1400 1831 1431 sic
1848 1408 1919 1430 non
1932 1399 2067 1430 dicitur.
2262 1398 2266 1406 '

1394 1454 1606 1492 Μαντεία.
1634 1457 1648 1499 ΙΙ
1673 1457 1847 1491 divinatio.
1892 1455 1916 1502 ἦ
1943 1467 2007 1490 τοι
2026 1457 2182 1501 μαντεῖαι
2210 1453 2244 1500 β
2275 1451 2279 1454 ⁴

1325 1503 1389 1539 οὐκ
1405 1504 1487 1539 εἰσὶν
1507 1504 1541 1538 ἐν
1560 1503 1685 1542 δεινοῖς
1705 1503 1846 1550 ὀνείροις
1863 1505 1917 1536 El.
1931 1500 1999 1536 499
2018 1505 2070 1536 ch.
2099 1501 2242 1549 α’ίνιγμα

1323 1551 1413 1590 τείας
1432 1550 1500 1586 ἔδει
1517 1553 1575 1585 OR
1593 1549 1671 1584 394.
1708 1550 1787 1599 οὐχὶ
1804 1549 1964 1597 μαντείας
1983 1545 2012 1597 γ’·
2028 1548 2068 1584 ἂν
2087 1547 2165 1584 οὔτε
2180 1547 2269 1596 τῇδ,

1326 1594 1486 1645 βλέψαιμ’
1510 1596 1550 1632 ἂν
1576 1596 1686 1632 οὕνεκ’
1711 1596 1789 1632 οὔτε
1813 1597 1896 1647 τῇδε
1921 1596 2002 1631 857,
2024 1616 2065 1622 --
2091 1598 2105 1640 11
2129 1598 2201 1629 vati
2230 1609 2232 1615 ’
2260 1602 2272 1642 J

1325 1645 1468 1681 εὐκταῖα
1486 1644 1614 1692 φαίνων
1626 1672 1633 1686 ,
1658 1644 1682 1691 ἢ
1701 1644 1768 1680 ἀπὸ
1788 1644 1948 1691 μαντείας
1963 1643 2073 1687 τινός;
2097 1646 2152 1677 Tr.
2173 1640 2245 1676 239-
2268 1683 2270 1685 ‚

1325 1695 1454 1735 faciens
1487 1698 1545 1726 aut
1577 1696 1646 1725 voti
1672 1697 1730 1725 aut
1754 1695 1880 1725 oraculi
1905 1703 2016 1725 causa.
2069 1690 2209 1738 πέμψας
2250 1709 2255 1717 -

1327 1740 1487 1787 μαντείας
1504 1742 1562 1774 OR
1582 1738 1659 1773 149.

1397 1797 1632 1834 Μαντεῖον.
1660 1799 1674 1841 ΙΙ
1704 1801 1726 1831 i.
1749 1808 1781 1840 q.
1801 1796 2090 1845 χρηστήριον.
2127 1796 2165 1831 τὸ
2190 1793 2242 1831 Πυ

1328 1850 1486 1893 μαντεῖον
1504 1848 1559 1880 El.
1580 1844 1637 1879 33.
1675 1845 1713 1880 τὸ
1732 1843 1884 1880 Πυθικὸν
1902 1842 1984 1879 θεοῦ
2003 1846 2164 1891 μαντεῖον

1327 1896 1385 1928 OR
1401 1892 1482 1927 243.
1506 1912 1546 1918 —
1573 1894 1587 1936 ΙΙ
1612 1895 1634 1925 i.
1656 1904 1688 1935 q.
1769 1892 1926 1939 ησμός.
1962 1891 2004 1926 τὰ
2019 1894 2081 1926 τοῦ
2099 1889 2266 1936 θεοῦμ

1327 1940 1448 2000 ἄρξστα
1472 1939 1619 1996 λύσομεν
1637 1904 1792 2003 (111487.
1837 1938 1879 1974 τὰ
1904 1937 2112 1996 μεσόμφαλα
2134 1940 2197 1985 γᾶς
2213 1936 2236 1972 ά

1327 1984 2178 2080 {fffiffioessfi‘ssssffssssssssffssfffiko531‘2333322?
2179 1984 2222 2079 {10
2242 2007 2257 2082 f·

1326 2086 1403 2117 τεῖα
1427 2081 1528 2116 πιστὰ
1551 2081 1656 2128 τῆσδε
1680 2086 1743 2129 τῆς
1760 2082 1878 2139 χώρας
1897 2080 1992 2128 πέρι;
2017 2082 2074 2114 Tr.
2094 2077 2152 2112 77.
2196 2074 2227 2112 σ’

1327 2125 1411 2164 νοντ’
1439 2128 1499 2163 ’ίσα
1522 2128 1770 2174 [συμβαίνοντα
1794 2139 1846 2163 σοι
1869 2130 1972 2162 Dind.
1995 2138 2023 2160 c.
2037 2125 2201 2172 Wund.]·

1328 2176 1429 2212 καινὰ
1444 2180 1519 2214 τοῖς
1536 2175 1644 2210 πάλαι
1661 2174 1742 2222 ξυνή
1768 2187 1830 2223 ορα
1849 2173 1950 2208 1165.
1981 2193 2023 2200 -
2059 2176 2111 2207 De
2128 2184 2219 2207 acc
2236 2178 2248 2194 f

1329 2227 1420 2257 neris
1438 2236 1471 2256 v.
1491 2226 1566 2256 Arc.
1588 2235 1622 2266 p.
1647 2221 1724 2265 121,
1745 2188 1779 2257 8.
2236 2226 2243 2233 ”

1332 2427 1520 2466 gnificatur.
1560 2424 1690 2456 Schol.:
1727 2422 1787 2457 καὶ
1813 2421 1878 2469 γάρ
1905 2422 1975 2456 ἐστι
2000 2419 2094 2468 παρὰ
2118 2420 2171 2466 τῷ
2195 2414 2243 2454 Ἰ

1330 2467 1552 2508 Ἀπόλλωνος
1595 2470 1703 2516 ἱερόν·
1740 2469 1792 2504 διὸ
1823 2468 1925 2517 φησὶ,
1963 2466 2151 2514 μαντείᾳ
2182 2476 2234 2499 σι»

1330 2522 1433 2553 τοῦτο
1467 2518 1505 2552 δὲ
1539 2516 1611 2551 ἀντὶ
1643 2521 1702 2551 τοῦ
1739 2516 1882 2564 βωμῷ.
1928 2515 1978 2550 ὅτι
2009 2514 2064 2549 διὰ
2087 2519 2157 2549 τῶν
2182 2512 2199 2547 ἐ
2236 2556 2253 2558 ..

1333 2564 1560 2612 ἐμαντεύοντο
1579 2564 1610 2598 οἱ
1629 2563 1743 2610 ἱερεῖς,
1765 2564 1812 2602 ὥς
1830 2575 1914 2610 φησι
1931 2561 2136 2611 Φιλόχορος.
2165 2562 2233 2594 Es

1334 2616 1492 2660 μαντεῖος
1510 2623 1568 2654 pro
1588 2610 1750 2657 μαντικός
1768 2613 1895 2644 dictum
1907 2637 1914 2651 ,
1943 2621 2008 2652 qua
2025 2611 2175 2650 significa
2183 2610 2235 2644 ι”ς

1333 2662 1462 2694 teribus
1493 2660 1736 2700 lexicographis
1766 2669 1831 2691 non
1858 2659 2089 2690 animadversa
2110 2656 2176 2696 legi
2212 2655 2281 2696 2·3.·'

1334 2755 1452 2788 Troad.
1466 2752 1534 2786 458
1552 2763 1618 2786 non
1635 2752 1830 2795 comparet),
1851 2757 1884 2784 et
1900 2753 1997 2784 Pind.
2018 2749 2118 2790 Pyth.
2139 2747 2204 2789 11„
2266 2787 2270 2789 .
2286 2763 2288 2789 3

1332 2813 1394 2840 κος
1413 2803 1584 2846 μαντεῖος.
1599 2819 1640 2824 -
1660 2802 1710 2833 De
1729 2804 1868 2832 accentu
1885 2800 2056 2841 praecepit
2065 2797 2130 2830 EM
2142 2806 2179 2838 P.
2286 2819 2288 2830 ,

1404 2857 1650 2903 Μάντευμα
1674 2859 1688 2901 ΙΙ
1711 2860 1918 2890 vaticinium.
1964 2857 1991 2890 ὦ
2018 2854 2107 2891 θεῶν
2126 2867 2164 2900 μ
2203 2872 2207 2881 =
2240 2890 2245 2901 ⁶

1333 2908 1391 2940 ΟΒ
1408 2904 1488 2940 946.
1521 2904 1564 2939 τὰ
1581 2903 1675 2950 σέμν’
1690 2903 1734 2939 ἵν’
1749 2904 1829 2950 ἥκει
1844 2907 1905 2938 τοῦ
1923 2902 2005 2938 θεοῦ
2026 2900 2153 2948 μαντεύ
2177 2915 2180 2918 ’
2217 2935 2219 2937 .

1333 2951 1503 3000 θεήλατον
1558 2951 1708 2997 άντευμα
1727 2950 1834 2985 δεινόν
1853 2948 1932 2983 992.
1976 2953 2050 2987 τοῖς
2067 2952 2125 2983 νῦν
2141 2958 2183 2995 γε

1335 3012 1416 3047 μασι
1433 3001 1487 3034 OC
1501 2998 1521 3033 3
1549 2998 1582 3032 7.
1609 2998 1652 3033 τὰ
1667 2998 1767 3033 τοῦδε
1785 2999 1832 3036 ὡς
1851 2997 1886 3036 ἐς
1904 2996 2005 3043 ὀρθὸν
2024 2994 2180 3043 ἐκφέρεις
2215 3004 2244 3042 ¹·
2267 3027 2276 3041 ι,

1335 3060 1426 3094 ματα
1462 3045 1562 3080 1425.
1595 3065 1635 3070 —
1668 3046 1682 3089 Η
1717 3047 1889 3078 divinatio,
1931 3047 2072 3078 τοιαῦτα
2103 3040 2197 3078 παιδ
2261 3057 2273 3067 ²

1335 3093 1528 3140 ἐμάνθανον
1545 3093 1637 3139 πάρα
1656 3087 1803 3139 φθίνοντ’
1821 3090 1967 3138 ἀσήμων
1986 3090 2108 3137 ὀργίων
2127 3100 2175 3136 μα
2192 3121 2199 3130 ,.
2213 3094 2226 3133 f
2275 3120 2277 3122 .

1333 3144 1416 3175 Ant.
1440 3139 1542 3175 1013.
1578 3139 1676 3187 ὄργια
1693 3151 1783 3172 saera
1798 3146 1880 3172 sunt
1898 3138 2047 3196 ἔμπυρα,
2068 3147 2111 3170 ex
2127 3137 2218 3178 qui
2258 3165 2281 3184 ἦ

1333 3191 1477 3222 ieetabat
1497 3189 1660 3227 Tiresias3
1691 3197 1775 3229 quae
1801 3197 1876 3219 eum
1901 3197 2020 3232 ασημα
2044 3186 2229 3225 dicuntur

1335 3237 1438 3277 fuisse
1471 3237 1648 3273 dicuntur,
1685 3235 1768 3266 nihil
1798 3237 1835 3266 ut
1867 3235 1945 3264 certi
1969 3231 2231 3273 portenderent*
2279 3236 2280 3239 ’

1334 3285 1448 3325 ipsum
1464 3286 1535 3315 erat
1552 3283 1620 3314 irae
1637 3282 1771 3313 divinae
1789 3282 1933 3320 signum.
2090 3276 2139 3322 (11
2155 3286 2195 3318 p.·.
2214 3269 2267 3323 ¹1¹5

1405 3337 1696 3384 Μαντεύομαι
1730 3341 1902 3371 vaticinor.
1947 3336 2041 3383 ε’ίπερ
2072 3347 2104 3370 τι
2128 3330 2174 3370 K
2200 3331 2240 3382 ³22]
2256 3343 2275 3380 jn,
