2288 3600
246 131 343 181 542

247 245 348 280 1223.
380 259 446 280 non
473 252 526 280 est
542 245 795 288 iusiurandum,
824 247 883 280 sed
909 247 1131 295 ὁμολογία
1147 251 1264 291 potius

244 291 282 328 δι’
304 294 417 341 ὅρκων
435 293 616 342 γενομένη,
633 299 773 336 pactum
786 305 861 327 eum
874 299 970 336 patre
987 298 1110 328 initum
1125 300 1156 329 et
1174 299 1262 329 iure—

244 343 386 374 iurando
404 344 586 385 firmatum.
607 344 660 374 Ab
678 340 794 388 ὅρκιος
812 344 925 383 potius
943 344 1147 385 (lucendum,
1167 346 1262 385 quasi

240 392 366 430 pigmus
382 391 470 432 fidei,
491 400 591 430 quam
609 391 860 422 deminutivum
881 391 1025 431 videtur,
1055 397 1093 422 ut
1110 395 1262 424 veterum

243 438 400 468 nonnulli
420 439 601 469 voluerunt
618 447 670 478 ap.
696 438 758 468 EM
777 447 811 478 p.
833 434 911 478 631,
934 435 992 478 26,
1025 440 1081 479 qui
1100 448 1263 479 propena-

245 485 298 515 oni
319 485 539 516 decreverant
557 488 693 526 propter
718 485 998 524 significationem
1017 486 1182 526 primitivi
1201 484 1262 532 ὅρ-

243 542 304 568 κος
324 535 503 563 servatam.

304 582 499 636 “()ρκιος
526 592 581 631 qui
606 591 826 622 iurisiurandi
848 593 1009 623 consortio
1034 595 1172 623 tenetur.
1210 593 1262 623 De

242 646 281 668 eo
299 638 357 677 qui
376 639 500 668 iuravit
517 639 644 669 dictum
677 631 864 685 κατῄνεσεν
887 634 957 671 τάδ’
987 637 1102 684 ὅρκιος
1129 637 1261 686 δράσειν

242 682 327 729 ξένῳ
365 683 420 715 Oc
440 681 541 716 1637.
571 682 686 730 ὅρκιος
717 683 755 719 δέ
782 695 834 718 σοι
859 683 951 732 λέγω
978 687 1060 718 Ant.
1078 683 1158 718 305.
1196 686 1261 719 Sed

243 732 333 762 Iovis
358 733 538 763 iuramenti
564 734 682 763 tutoris
715 738 976 773 cognomentum
1002 738 1056 765 est
1090 733 1150 765 Ph.
1171 731 1261 765 1324

242 775 343 822 Ζῆνα
363 775 390 810 δ’
408 776 524 823 ὅρκιον
541 777 652 812 καλῶ.
675 781 779 812 Probo
796 790 865 821 eos,
894 781 953 821 qni
972 782 1164 812 minuscula
1181 782 1259 821 pin-

243 830 328 864 gunt
353 827 495 866 initiali,
526 828 585 858 sed
609 828 749 859 minime
773 829 838 859 sibi
864 832 1038 867 constant,
1068 829 1125 869 qui
1151 829 1260 859 eidem

243 868 373 911 Ξένιον,
387 868 542 914 Ἱκέσιον,
556 869 699 914 Ὑέτιον,
715 867 883 921 Ὄμβριον
896 876 1081 906 maiuscula
1094 876 1257 908 scribunt.

306 923 450 977 ‘'Opzo
466 943 493 969 ς.
521 932 535 974 ΙΙ
562 933 805 965 iusiurandum.
846 929 931 966 τόνδ’
960 932 1064 979 ὅρκον
1091 931 1260 972 αἰδεσθεὶς

240 975 333 1012 θεῶν
351 979 409 1010 OR
426 975 506 1010 647.
537 981 768 1012 iusiurandum
791 980 928 1012 deorum
951 983 1084 1013 nomine
1110 983 1261 1013 invocato

241 1027 414 1057 sancitum.
442 1024 501 1059 τὸν
565 1028 623 1059 νῦν
641 1024 668 1059 τ’
686 1025 722 1060 ἐν
740 1025 832 1073 ὅρκῳ
852 1027 958 1074 μέγαν
974 1026 1174 1061 καταίδεσαι
1192 1026 1259 1061 653

240 1073 293 1105 ch.
314 1083 346 1104 v.
370 1074 515 1106 Brunck.
545 1071 638 1107 οὗτοι
662 1072 688 1107 σ”“
714 1073 769 1120 ὑφ’
797 1073 902 1120 ὅρκου
927 1073 968 1121 γ’,
989 1075 1036 1113 ὡς
1053 1073 1174 1115 κακόν,
1203 1087 1261 1109 πι-

240 1120 416 1164 στώσομαι
433 1121 489 1153 OG
507 1118 586 1154 650.
616 1118 719 1166 ὅρκον
738 1119 830 1168 αὐτῷ
852 1121 1059 1168 προσβαλὼν
1087 1122 1258 1167 διώμοσεν

239 1167 295 1199 Tr.
316 1164 396 1199 255.
426 1165 570 1214 ἄγγελλε
597 1162 625 1201 δ’
650 1167 742 1214 ὅρκῳ
767 1167 961 1215 προστιθείς
987 1171 1041 1202 El.
1062 1167 1106 1202 47
1126 1180 1171 1202 sc.
1200 1170 1258 1204 τὸν

239 1212 354 1261 ὅρκον,
375 1218 413 1246 ιιι
431 1220 518 1247 recte
532 1216 760 1249 Wunderlich.
783 1218 870 1249 obss.
887 1228 933 1249 cr.
951 1219 986 1248 in
1005 1217 1127 1250 Aesch.
1151 1227 1183 1258 p.
1196 1215 1254 1249 84.

238 1266 275 1293 et
291 1263 362 1293 Erf.
392 1263 433 1294 ad
450 1264 531 1295 Ant.
553 1260 610 1295 24.
631 1264 684 1295 ed.
716 1265 798 1295 min.
820 1265 889 1296 Nec
913 1274 999 1306 opus
1025 1266 1130 1305 igitur
1154 1263 1257 1311 ὅρκον

238 1310 357 1349 corrigi
375 1319 442 1342 sec.
463 1310 577 1341 Reisk.
598 1310 713 1342 Minus
731 1315 822 1343 recte
844 1310 889 1344 τὰ
912 1309 1148 1358 ἀγγελλόμενα
1175 1314 1257 1344 sub-

238 1357 354 1388 audire
373 1357 507 1389 videtur
525 1358 736 1390 Sohaeferus.
759 1357 935 1392 ἁλίσκεται
952 1359 1007 1406 γώ
1026 1357 1133 1396 δεινὸς
1152 1358 1255 1404 ὅρκος

237 1403 293 1436 Ai.
307 1400 388 1437 649.
404 1403 654 1445 deprehenditur
670 1406 694 1436 i.
708 1416 737 1437 e.
755 1407 895 1446 periurii
911 1399 1049 1438 ten‘etur
1059 1407 1251 1447 aliquando.

237 1448 343 1496 ὅρκου
363 1449 401 1484 δὲ
418 1450 665 1497 προστεθέντος
684 1454 725 1485 fr.
746 1454 885 1485 Oenom.
906 1450 988 1495 419,
1011 1452 1041 1486 1.
1071 1451 1173 1500 ὅρκος
1191 1452 1255 1500 γὰρ

239 1496 350 1535 οὐδεὶς
366 1496 463 1545 ἀνδρὶ
481 1497 577 1545 φηλή
639 1498 744 1546 βαρύς
761 1501 828 1533 inc.
843 1498 923 1532 671.
937 1518 977 1523 -
997 1498 1110 1548 οὕνεχ’
1127 1499 1251 1547 ὅρκων,

239 1543 325 1580 οἶσιν
341 1544 386 1590 ῆν
405 1511 795 1592 ἐπώμοτοςπῖιένώμοτος
815 1549 873 1580 LA
885 1558 903 1579 a
917 1558 960 1580 m.
978 1546 1063 1592 ree]
1082 1550 1135 1580 Ai.
1151 1546 1251 1581 1113.

239 1586 281 1626 δι’
298 1591 411 1639 ὅρκων
428 1592 552 1639 καίπερ
570 1593 618 1627 ὢν
635 1592 820 1640 ἀπώμοτος
838 1596 918 1628 Ant.
940 1592 1022 1635 394,
1051 1597 1138 1637 quod
1156 1597 1255 1637 plane

238 1641 441 1672 contrarium
467 1642 515 1672 illi
542 1651 584 1673 ex
602 1642 706 1673 Aiace
724 1643 891 1684 exemplo.
920 1641 1051 1688 ὅρκοισι
1079 1641 1137 1676 καὶ
1168 1642 1255 1689 γυνὴ

239 1685 357 1733 φεύγει
373 1686 498 1734 πικρὰν
516 1687 624 1722 ὠδῖνα
640 1687 773 1722 παίδων
792 1691 856 1722 inc.
880 1691 920 1722 fr.
943 1687 1023 1731 671,
1048 1689 1079 1722 1.
1108 1692 1198 1722 iurat
1224 1701 1256 1722 se

239 1734 376 1767 libidine
399 1745 574 1776 nunquam
595 1737 772 1777 pellectum
788 1739 849 1777 iri,
879 1740 917 1768 ut
931 1747 1046 1778 parere
1059 1740 1175 1778 possit.
1196 1736 1255 1783 ὅρ-

239 1792 323 1820 κους
357 1780 426 1839 ἐγὼ
450 1782 610 1828 γυναικὸς
641 1782 689 1821 εἰς
716 1780 808 1830 ὕδωρ
833 1783 955 1831 γράφω
981 1786 1047 1816 inc.
1074 1782 1154 1817 694.
1185 1803 1226 1808 —
1245 1785 1255 1829 Η

239 1823 333 1862 ταῦτ’
357 1841 417 1863 ουν
444 1828 564 1864 ἔκλυεν
590 1829 722 1876 δαίμων
747 1828 849 1876 ἡμῶν
874 1832 928 1878 χώ
953 1826 1050 1865 πάντ’
1073 1830 1159 1866 ἀΐων
1178 1828 1255 1870 Διὸς

239 1873 343 1923 ὅρκος
361 1877 416 1909 OC
432 1875 521 1910 1767
535 1888 590 1910 an.
619 1879 674 1911 Sic
691 1879 828 1919 Herm.;
851 1880 976 1911 rectius
995 1881 1106 1920 vulgo,
1127 1882 1155 1911 si
1174 1880 1255 1920 quid

239 1924 348 1965 video,
363 1916 504 1970 ”Ορκος.
541 1925 685 1958 Sensum
712 1927 815 1967 enim,
847 1928 912 1958 nisi
933 1931 1095 1968 tanquam
1113 1937 1256 1968 persona

239 1972 423 2013 cogitetur,
453 1982 519 2004 non
548 1974 728 2014 perspicio.
764 1974 846 2005 “Est
867 1975 896 2005 is
915 1975 1003 2006 Iovis
1024 1970 1166 2020 Ὁρκίου
1192 1975 1256 2006 mi-

239 2019 360 2059 nister,
389 2023 424 2051 et
441 2020 627 2052 seeundum
648 2021 833 2052 Hesiodum
859 2021 998 2062 quidem
1025 2022 1150 2062 Theog.
1170 2019 1251 2054 804.

240 2066 353 2098 Eridis
371 2067 462 2098 lilius
481 2078 542 2098 —:
564 2069 620 2099 cui
639 2068 777 2100 Ruhnk.
798 2078 852 2109 ep.
874 2078 920 2100 cr.
943 2070 968 2100 I.
991 2079 1023 2110 p.
1045 2066 1102 2101 90.
1125 2073 1256 2111 praeter

239 2112 462 2145 Menandrum
487 2114 653 2146 rhetorem
678 2117 853 2147 annotavit
878 2116 1038 2147 Herodoti
1065 2113 1096 2154 6,
1125 2114 1182 2157 36,
1204 2113 1257 2149 3.⁷⁷

241 2159 366 2201 Reisiy.
389 2178 430 2185 —
459 2161 511 2192 De
535 2165 613 2194 tono
638 2163 830 2194 observavit
853 2163 931 2195 Arc.
952 2173 985 2204 p.
1007 2161 1062 2201 50,
1085 2162 1118 2195 9.
1149 2164 1251 2195 schol.

239 2207 278 2238 Il.
300 2220 341 2241 ω.
363 2204 443 2240 316.
465 2209 579 2250 ibique
597 2209 697 2241 Eust.
719 2209 838 2242 EGud.
859 2220 892 2251 p.
914 2207 996 2250 435,
1019 2207 1072 2242 12.

309 2261 609 2313 Ὅρκωμοτέω
636 2268 849 2300 iureiurando
867 2272 975 2300 testor.
1012 2267 1113 2306 θεοὺς
1139 2267 1254 2315 ὁρκω-

240 2315 359 2358 μοτεῖν
383 2315 465 2346 Ant.
486 2312 568 2347 265.
597 2313 740 2360 ὀμνύναι
757 2316 852 2348 Phot.
880 2317 1027 2357 explieat
1051 2326 1094 2348 ex
1122 2317 1254 2348 Aristo-

240 2361 362 2402 phanis
379 2362 582 2403 Babyloniis,
604 2372 637 2403 p.
660 2359 739 2403 347,
761 2360 818 2395 27.
973 2362 1023 2407 (11
1042 2374 1075 2404 p.
1097 2360 1177 2404 352,
1200 2362 1254 2408 7.)

307 2415 316 2427 ‘
329 2415 500 2466 Ορμάω.
522 2438 563 2444 -
583 2421 598 2463 η
617 2421 725 2453 Αοιὶυἱ
749 2422 951 2461 significatio
975 2423 1084 2464 prima
1099 2422 1254 2454 movendi

239 2470 275 2498 et
285 2467 466 2522 eaeeitcmda
479 2466 503 2513 ἦ
521 2466 565 2547 gd
578 2478 614 2500 σε
627 2494 648 2501 ..
658 2493 664 2499 .
674 2461 838 2524 ῒΑρτεμις
901 2468 1039 2516 ὥρμασε
1104 2467 1160 2524 ἐπῖι
1172 2467 1252 2514 βοῦς

238 2511 400 2560 ἀγελαίας
425 2516 479 2547 Α1.
500 2513 516 2546 1
544 2513 565 2547 5
583 2515 635 2548 ch.
672 2517 855 2556 mstiyavn.
886 2534 926 2540 ——
953 2517 967 2559 ΙΙ
992 2518 1045 2548 Ita
1065 2526 1249 2557 passivum,

239 2561 329 2602 quod
345 2562 445 2602 vulgo
460 2562 607 2594 medium
622 2566 760 2604 vocant,
788 2566 934 2604 primum
961 2565 1003 2596 de
1026 2567 1118 2595 motu
1142 2564 1252 2605 aliquo

239 2617 278 2640 ea:
296 2610 377 2650 loco,
398 2609 493 2641 velut
509 2610 550 2641 de
565 2610 843 2651 proficiscentibus
860 2615 895 2642 et
911 2611 1173 2651 ayyredicntibus
1197 2612 1250 2643 di-

238 2656 340 2689 citur.
360 2655 407 2693 ὠς
424 2653 560 2702 ὁπηνίκ’
577 2654 618 2690 ἂν
636 2654 716 2694 θεὸς
733 2655 842 2691 πλοῦν
858 2656 943 2703 ἧμιν
961 2655 1054 2706 εἷκῃ,
1073 2652 1253 2704 τηνικαῦθ’

239 2700 431 2749 ὁρμώμεθα
457 2703 519 2736 Ph.
539 2700 620 2737 465.
648 2701 822 2750 πλέωμεν,
851 2702 1019 2751 ὁρμάσθω
1043 2703 1151 2752 ταγός
1168 2703 1248 2738 526.

236 2747 299 2793 (so.
322 2748 340 2783 ὁ
358 2747 480 2793 ξένος).
509 2747 687 2797 ὁρμώμεθ’
705 2749 742 2789 ἐς
757 2754 840 2785 ναῦν
857 2749 939 2785 881.
967 2751 1016 2786 νὼ
1033 2745 1174 2797 μὲν“οὖν
1193 2750 1252 2798 ὁρ-

241 2794 407 2842 μώμεθον
427 2795 528 2829 1079.
560 2799 679 2831 Elmsl.
708 2796 900 2844 ὁρμώμεθα
924 2800 1046 2831 suadet
1070 2803 1109 2831 ut
1126 2801 1251 2832 scriba-

239 2847 304 2884 tur,
334 2845 396 2886 qui
420 2846 484 2876 sibi
517 2846 744 2887 persuasisset
768 2847 910 2887 primam
939 2847 1049 2878 dualis
1074 2856 1251 2887 personam

240 2893 527 2931 grammaticorum
545 2901 620 2924 esse
636 2897 881 2935 commentum3
909 2893 959 2925 sic
982 2893 1069 2925 Flor.
1094 2890 1130 2927 Γ.
1151 2891 1252 2938 ὑμεῖς

295 2935 469 2984 ὁρμᾶσθαι
485 2941 603 2985 ταχεῖς
618 2936 720 2972 1080.
739 2941 909 2973 infinitivo
922 2941 1113 2982 imperativi
1128 2951 1253 2973 munus

240 2988 371 3018 tuente.
399 2983 456 3029 [fr.
480 2987 599 3018 Helen.
623 2983 702 3026 186,
721 2983 744 3018 2
769 2987 870 3019 dubia
887 2987 1133 3028 significatione
1150 2989 1254 3028 pleri—

239 3041 306 3073 que
323 3033 417 3065 codd.
446 3033 598 3066 Erotiani
621 3032 803 3116 χαρακτέρ
827 3032 929 3071 αὐτὸς
954 3032 990 3068 ἐν
1006 3032 1144 3081 γλώσσῃ
1160 3032 1193 3068 τί
1210 3045 1252 3080 με

238 3082 431 3126 παρηγορεῖ
454 3076 631 3117 Λάκωνος·
645 3078 757 3127 ὁρμᾶσ
784 3092 819 3114 αι
840 3078 958 3128 λόγου.
986 3082 1141 3114 Praestat
1162 3091 1252 3113 eom-

239 3126 390 3170 plurium
417 3129 582 3168 scriptura
604 3125 808 3172 ὀσμᾶσθαι.]
832 3129 925 3162 πᾶσα
950 3122 978 3162 δ’
1008 3126 1155 3173 ὁρμᾶται
1179 3122 1254 3163 κατ’

240 3170 263 3208 ἀ
292 3171 464 3220 πυκτήρια
480 3172 608 3208 πώλων
625 3172 675 3219 ἄμ
699 3185 774 3213 ασις
790 3174 846 3207 OC
861 3172 952 3208 1068
964 3175 1017 3207 ch.
1037 3178 1060 3208 i.
1078 3185 1110 3209 e.
1129 3174 1253 3213 πάντες

240 3184 456 3266 οΓάναβάται
474 3218 659 3268 ὁρμῶνται.
690 3219 755 3268 νίχ’
772 3221 952 3268 ὡρμώμην
966 3220 1036 3268 ἐγώ
1050 3220 1151 3255 1159.
1173 3222 1253 3254 dum

235 3267 485 3309 proficiscebam-
511 3269 699 3300 accuratius
725 3272 797 3301 erat
821 3266 980 3316 ὡρμήθ
1021 3281 1039 3303 ν
1051 3296 1060 3311 ,
1095 3269 1176 3301 dum
1192 3269 1251 3302 ab·

239 3322 340 3346 eram.
377 3312 717 3361 ὁρμωμένῳ...πρὸς
741 3314 947 3372 κασιγνήτου
979 3327 1000 3349 τ
1016 3326 1066 3350 σιν
1094 3313 1194 3348 1328.
1224 3313 1253 3348 σ’

243 3357 444 3406 ὁρμώμενον
462 3359 497 3398 ἐς
512 3364 687 3407 προῦπτον
697 3355 815 3408 Ἅιδην
833 3360 934 3396 1439.
955 3360 1152 3409 ὁρμωμένῳ
1173 3374 1251 3409 νερ-

244 3404 348 3451 τέρας
375 3411 505 3454 νεκρῶν
532 3406 667 3448 πλάκας
687 3407 776 3442 1576
793 3411 846 3450 eh.
874 3407 1021 3456 φθόγγοι
1045 3419 1109 3455 σφε
1134 3408 1262 3455 σημαί-

1042 120 1228 199 Ὅρκιος
1255 162 1317 169 -
1338 118 1493 200 Ὄρνις

1981 137 2029 191 [11
2045 157 2080 189 p.
2100 116 2286 182 :im-ass

1299 260 1394 284 νουσι
1419 245 1509 297 δεῦρ’
1537 249 1741 298 ὁρμωμένας
1770 247 1870 284 1669.
1903 252 2132 285 adventantes.
2169 250 2286 300 ὁρμᾶα

1299 296 1348 335 εἰς
1375 295 1516 343 ἐπόψιον
1549 298 1655 332 τόπον
1681 300 1762 332 Ant.
1787 296 1888 331 1110.
1919 298 1960 333 ἐκ
1976 297 2004 332 δ’
2021 297 2229 345 ὁρμωμένου
2246 310 2287 334 πο

1298 343 1378 389 τρὸς
1397 347 1554 391 φυγαῖσιν
1571 343 1673 378 1233.
1695 348 1737 378 cf.
1751 344 1921 401 ἐξορμάω.
1943 344 2022 380 ὁδὸν
2038 345 2103 392 τὴν
2119 345 2288 381 τελευταία

1299 389 1430 439 ὡρμᾶτ’
1456 387 1514 425 ἀπ’
1538 391 1646 426 οἴκων
1673 394 1728 425 Tr.
1753 391 1830 425 1511.
1857 391 1992 439 νύκτωρ
2019 391 2072 440 ἐφ’
2097 391 2188 438 ὑμᾶς
2201 391 2287 428 ὃόλιι

1299 437 1449 484 ὁρμᾶται
1482 438 1587 484 μόνος
1619 442 1674 472 Αἰ.
1696 438 1752 472 47.
1783 439 1864 473 ἰδὼν
1964 435 2196 487 Ἀγαμέμνον’
2226 439 2288 487 ήμῑ

1300 485 1401 532 δεῦρο
1423 480 1510 519 τόνδ’
1539 485 1744 532 ὁρμώμενον
1765 484 1867 520 1224.
1888 485 1944 520 ὅτε
1961 486 1994 522 οἱ
2016 486 2106 532 (σοὶ)
2120 486 2242 522 ἀνταία
2256 499 2288 535 γε

1298 531 1388 566 νύων
1407 531 1558 579 ὡρμάθη
1575 532 1691 581 πλαγά
1708 536 1760 566 El.
1783 531 1849 566 196
1866 545 1911 567 111.
1932 535 2079 567 σὶεὺαωι·
2094 536 2119 567 i.
2135 545 2167 567 e.
2188 535 2288 576 insen

1299 581 1406 613 batur.
1427 582 1538 613 Motus
1555 583 1648 613 notio
1667 583 1714 614 ita
1730 586 1844 623 aperte
1861 583 2006 624 passiva,
2026 586 2066 614 ut
2081 583 2124 614 de
2140 582 2288 615 &tamdiu

1299 629 1378 668 tiva,
1401 638 1500 669 quam
1516 629 1647 670 dicunt,
1668 631 1761 661 verbi
1778 633 1947 670 potestate
1962 640 2005 661 ne
2022 630 2158 669 cogitari
2176 630 2288 670 quide!

1298 676 1416 715 possit,
1437 677 1636 707 observatur
1654 676 1707 708 El.
1728 674 1791 709 70:
1822 675 1906 722 πρὸς
1923 674 2015 710 θεῶν
2032 674 2253 723 ὡρμημένος.
2269 693 2288 700 -

1303 723 1518 763 Transfertur
1542 724 1581 754 ad
1608 725 1764 764 impetum
1790 723 1998 763 infensorum
2020 727 2052 756 et
2077 724 2184 756 hostili
2200 726 2288 756 anim

1297 771 1474 802 utentium.
1497 768 1634 816 ἐχθρῶν
1649 768 1676 803 δ’
1693 768 1787 816 ὕβρις
1805 768 1997 816 ἀτάρβητος
2014 769 2160 817 ὁρμᾶται
2177 772 2232 803 Αἰ.
2248 767 2288 803 19

1300 817 1351 847 eh.
1381 817 1450 848 Hoc
1469 818 1617 849 Brunck.
1638 819 1731 849 dedit
1748 828 1767 849 e
1785 818 2000 850 Triclinianis
2020 819 2223 850 intolerabili
2242 819 2288 850 ser

1298 868 1434 905 propter
1460 866 1643 905 insequens
1664 863 1699 898 ἐν
1725 865 1833 898 hiatu.
1871 866 1962 897 Libri
1979 867 2134 907 plerique
2158 875 2235 897 cum
2254 865 2288 898 [ι.

1298 911 1385 942 Flor.
1409 907 1445 944 Γ.
1477 906 1598 957 ὁρμᾶτ’
1624 910 1679 951 ἐν,
1708 913 1796 953 quod
1820 916 1956 954 propter
1979 914 2156 945 elisionem
2173 913 2288 954 quidm

1298 959 1525 990 damnandum
1543 968 1609 990 non
1628 969 1764 1000 censeo,
1787 961 1921 1001 qualem
1937 960 2117 992 admissam
2134 971 2154 992 a
2168 960 2288 992 scenici

1297 1006 1524 1037 certissimum
1551 1011 1603 1038 est
1635 1005 1685 1050 [v.
1714 1007 1950 1039 Kuehlstaedt.
1985 1008 2028 1039 de
2052 1007 2131 1040 dial.
2160 1011 2244 1047 trag.
2273 1017 2288 1050 ς

1297 1049 1342 1084 26
1360 1051 1465 1096 sqq),
1489 1054 1547 1085 sed
1564 1055 1786 1085 verisimilius
1810 1059 1925 1087 tamen
1950 1055 1986 1086 in
2012 1065 2053 1087 ea
2067 1055 2288 1087 incertitudin

1298 1102 1395 1132 metri
1419 1102 1551 1141 epodici
1565 1128 1572 1141 ,
1590 1101 1690 1142 -quod
1715 1102 1830 1133 Herm.
1864 1111 1907 1133 ex
1932 1102 2038 1134 Suida
2059 1105 2094 1134 et
2111 1102 2240 1134 Zonara
2254 1111 2288 1134 re

1296 1148 1421 1188 posuit,
1451 1146 1499 1193 ὁρ
1507 1160 1532 1193 μ
1546 1147 1580 1193 ᾇ.
1620 1149 1671 1180 Ad
1691 1150 1899 1181 intransitivi
1926 1150 2030 1188 igitur
2054 1158 2137 1181 usus
2153 1149 2288 1190 exempl

1295 1195 1511 1226 referendum
1537 1197 1611 1226 erit.
1641 1196 1707 1228 Sed
1723 1197 1766 1227 de
1782 1198 1905 1236 yemitu
1928 1196 2056 1228 sublato
2084 1194 2288 1242 ὁρμᾶσθε

1295 1242 1425 1273 dictum
1444 1243 1499 1275 Tr.
1519 1239 1607 1274 804:
1635 1240 1732 1276 κλύω
1749 1242 1840 1280 τινὸς
1857 1241 1976 1276 οἴκτου
2002 1239 2043 1276 δι’
2059 1242 2167 1277 οἴκων
2184 1241 2288 1288 ἀρτί-

1296 1286 1519 1334 ὁρμωμένου,
1538 1307 1579 1313 —-
1589 1287 1602 1333 ΙΙ
1612 1291 1747 1322 Praeter
1759 1291 1842 1322 illud
1855 1292 1969 1323 Aiacis
1984 1288 2063 1323 196.
2084 1292 2189 1323 semel
2201 1291 2288 1323 activ

1295 1337 1399 1368 forma
1415 1337 1658 1376 significatione
1673 1337 1901 1370 immediativa
1913 1340 2061 1379 positum
2072 1340 2154 1370 Ant.
2174 1335 2239 1370 133
2250 1346 2288 1370 ιιι

1295 1381 1467 1428 βαλβίδων
1486 1381 1538 1417 ἐπ’
1554 1381 1669 1431 ἄκρων
1693 1382 1762 1430 ἤδη
1780 1383 1878 1431 νίκην
1896 1380 2046 1430 ὁρμῶντ’
2061 1383 2240 1424 ἀλαλάξαι.
2286 1398 2288 1403 ¹

1360 1437 1367 1450 ‘
1382 1439 1410 1477 O
1422 1453 1439 1487 ρ
1450 1440 1536 1486 μέω
1555 1445 1705 1475 consisto.
1737 1441 1776 1477 οὐ
1794 1442 1858 1490 γὰρ
1884 1441 1925 1477 ἂν
1943 1441 2137 1492 ἀλλοτρίοις
2154 1441 2288 1491 ὄμμασιΙ

1293 1486 1411 1535 εἷρπον
1443 1488 1530 1523 κάπὶ
1564 1493 1721 1536 σμικροῖς
1755 1490 1862 1539 μέγας
1902 1490 2041 1538 ὥρμουν
2074 1491 2130 1523 Oc
2157 1488 2224 1523 148
2247 1492 2288 1524 au

1293 1535 1420 1582 ὥρμων
1439 1538 1498 1568 LA
1516 1547 1597 1570 corr.
1618 1549 1637 1569 a
1653 1548 1697 1571 m.
1718 1540 1918 1572 recentiore.
1951 1543 1986 1570 et
2003 1539 2067 1580 PF,
2090 1539 2288 1580 quemadmd

1294 1584 1374 1615 dum
1400 1586 1501 1616 etiam
1526 1585 1727 1617 scholiasten
1753 1587 1876 1627 legisse
1901 1587 2077 1623 coniicias,
2107 1587 2165 1627 qui
2189 1584 2288 1620 sarili!

1293 1628 1359 1664 ὑπὸ
1386 1633 1530 1677 σμικρᾶς
1554 1635 1617 1677 τῆς
1642 1630 1810 1679 θυγατρὸς
1835 1631 2035 1680 ὁδηγεῖταιχ
2056 1634 2096 1665 111
2114 1633 2179 1665 alia
2195 1633 2288 1666 omn!

1293 1679 1363 1710 abit
1379 1680 1466 1710 alius
1492 1680 1581 1711 haud
1599 1681 1702 1711 dubie
1719 1681 1917 1722 interpretis
1933 1682 2017 1713 ratio
2034 1681 2136 1713 haec:
2165 1679 2224 1713 καὶ
2249 1678 2288 1720 ἑῇ

1293 1723 1462 1759 εὐτελέσιν
1488 1724 1671 1772 αἰτήμασιν
1698 1725 1762 1760 οὐκ
1785 1725 1825 1761 ἂν
1853 1725 1983 1774 σφόδρα
2007 1726 2172 1767 ἱκέτευον,
2200 1726 2230 1760 εἰ
2254 1722 2288 1773 μῆ

1292 1770 1388 1819 ἤμην
1406 1771 1590 1821 δυστυχής.
1628 1775 1730 1806 lllum
1747 1772 1804 1808 ἐπὶ
1821 1777 1978 1821 σμικροῖς
1995 1779 2084 1807 recte
2102 1775 2288 1821 interpret*

1292 1824 1365 1851 tum
1383 1830 1457 1852 esse
1483 1821 1627 1853 dubitari
1654 1831 1719 1853 non
1737 1826 1867 1864 potest,
1895 1823 1954 1854 sed
1979 1821 2155 1868 ὥρμουν
2179 1833 2198 1854 a
2222 1822 2288 1854 nai

1291 1868 1326 1898 in
1344 1869 1473 1899 ancoris
1491 1872 1602 1900 stante
1620 1869 1839 1910 desumptum
1865 1879 1933 1902 non
1950 1871 2073 1910 attigit.
2109 1869 2174 1901 Est
2191 1867 2288 1907 autel

1291 1917 1406 1955 eoez'yuo
1423 1915 1531 1955 fulcro
1547 1918 1664 1948 nixum
1682 1918 1717 1948 in
1730 1920 1832 1957 portu
1856 1917 1878 1948 i.
1900 1926 1930 1948 e.
1947 1918 2104 1959 perfugio
2121 1918 2240 1949 comiot

1360 1980 1516 2031 ’1)ρμή.
1533 1984 1545 2030 ΙΙ
1561 1988 1712 2027 impetus.
1733 1985 1924 2033 μαινομένᾳ
1941 1985 1999 2027 ξὺν
2017 1986 2110 2034 ὁρμᾷ
2145 1984 2288 2070 meleu}

1293 2029 1432 2065 ἐπέπνει
1466 2030 1581 2079 ῥιπαῖς
1614 2031 1783 2080 ἐχθίστων
1813 2032 1950 2079 ἀνέμων
1984 2033 2105 2067 Αηι.1
2135 2033 2155 2066 5
2173 2036 2224 2068 ch.
2283 2072 2288 2074 ,

1293 2079 1447 2121 Capaneo
1464 2080 1596 2112 Thebas
1621 2083 1755 2113 furente
1781 2082 1911 2123 impetu
1937 2092 2102 2122 aggresso.
2137 2082 2227 2114 Hinc

1293 2127 1486 2159 verbialiter
1503 2128 1629 2160 dictum
1648 2132 1819 2170 repertum
1837 2132 1890 2161 est
1905 2127 1928 2174 ἠ
1947 2131 2055 2163 ταῦτα
2118 2126 2210 2163 οὕτω
2225 2139 2270 2166 κα

1292 2171 1404 2219 ὁρμὴν
1423 2172 1547 2219 δρῶσιν
1571 2172 1754 2220 Ἀτρειδῶν
1778 2174 1897 2221 χάριν,
1927 2177 1988 2209 Ph.
2014 2173 2094 2209 566.
2115 2177 2138 2208 i.
2159 2186 2189 2209 e.
2217 2174 2288 2222 μεή

1290 2220 1459 2266 τοσαύτης
1476 2220 1685 2268 προθυμίας.
1707 2241 1747 2246 --
1774 2224 1828 2255 Ad
1845 2225 2028 2256 conaminis
2052 2228 2088 2256 et
2102 2224 2232 2256 consilii
2262 2229 2284 2261 :g

1291 2269 1539 2308 gnificationem
1565 2271 1762 2303 traducitur.
1800 2271 1967 2311 Ilesych.:
2002 2269 2138 2317 ὁρμή,
2176 2267 2278 2316 βουλ-

1292 2313 1468 2361 ἐπιθυμία.
1489 2314 1540 2354 τίς
1557 2316 1753 2364 προσήγαγε
1770 2316 1886 2374 χρείας
1916 2316 1966 2355 τίς
1993 2316 2077 2363 ὁρμ’
2097 2330 2104 2358 ;
2136 2318 2197 2350 Ph.
2217 2314 2286 2350 23

1290 2362 1319 2395 ὧ
1337 2358 1635 2411 σπέρμ”Ατρέως,
1656 2365 1703 2403 ὡς
1769 2365 1800 2399 δι
1827 2363 2025 2411 ἐλευθερίας
2041 2329 2140 2410 μ6λις
2158 2362 2254 2422 ἐξῆλ·

1288 2409 1332 2457 τῇ
1348 2412 1406 2443 νῦν
1425 2408 1519 2458 ὁρμῇ
1533 2410 1704 2446 τελεωθέν
1724 2414 1776 2445 El.
1801 2410 1890 2444 1510
1899 2423 1953 2444 an.
1982 2412 2112 2445 Schol.:
2133 2423 2223 2446 κατα
2270 2430 2274 2434 ‚

1288 2460 1347 2491 νῦν
1366 2456 1589 2504 ἐπιχείρησιν.
1613 2477 1653 2482 -
1675 2461 1726 2491 De
1741 2458 1848 2505 ταύτῃ
1868 2458 1928 2493 σὺν
1945 2458 2040 2506 ὁρμῇ
2055 2460 2110 2492 Tr.
2127 2457 2197 2492 720
2213 2468 2279 2500 qu

1999 2505 2048 2550 (11
2066 2517 2100 2548 p.
2122 2503 2282 2548 3·53,1;εΔ

1356 2559 1364 2572 ‘
1377 2562 1557 2611 Ορμίζω
1574 2565 1619 2596 ad
1632 2569 1769 2606 portum
1786 2566 1929 2606 appello.
1957 2563 2047 2612 τύχῃ
2070 2563 2156 2611 πρὸς
2178 2562 2236 2598 τα’
2270 2580 2273 2588 ’

1288 2610 1465 2656 ὁρμισθεὶς
1481 2610 1584 2645 πέδον
1602 2613 1663 2644 Ph.
1684 2610 1764 2644 546.
1793 2614 1829 2644 in
1852 2612 1989 2644 eandem
2011 2617 2134 2645 terram
2157 2610 2232 2646 dela
2255 2625 2270 2637 ν

1352 2663 1404 2705 “O
1416 2681 1521 2716 ρμος
1536 2674 1662 2711 portus.
1690 2670 1771 2709 ναὸς
1790 2669 1908 2711 ἄξενον
1927 2670 1944 2705 ὅ
1970 2682 2034 2717 μον
2052 2669 2210 2717 αὐγάζων
2246 2674 2252 2685 ’
2270 2693 2277 2710 ι,

1287 2714 1357 2748 218
1374 2718 1427 2749 oh.
1458 2719 1558 2749 Dind.
1575 2719 1616 2750 ὀ.
1645 2719 1737 2750 libris
1763 2717 1921 2765 αὐγάζων
1946 2682 2051 2765 ὅρμον
2086 2718 2268 2760 transposi

1290 2765 1415 2806 verbis,
1462 2766 1518 2796 LA
1542 2775 1623 2797 corr.
1658 2762 1817 2812 αὐγάζον.
1871 2766 1978 2798 Schol.
1995 2778 2002 2797 :
2039 2763 2208 2810 δύσορμον

1289 2809 1412 2856 λιμένα
1437 2809 1527 2857 ὁρῶν
1555 2817 1742 2853 comparato
1766 2813 1941 2845 Homerico
1968 2810 2109 2858 Λῆμνον
2143 2809 2271 2859 ἀμιχθ

1288 2856 1445 2900 λόεσσαν,
1472 2869 1571 2899 quam
1596 2858 1660 2903 τὴν
1686 2857 1958 2905 ἀπροσόρμιστον
1983 2861 2234 2900 interpretatur.

1289 2903 1418 2945 ἄξενος.
1448 2904 1486 2939 οὐ
1512 2905 1577 2953 γάρ
1599 2917 1650 2943 τις
1675 2904 1780 2954 ὅρμος
1805 2905 1894 2940 ἔστιν
1912 2904 1992 2938 302.
2014 2907 2065 2939 ed.
2087 2907 2191 2938 Turn.
2212 2903 2230 2938 ὅ
2265 2910 2286 2930 ι’

1291 2963 1361 2998 ρος,
1381 2954 1468 2993 quod
1485 2963 1564 2985 cave
1582 2954 1748 2985 scribendi
1766 2955 1924 2986 mendum
1942 2957 2077 2995 putare,
2107 2955 2280 2987 correcto

1289 3003 1359 3039 est,
1388 2997 1524 3038 ξένωσις
1550 3001 1712 3041 quomodo
1735 3002 1814 3032 iniri
1848 3002 1996 3042 potuerit
2018 2999 2230 3042 explicaturi.
2262 3001 2267 3036 ’,

1291 3045 1325 3084 ἐς
1357 3045 1416 3080 τὸν
1448 3045 1611 3086 ἀπόξενον
1645 3046 1751 3092 ὅρμον
1785 3045 1918 3094 [ὅρμων
1942 3048 2046 3080 Dind.
2072 3057 2100 3080 c.
2122 3047 2235 3078 Doede
2260 3045 2272 3085 ἐ

1290 3087 1439 3140 Θρῄκιον
1464 3091 1623 3127 κλύδωνα
1649 3095 1707 3126 Olt
1726 3092 1791 3126 196
1809 3096 1860 3126 ch.
1897 3097 2041 3127 Pontum
2059 3095 2188 3126 dixisse
2202 3093 2255 3126 vid

1289 3145 1363 3181 tur,
1394 3142 1437 3172 cf.
1458 3141 1571 3173 Herm.
1601 3142 1623 3173 l.
1645 3151 1674 3173 c.
1696 3146 1729 3174 et
1746 3142 1916 3181 Wyttenb.
1945 3142 1986 3174 ad
2004 3142 2088 3174 Plat.
2110 3141 2235 3174 Phaed.
2264 3156 2268 3187 3

1288 3184 1368 3219 299.
1398 3188 1451 3219 Ex
1468 3188 1529 3219 hoc
1546 3189 1615 3220 loco
1631 3186 1808 3226 ἀπόξεινον
1825 3190 1970 3221 Pontum
1987 3189 2089 3230 Soph.
2109 3188 2230 3230 appell
2245 3201 2270 3234 τ,

1290 3236 1395 3266 fertur
1413 3234 1592 3267 Eustathio
1609 3235 1649 3267 ad
1668 3236 1767 3267 Dion.
1782 3236 1910 3275 Perieg.
1935 3233 2011 3267 146.
2267 3241 2275 3247 ”

1357 3290 1709 3340 Ὀρνιθοσκόπος
1741 3296 1924 3336 auyuralis.
1976 3292 2024 3331 εἰς
2056 3292 2120 3340 γὰρ
2152 3290 2272 3328 παλα

1287 3337 1397 3373 θᾶκον
1416 3338 1663 3386 ὀρνιθοσκόπον
1679 3337 1764 3379 ἵζων
1783 3343 1863 3374 Ant.
1884 3338 1965 3373 999.

1289 2506 1383 2537 (ledit
1400 2507 1520 2545 Dind.,
1543 2517 1573 2538 v.
1591 2517 1618 2539 s.
1642 2505 1738 2554 ὀργή.

1350 3403 1364 3416 ”
1373 3408 1402 3445 Ο
1412 3421 1456 3455 ρν
1468 3422 1504 3448 ις
1517 3413 1598 3442 avis.
1612 3410 1626 3455 ΙΙ
1634 3413 1799 3443 universe.
1822 3409 1983 3457 εὔπτερον
1993 3409 2083 3456 ὄρνιν
2094 3411 2153 3443 OR
2163 3407 2228 3443 176
2243 3428 2252 3450 ·.
