2288 3600
272 144 372 195 554

1091 142 1101 161 ³
1111 149 1278 201 Οστέον

339 258 520 300 Ὀστέον
547 263 604 310 [cf.
626 267 708 299 Lob.
740 268 836 299 Path.
868 265 910 309 2,
938 264 1014 313 92]
1046 278 1099 301 OS.
1129 265 1218 313 ἦλθε
1246 262 1282 301 δ’
1317 266 1371 302 λει
1400 271 1537 315 φρονεῖν

269 309 396 345 ὀστέων
414 311 567 359 ἀδαγμὸς
585 311 809 352 ἀντίσπαστος
829 316 884 347 Tr.
907 311 986 347 769.

330 351 384 394 “O
398 370 499 397 στις.
528 362 555 392 Ι.
584 362 637 393 Ι)6
654 363 816 402 scriptura
840 363 984 404 primum
1001 372 1189 404 monemus,
1210 363 1282 395 dia-

267 407 377 438 stolen
402 407 439 438 in
462 405 512 440 ὅτι
534 408 656 440 idonea
679 419 779 440 causa
795 419 906 441 carere
932 410 1057 442 videri:
1087 411 1171 441 illud
1190 411 1281 441 enim

268 463 286 484 a
303 455 545 495 perspicuitate
563 460 798 496 argumentum
816 457 945 488 nemini
962 461 1050 488 recte
1069 458 1275 497 probabitur.

268 500 397 532 Eadem
429 502 557 534 ratione
589 503 675 535 illud
707 504 850 542 nititur,
888 504 976 544 quod.
1003 508 1162 535 neutrum
1189 502 1239 537 ὅτι
1262 515 1280 535 a

267 549 440 580 nonnullis
468 558 536 580 non
560 551 718 582 scribitur
745 547 806 597 ὑφ’
836 548 870 584 ἔν
899 551 958 583 sed
986 551 1139 583 divisim:
1182 552 1279 583 cuius

266 595 335 635 rei,
358 596 424 627 nisi
441 597 517 636 quis
536 597 638 628 etiam
662 595 698 634 ὅς
714 608 764 635 τις
787 594 810 642 ἥ
828 608 879 634 τις
905 599 1040 639 probet,
1069 608 1166 630 causa
1184 599 1280 630 reddi

268 652 333 674 non
352 647 475 683 potest.
498 660 540 667 —
561 644 754 676 Formarum
779 646 918 676 seorsim
936 646 1135 686 apponimus
1153 646 1279 685 geniti-

266 699 346 720 vum
360 693 395 721 et
408 690 559 722 dativum
571 691 751 731 singularis
769 690 786 725 ὅ
796 703 817 724 τ
827 703 843 725 0
854 703 873 725 υ
894 690 939 725 ὅτ
951 705 991 738 ῳ,
1013 693 1153 733 pluralis
1169 691 1277 726 ὅτων

266 733 399 774 ὅτοις.
446 738 528 769 Nam
563 735 672 771 ἅσσα
714 749 780 770 11011
814 744 992 781 comparet.
1034 741 1141 779 Igitur
1175 738 1277 773 ὅτου

264 785 490 816 masculinum
508 790 559 817 est
578 786 633 818 Tr.
654 783 734 818 251.
756 786 810 817 Ai.
832 784 887 818 33.
909 783 989 818 434.
1012 784 1090 818 523.
1120 787 1177 819 ΟΒ
1197 784 1274 819 117.

265 829 320 862 OC
341 828 442 863 1617.
471 832 554 864 Ant.
575 830 655 864 457.
684 834 773 874 quod
791 837 824 865 et
842 835 997 865 neutrius
1015 838 1127 875 potest
1143 835 1277 874 generis

266 887 351 910 esse.
387 879 478 910 Alet.
513 881 552 911 fr.
575 876 633 920 91,
654 877 688 911 2.
724 881 812 912 Item
842 881 1002 912 librorum
1032 883 1197 922 scriptura
1227 885 1278 913 est

263 924 319 957 OG
338 922 417 957 632.
439 927 498 958 ubi
515 936 606 958 nunc
624 937 667 959 ex
685 928 788 959 Suida
809 939 841 960 v,
863 925 1039 973 δορύξενος
1065 928 1178 960 editur
1195 927 1273 973 ὅτῳ,

265 973 331 1004 etsi
347 973 389 1004 ad
406 975 611 1006 sententiam
636 975 722 1006 nihil
739 976 852 1006 refert.
892 976 1066 1007 Feminino
1084 985 1206 1015 genere
1225 976 1277 1007 di-

265 1023 358 1051 ntum
376 1018 476 1053 ὅτου
505 1022 635 1052 nemini
653 1026 717 1054 est.
747 1022 867 1053 Neutro
885 1027 997 1054 autem
1015 1023 1071 1054 Tr.
1093 1020 1172 1055 671.
1194 1020 1273 1055 905.

263 1067 319 1099 Ai.
344 1063 397 1098 12.
419 1068 480 1099 Ph.
507 1065 587 1100 646.
610 1065 690 1100 751.
719 1068 776 1100 ΟΒ
792 1066 873 1101 492.
903 1066 981 1101 698.
1011 1067 1116 1110 932,
1154 1071 1277 1110 quibus

264 1114 551 1146 adverbiascentia
575 1116 742 1147 accedunt
775 1114 895 1157 ὅτου,
940 1111 1037 1150 ἀνθ’
1069 1115 1173 1150 ὅτου
1189 1144 1196 1158 ,
1234 1114 1277 1157 ἐξ

266 1158 384 1202 ὅτου,
426 1161 467 1195 de
494 1163 618 1203 quibus
647 1168 763 1204 postea
788 1164 930 1195 dicetur.
973 1162 1056 1209 ὅτῳ
1093 1166 1278 1196 masculino

264 1218 388 1249 genere
405 1209 529 1249 legitur
547 1210 600 1241 El.
623 1207 679 1242 33.
713 1207 812 1242 1348.
850 1212 905 1242 Α1.
931 1208 1032 1243 1010.
1056 1209 1156 1243 1038.
1186 1212 1274 1244 Phil.

266 1252 332 1287 139
351 1257 402 1288 ch.
438 1256 480 1288 de
505 1267 570 1298 quo
596 1258 665 1289 loco
690 1258 806 1290 Herm.
833 1259 1077 1299 consulendus,
1110 1255 1190 1291 938.
1221 1259 1278 1291 OR

263 1299 343 1335 982.
373 1300 475 1335 1335.
511 1304 567 1336 OG
594 1301 674 1336 631.
704 1302 784 1337 810.
815 1302 1075 1344 9451679111.
1106 1306 1186 1337 Ant.
1208 1303 1277 1338 370

264 1350 317 1382 011.
338 1347 406 1382 623
425 1351 477 1382 011.
506 1348 574 1383 873
592 1352 644 1383 ch.
674 1354 715 1384 fr.
749 1352 867 1384 Orcus.
889 1350 976 1394 323,
997 1350 1031 1384 2.
1060 1350 1148 1393 326,
1169 1350 1202 1384 2.
1232 1355 1272 1384 fr.

264 1398 331 1428 inc.
354 1394 434 1430 721.
474 1399 646 1431 Feminino
671 1408 795 1439 genere
820 1409 862 1431 ne
887 1401 947 1431 hoc
972 1401 1110 1441 quidem
1129 1401 1272 1440 legitur3

261 1446 412 1476 neutrius
429 1445 511 1477 haec
528 1450 625 1478 sunt:
646 1447 706 1478 Ph.
723 1443 803 1479 342.
825 1446 879 1479 OC
900 1444 1001 1479 1031.
1031 1448 1175 1478 Dativus
1192 1448 1277 1488 legi—

262 1492 366 1524 timus
385 1484 507 1538 ᾦτινι
529 1493 654 1533 legitur
671 1493 725 1526 OC
746 1491 834 1526 1673
851 1504 896 1525 m.
915 1491 1033 1538 [Dind.
1056 1505 1099 1526 ex
1117 1495 1277 1526 Badhami

262 1540 455 1572 coniectura
484 1538 620 1582 ὥτινε]
636 1566 644 1582 ,
678 1541 722 1572 ad
750 1551 852 1582 quem
876 1542 985 1573 locum
1009 1542 1071 1573 alia
1087 1542 1276 1573 Atticorum

261 1589 437 1628 poetarum
476 1589 631 1629 exempla
665 1588 842 1629 adscripsit
872 1589 990 1620 Elmsl.
1029 1606 1070 1612 —-
1106 1589 1277 1620 Genitivus

262 1634 403 1675 pluralis
421 1631 507 1667 ὅτων
525 1635 650 1675 legitur
670 1635 728 1667 OR
745 1632 826 1668 414.
857 1633 946 1673 ὅτοις
961 1637 1015 1668 Tr.
1040 1633 1140 1668 1119.
1171 1634 1277 1669 ὅτοισι

261 1681 344 1713 Ant.
368 1677 470 1714 1335.
515 1683 752 1714 Diverbiorum
770 1687 804 1714 et
829 1684 1035 1715 canticorum
1059 1693 1143 1716 usus
1168 1684 1205 1715 in
1224 1685 1275 1715 his

261 1729 378 1760 formis
391 1729 482 1761 nullo
500 1729 695 1762 discrimine
703 1730 913 1771 promiscuus
923 1733 986 1762 est.
1023 1728 1114 1774 (Hp.
1128 1727 1209 1770 381,
1222 1729 1275 1774 5.)

333 1775 377 1807 11.
429 1775 522 1809 Usu&
566 1776 581 1818 ΙΙ
616 1776 719 1809 Suam
752 1781 787 1809 et
819 1778 960 1818 primam
993 1778 1274 1818 significationem

263 1819 384 1860 ὅστις
410 1823 503 1855 illam
520 1825 637 1864 habet,
671 1827 710 1856 ut
727 1825 772 1856 sit
801 1822 887 1864 τὶς,
928 1823 992 1864 ὅς,
1034 1826 1176 1865 aliquis,
1205 1827 1271 1866 qui,

261 1870 351 1910 quod
367 1870 541 1902 inversum
559 1880 602 1902 ex
621 1873 695 1912 qui,
725 1872 846 1903 scilicet
862 1873 995 1913 aliquis.
1034 1873 1077 1904 V.
1096 1873 1212 1904 Herm.
1233 1872 1275 1903 ad

261 1916 360 1949 Hom.
381 1917 500 1956 hymn.
528 1918 615 1950 Ven.
646 1916 723 1951 158.
753 1919 835 1950 Eur.
864 1919 912 1950 ΙΑ
940 1916 1041 1952 1202.
1074 1921 1145 1951 Ion.
1170 1916 1272 1951 1028.

261 1963 320 1996 ΟΒ
338 1961 439 1997 1028.
468 1965 558 1997 Η1116
575 1975 675 2007 saepe
695 1975 761 1998 non
778 1967 889 1998 minus
906 1967 994 1998 bene
1010 1967 1046 1998 in
1060 1970 1174 1998 mente
1192 1967 1274 1998 sub-

261 2011 378 2043 audias
395 2013 423 2043 is
439 2015 473 2044 et
489 2013 566 2044 talis
578 2037 586 2053 ,
606 2016 645 2044 ut
662 2011 752 2050 ὅστις
770 2014 938 2053 significet
963 2025 980 2047 0
991 2011 1062 2047 ὖτο
1073 2025 1089 2050 ς
1116 2018 1151 2045 et
1174 2024 1194 2046 τ
1205 2025 1222 2047 0
1236 2025 1274 2046 ι-

262 2059 393 2096 οῦτος
427 2056 491 2101 ὅς;
526 2060 704 2101 aliquando
731 2061 812 2097 πᾶς
847 2061 1069 2101 intelligitur,
1102 2065 1142 2092 ut
1169 2063 1275 2092 omnis

262 2106 318 2146 qui
336 2115 363 2138 s.
385 2107 532 2147 quisquis
544 2130 552 2146 ,
587 2107 628 2139 de
652 2117 720 2139 uno
745 2108 882 2149 quidem
912 2112 948 2139 et
964 2111 1052 2140 certo
1069 2109 1203 2140 homine
1221 2109 1274 2139 di-

262 2155 354 2184 ctum
371 2153 537 2195 explices:
567 2163 811 2196 nonnunquam
835 2156 871 2186 in
890 2165 926 2186 se
946 2156 1097 2187 continet
1127 2152 1208 2195 τίς,
1237 2153 1275 2188 εἴ

260 2209 326 2237 τις
351 2202 482 2241 aliquis,
510 2202 538 2232 si
555 2201 685 2242 quidem
701 2202 840 2243 aliquis,
867 2200 907 2235 id
921 2206 971 2234 est
989 2204 1017 2234 si
1034 2204 1119 2244 quis.
1148 2203 1273 2243 Saepe-

261 2256 402 2279 numero
426 2251 540 2280 autem
564 2251 600 2280 et
623 2249 732 2290 prima
749 2253 784 2281 et
799 2249 903 2281 altera
925 2250 1008 2281 ratio
1025 2250 1152 2281 habent
1166 2274 1174 2289 ‚
1209 2259 1274 2290 quo

261 2303 299 2327 se
323 2295 578 2336 commendent,
610 2300 650 2327 ut
677 2299 819 2338 utraque
845 2298 1052 2337 pronominis
1081 2297 1274 2337 explicandi

260 2342 316 2374 via
331 2342 463 2382 ingredi
481 2343 602 2383 possis.
624 2359 728 2375 —-.—
756 2354 785 2375 a.
817 2342 831 2385 ΙΙ
855 2344 963 2383 Igitur
980 2347 1015 2376 et
1030 2344 1150 2384 aliquis
1167 2346 1224 2384 qui
1240 2347 1275 2376 et

260 2390 287 2420 is
312 2391 369 2430 qui
386 2390 458 2421 sive
482 2390 562 2421 talis
585 2392 641 2431 qui
663 2391 880 2431 interpretari
897 2392 979 2422 licet
1005 2391 1109 2422 haec:
1152 2389 1273 2428 *ὅστις

258 2432 323 2481 γὰρ
341 2433 379 2470 εὖ
403 2434 485 2482 δρᾶν
512 2434 550 2470 εὖ
567 2434 690 2470 παθὼν
718 2434 913 2477 ἐπίσταται,
941 2436 1067 2475 παντὸς
1092 2435 1212 2483 γένοιτ’
1232 2435 1272 2471 ἂν

257 2481 440 2540 χρήματος
462 2481 627 2529 κρείσσων
653 2481 753 2529 φίλος
781 2485 842 2516 Ρ11.
864 2481 943 2516 674.
976 2484 1068 2526 [secl.
1092 2482 1215 2529 Dind.]
1233 2483 1272 2518 οὐ

257 2531 321 2576 γάρ
338 2527 444 2564 ἄλλον
464 2525 534 2566 οἶδ’
552 2529 619 2576 ὅτῳ
638 2529 730 2577 λέγω
748 2529 828 2564 938.
856 2533 949 2563 Nam'
964 2536 999 2563 et
1014 2530 1089 2565 τινά
1106 2536 1141 2564 et
1156 2534 1273 2565 τοιοῦ-

257 2587 316 2611 τον
333 2578 526 2611 subaudias,

258 2621 388 2670 βλάψαι
405 2625 463 2657 OR
479 2623 547 2658 375

257 2669 344 2717 πρὸς
361 2669 442 2705 ὅτου
459 2670 503 2719 δὴ
523 2670 660 2717 βασάνῳ

555 2575 636 2623 μ’τ’
653 2576 728 2623 ἐμέ,
751 2575 829 2623 μήτ’
846 2576 971 2618 ἄλλον,
990 2577 1080 2616 ὅστις
1099 2583 1173 2625 φῶς
1191 2577 1267 2625 ὁρᾷ,

551 2650 559 2657 .
581 2589 641 2659 ὅτι
656 2623 746 2665 λέξω
763 2622 796 2658 δ’
814 2623 882 2659 ἀπο
906 2630 934 2659 ῶ
952 2623 1021 2658 485
1039 2627 1090 2658 ch.
1121 2623 1266 2670 ἔμαθον,

743 2670 815 2716 εἶμι
830 2669 875 2705 49
908 2674 960 2705 011.
990 2673 1202 2705 Commodius
1217 2674 1269 2705 vi-

203 2735 209 2741 ·
255 2718 357 2751 detur
381 2729 406 2751 π
429 2716 466 2758 ός
490 2730 582 2757 τινος
599 2718 640 2754 οὗ
658 2729 757 2761 quam
774 2718 861 2764 πρὸς
883 2717 1040 2754 τοιούτου
1054 2746 1061 2760 ,
1091 2731 1122 2751 ν.
1149 2721 1264 2752 Herm.

256 2758 332 2799 οὔτ’
357 2762 403 2799 ἄλ
427 2777 482 2808 ος,
510 2765 601 2804 ὅστις
625 2777 675 2800 σω
704 2769 815 2813 ρονεῖν
851 2765 1028 2800 ἐπίσταται
1053 2763 1134 2799 589.
1179 2764 1270 2799 ἀλλὰ

254 2807 356 2846 ταῦθ’
377 2810 444 2859 ὅτῳ
462 2811 546 2858 παρ’
563 2812 662 2848 οὐδέν
701 2824 764 2852 στι,
787 2810 892 2859 ῥᾷστα
906 2813 963 2847 τὸν
983 2811 1054 2858 βίον
1073 2812 1167 2859 φέρει
1184 2811 1264 2846 982.

255 2857 294 2893 οὐ
310 2857 376 2907 γὰρ
392 2858 479 2898 ἰ’δοις
497 2858 537 2894 ἂν
556 2858 672 2906 ἀθρῶν
701 2859 820 2906 βροτὸν
840 2859 928 2898 ὅστις
945 2858 985 2894 ἄν
997 2886 1004 2900 ,
1033 2859 1063 2893 εἰ
1081 2858 1160 2898 θεὸς
1177 2858 1265 2905 ἄγοι,

255 2908 374 2952 φυγεῖν
393 2905 528 2941 δύναιτο
546 2907 602 2940 OG
618 2905 688 2940 253
704 2918 749 2940 m.
786 2904 838 2941 ὅτι
855 2906 894 2941 οὐ
915 2902 1066 2948 ὃεξοίατ’,
1096 2905 1171 2941 οὐδ’
1200 2906 1267 2952 ὅτῳ

253 2951 360 2999 γάμοι
377 2952 532 2994 ξυνόντες
550 2952 739 3001 εὑρέθησαν
766 2953 896 2988 ἀνόσιοι
912 2953 1042 2988 τέκνων
1060 2952 1141 2986 945.
1178 2953 1268 2991 ὅστις

253 3002 315 3034 τοῦ
344 2999 490 3038 πλέονος
521 2999 646 3048 μέρους
674 2995 814 3048 χρῄζει,
851 3000 1054 3035 σκαιοσὺναν
1084 2999 1268 3047 φυλάσσων

253 3046 451 3093 κατάδηλος
469 3046 562 3082 ἔσται
581 3046 667 3081 1211
693 3050 744 3081 011.
787 3047 876 3086 ὅστις
893 3050 1004 3081 πᾶσαν
1030 3045 1183 3083 εὐθύνων
1202 3047 1269 3082 πό-

254 3091 375 3139 λινμὴ
399 3099 468 3128 τῶν
486 3092 800 3140 ἀρίστωνπᾶπτεται
817 3093 1086 3140 βουλευμάτωνξ
1107 3093 1268 3132 κάκιστος

255 3138 341 3174 εἶναι
359 3140 456 3175 δοκεῖ
472 3143 553 3174 Ant.
579 3139 656 3175 178.
691 3142 752 3176 καὶ
777 3136 902 3187 μείζον’
925 3140 1016 3179 ὅστις
1035 3140 1108 3175 ἀντὶ
1122 3145 1186 3188 τῆς
1204 3139 1269 3175 αὺ-

254 3189 316 3222 τοῦ
332 3187 462 3234 πάτρας
480 3186 578 3233 φίλον
593 3188 746 3233 νομίζει,
765 3191 886 3223 τοῦτον
904 3187 1058 3234 οὐδαμοῦ
1074 3187 1166 3235 λέγω
1188 3187 1265 3221 182.

256 3234 341 3267 Cum
367 3240 527 3276 sequatur
550 3238 691 3278 τοῦτον,
727 3237 903 3270 subaudiri
925 3246 992 3268 non
1017 3237 1098 3277 hoc,
1135 3236 1194 3268 sed
1211 3240 1270 3268 aut

254 3280 330 3315 τινά
347 3286 405 3314 aut
420 3281 575 3316 τοιοῦτόν
590 3294 666 3316 τινα
683 3284 852 3316 commode
870 3284 1004 3324 poterit.
1040 3281 1133 3320 ὅστις
1151 3279 1270 3319 εὔνους

255 3326 337 3374 τῇδε
359 3327 404 3376 τῇ
429 3326 547 3371 πόλει,
651 3328 782 3375 ὁμοίως
807 3327 843 3370 ἐξ
868 3328 956 3374 ἐμοῦ
979 3327 1163 3375 τιμ’σεται
1185 3327 1267 3362 209.

257 3373 394 3412 κούδεὶς
411 3373 518 3415 οἶδεν,
542 3373 576 3415 ἐξ
594 3375 673 3410 ὅτου
690 3374 793 3422 ’φάνη
810 3374 890 3409 457.
921 3375 1011 3414 ὅστις
1028 3389 1048 3422 γ
1075 3387 1092 3422 ρ
1111 3375 1168 3422 ζῇ,
1196 3380 1271 3414 πῶς

259 3415 308 3458 ὅδ’
325 3419 405 3473 οὐχὶ
428 3420 609 3458 κατθανὼν
634 3422 756 3473 κέρδος
780 3422 898 3471 φέρει,
926 3420 1008 3457 463.
1028 3421 1067 3457 οὐ
1084 3421 1148 3471 γὰρ
1166 3421 1272 3458 ἐκπέ-

1309 179 1369 187 ·-—
1390 148 1548 207 ‘'001’oe
2011 161 2060 208 [11
2068 155 2288 206 'peso-38!

1567 263 1641 316 μέγ’
1671 267 1760 307 ὅστις
1789 267 1912 307 δοῦλός
1938 267 2009 303 ἐστι
2028 272 2100 304 τῶν
2122 267 2231 308 πέλας
2246 266 2288 305 42

1318 313 1409 353 ὅστις
1428 312 1492 350 ἔστ’
1513 314 1600 364 ἀνὴρ
1617 315 1768 374 χρηστός
1783 343 1791 358 ,
1819 318 1976 363 φανεῖται
1998 313 2063 351 κάν
2080 314 2181 351 πόλει
2197 314 2288 351 δίκη

1316 362 1364 396 ὤν
1383 360 1463 396 661.
1492 361 1583 401 ὅστις
1609 363 1627 397 δ
1669 361 1820 409 ὑπερβὰς
1843 360 1875 442 ἶ
1892 362 2020 408 νόμους
2039 362 2189 409 βιάζεται
2266 376 2288 400 α

1316 407 1381 442 ἔστ’
1408 408 1546 468 ἐπαίνου
1570 413 1691 445 τοῦτον
1707 413 1827 467 τυχεῖν
1878 407 1934 444 63.
1976 409 2068 449 ὅστις
2091 409 2156 459 γὰρ
2178 409 2288 450 αὐτὸς,

1314 455 2288 555 ῗὲἕέῗέτὶἒοέξίρῖἰξεἓιὲεέαοέἆῖζιξ’ὲὲὅῖᾝῆδὲῗέᾞὲ

1379 549 1540 596 σέλμασιν
1558 550 1772 586 ναυτίλλεται
1790 549 1870 584 715.
1897 550 2024 597 κράτος
2041 549 2088 592 δ’,
2118 551 2186 598 ὅτῳ
2203 550 2288 600 κράτ

1316 596 1432 643 μέλει,
1461 598 1659 644 παραβατὸν
1685 597 1823 646 οὐδαμῇ
1847 596 1944 632 πέλει
1968 596 2037 632 873
2052 600 2108 632 011.
2150 598 2248 645 μέλει

1313 643 1420 678 τῶνδ’
1439 645 1544 679 ὅτοισι
1560 646 1629 693 χρὴ
1650 645 1764 689 μέλειν
1785 643 1887 679 1335.
1915 644 2021 692 λόγου
2040 640 2075 680 δ’
2092 643 2132 680 οὐ
2148 646 2218 693 χρὴ
2237 611 2288 728 ἒξ

1313 703 1371 726 νον
1399 696 1595 739 προσεῖναι,
1627 692 1716 731 Ζεὺς
1744 692 1823 727 ὅτου
1854 691 2018 750 πρρίκτωρ
2048 693 2139 742 φανῇ
2167 696 2222 727 Τι’.

1305 732 1438 785 ’Έρωτι
1467 739 1557 778 ὅστις
1586 739 1840 780 ἀντανίσταται,
1878 751 1918 774 ου
1946 738 2064 778 καλῶς
2095 743 2216 786 φρονεῖ
2243 738 2288 776 44

1315 787 1398 834 πρὸς
1415 792 1482 821 τῶν
1509 787 1679 822 πνεόντων
1707 786 1854 833 μηδενὸς
1872 785 1988 821 θανεῖν
2013 784 2101 828 ὕπο,
2128 782 2212 822 ἀλλ’
2238 787 2288 823 ὅσι’

1305 828 1426 869 Ἅιδου
1456 833 1609 881 οίκ’τωρ
1635 833 1735 869 πέλοι
1760 832 1862 867 1161.
1900 833 2032 882 φράζου
2061 833 2150 881 χῶτι
2180 833 2288 882 μυθήε

1313 880 1404 928 τάχα
1421 883 1476 914 Ai.
1500 880 1516 913 1
1545 880 1601 914 41.
1631 884 1776 914 alicuius
1799 885 1847 914 rei
1871 882 2026 914 celeriter
2042 882 2131 915 dicto
2148 884 2288 916 absolve:

1314 930 1374 961 dae
1389 954 1396 966 ,
1423 930 1477 961 vel
1495 932 1565 961 eius
1582 932 1648 967 rei,
1678 939 1777 971 quam
1795 930 1861 961 cito
1875 930 2030 962 conficias
2055 930 2208 964 dicendo.
2237 928 2288 965 80⁴1

1315 970 1361 1016 σ’,
1389 969 1570 1017 Ὀδυσσεῦ,
1609 977 1657 1022 μὴ
1682 975 1775 1022 λέγει
1791 976 1913 1024 γνώμῃ
1939 974 2044 1023 σοφὸν
2067 978 2189 1023 φῦναι,
2211 981 2288 1024 μῶρ

1315 1017 1389 1056 ἐστ’
1407 1021 1493 1070 ἀνήρ
1515 1021 1616 1056 1374.
1645 1029 1719 1061 πῶς
1736 1021 1800 1070 γὰρ
1815 1021 1892 1068 ἥτις
1909 1021 2050 1103 eri-forr?
2066 1022 2152 1069 γυνὴ
2171 1022 2209 1058 οὐ
2229 1019 2288 1071 ὄρς’

1312 1064 1391 1103 τάδ’
1416 1068 1456 1104 ἄν
1482 1072 1537 1103 El.
1566 1068 1647 1104 257.
1682 1070 1770 1117 ἀνὴρ
1794 1068 1858 1116 γὰρ
1881 1068 1972 1108 ὅστις
1995 1067 2019 1114 ἥ
2044 1081 2116 1104 εται
2133 1069 2243 1118 λέγων
2258 1069 2288 1106 ἀ

1312 1115 1461 1162 λέληθεν
1488 1116 1590 1151 αὺτὸν
1615 1117 1662 1151 ὢν
1688 1117 1793 1164 βαρύς
1810 1120 1851 1150 fr.
1877 1118 1969 1150 Alet.
1990 1113 2049 1158 90,
2071 1116 2102 1150 1.
2137 1116 2227 1156 ὅστις
2245 1117 2288 1166 βρ

1313 1169 1380 1197 τῶν
1399 1163 1516 1209 μεῖζον
1535 1163 1724 1211 προσάπτει
1739 1169 1802 1211 τῆς
1819 1163 1922 1198 νόσου
1939 1164 1978 1199 τὸ
2036 1162 2044 1175 ’
2067 1176 2189 1211 μακον,
2212 1164 2288 1213 ίατγί

1314 1210 1402 1244 ἐστιν
1429 1210 1493 1245 οὐκ
1518 1211 1718 1271 ἐπιστήμων
1746 1216 1864 1246 κακῶν
1892 1213 1970 1244 Ter.
1989 1175 2076 1253 gff,
2098 1209 2132 1245 3.
2173 1211 2288 1251 ὅστιςι

1312 1256 1475 1304 τύραννον
1493 1257 1721 1305 ἐμπορευεται
1732 1286 1739 1299 ,
1759 1257 1874 1292 κείνου
1891 1254 1955 1292 ’στι
1971 1257 2095 1298 δοῦλος
2111 1261 2179 1292 inc.
2196 1258 2283 1302 711‚÷

1313 1307 1364 1338 De
1381 1307 1446 1338 inc.
1467 1304 1554 1345 721,
1577 1306 1644 1353 ὅτῳ
1664 1305 1791 1353 ἔρωτος
1813 1305 1930 1352 δῆγμα
1946 1305 2108 1340 παιδικοῦ
2132 1306 2288 1354 προσῇιι(

1313 1354 1393 1385 satis
1411 1354 1554 1386 iudicari
1571 1358 1692 1396 potest.
1716 1372 1820 1386 -.-
1840 1356 1871 1386 b.
1901 1353 1916 1396 Η
1941 1353 2008 1386 Sed
2024 1355 2124 1387 unice
2141 1355 2260 1387 multis
2275 1354 2288 1387 1

1314 1401 1359 1432 cis
1379 1402 1537 1433 convenit
1564 1404 1590 1434 is
1609 1404 1665 1443 (11ιὶ
1683 1406 1716 1433 et
1733 1403 1811 1434 talis
1828 1402 1894 1442 qui.
1930 1399 2037 1434 τόπον
2054 1399 2230 1447 προσιδεῖν
2246 1398 2288 1439 ss

1313 1444 1382 1484 λεις
1401 1446 1513 1481 ὅντινα
1530 1451 1642 1482 κεῖται
1659 1449 1718 1480 Ρ11.
1743 1446 1809 1481 145
1829 1458 1883 1479 an.
1918 1449 2016 1489 quale
2041 1458 2150 1490 genus
2169 1458 2250 1481 cave
2264 1455 2288 1492 j

1314 1496 1512 1535 quaestione
1531 1497 1673 1528 relative
1692 1497 1868 1528 enuntiata
1893 1496 2062 1536 accipere:
2091 1496 2126 1527 id
2151 1499 2288 1537 nunqu}>

1313 1542 1413 1574 debet
1446 1543 1538 1583 fleri,
1576 1545 1643 1575 nisi
1676 1544 1734 1575 ubi
1761 1543 2060 1575 demonstrativum
2093 1542 2288 1587 subaudienj

1313 1598 1452 1621 sensum
1479 1594 1620 1622 evertas.
1657 1589 1695 1624 τὸ
1715 1589 1773 1624 σὸν
1798 1587 1928 1635 φράσον
1946 1584 2086 1648 ι11Ξρᾶ.γμ’,
2114 1588 2183 1635 ὅτῳ
2202 1583 2231 1622 (τ’
2245 1587 2288 1625 &d

1313 1635 1428 1681 βρισαν
1447 1634 1526 1668 342.
1556 1635 1671 1682 λαβὼν
1690 1635 1770 1671 ὅτου
1791 1648 1826 1670 σε
1843 1634 1944 1683 χρεία
1960 1648 2034 1684 εχει
2047 1634 2128 1670 646.
2155 1635 2249 1671 κεῖνό
2266 1643 2288 1682 μ

1313 1681 1423 1723 ἐξιδοῦ
1443 1682 1493 1717 ὅτι
1509 1683 1644 1731 πράξεις
1662 1682 1728 1717 851
1748 1686 1800 1716 ch.
1820 1685 1855 1716 id
1873 1687 1925 1716 est
1940 1687 2036 1718 κεῖνο
2053 1685 2229 1726 τοιοῦτον,
2258 1689 2288 1729 ql

1312 1740 1434 1771 genere
1451 1733 1682 1773 exemplorum
1697 1733 1825 1764 ratione
1839 1733 1958 1774 patefit
1974 1732 2179 1774 pronominis
2195 1731 2237 1764 aa
2252 1740 2288 1765 re

1312 1783 1577 1819 consequentem
1594 1779 1751 1811 alicunde
1769 1779 2025 1819 significandam
2041 1776 2288 1820 accommodnnd

1316 1826 1432 1868 [Dind.
1452 1827 1582 1868 recepit
1605 1827 1748 1865 glossam
1767 1836 1854 1867 quae
1871 1830 1923 1858 est
1940 1827 1976 1858 in
1995 1826 2055 1858 LA
2071 1823 2194 1868 ὅπως].
2234 1823 2288 1871 δας

1312 1872 1375 1918 γὰρ
1391 1870 1434 1917 ἦν
1454 1871 1585 1906 ἐκεῖνον
1606 1872 1624 1907 ὁ
1641 1873 1793 1913 κτανών,
1814 1871 1898 1918 τάχ’
1916 1869 1957 1906 ἂν
1973 1871 2066 1918 κάμὲ
2080 1884 2171 1918 τιμω
2211 1874 2245 1907 ῖν
2259 1868 2288 1910 ¹8

1311 1918 1366 1953 λοι
1380 1920 1439 1951 OR
1460 1917 1537 1952 139.
1566 1919 1694 1961 εἰπεῖν,
1723 1919 1813 1958 ὅστις
1839 1918 2012 1966 εἴργασταί
2036 1930 2119 1953 ποτε
2141 1883 2222 1952 219.
2254 1915 2288 1959 ἦ

1313 1968 1379 2011 μοῦ
1403 1964 1442 1999 δι’
1461 1965 1589 2013 ὀργῆς,
1617 1965 1694 2012 ἥτις
1712 1965 1906 2013 ἀγριωτάτη
1931 1964 2012 1999 344.
2041 1968 2064 1999 1.
2087 1975 2117 1999 6.
2144 1964 2240 2000 τοιαύ

1312 2011 1385 2054 οἵα,
1407 2015 1460 2045 vel
1479 2015 1616 2046 brevius
1634 2012 1860 2060 ἀγριωτάτης.
1889 2011 2034 2055 δίδαξον,
2055 2012 2136 2047 ὅτου
2150 2011 2236 2047 ποτὲ

1310 2072 1359 2094 νιν
1378 2060 1523 2106 τοσήνδε
1541 2060 1741 2108 πράγματος
1759 2061 1886 2107 στήσας
1912 2059 2003 2109 ἔχεις
2021 2058 2106 2102 698,
2134 2061 2224 2102 quod
2245 2065 2288 2104 eq

1310 2109 1506 2140 attractione
1527 2110 1672 2141 nominis
1689 2110 1837 2140 dictum:
1866 2110 2014 2150 oportuit
2038 2109 2130 2140 enim
2154 2105 2269 2142 ἐκεῖνο

1310 2157 1470 2201 πρᾶγμα,
1508 2154 1600 2189 ὅτου.
1646 2155 1729 2202 πρὸς
1754 2154 1876 2193 παιδὸς
1902 2153 2040 2196 θανεῖν,
2076 2153 2166 2192 ὅστις
2195 2112 2288 2201 five}

1311 2200 1397 2247 ἐμοῦ
1414 2212 1451 2235 τε
1467 2200 1628 2236 κάκείνου
1647 2201 1742 2247 πάρα
1757 2200 1838 2235 714.
1875 2204 1929 2236 Sic
1946 2203 2096 2244 loquitur
2111 2206 2206 2234 vates
2221 2202 2288 2288 Ἣ

1310 2251 1368 2290 (1111
1385 2250 1522 2281 videbat
1538 2260 1662 2291 cupere
1682 2251 1802 2281 Laium
1820 2254 1858 2282 ut
1874 2251 2001 2291 prolem
2018 2251 2187 2290 gigneret:
2215 2255 2240 2280 ιι

1310 2297 1381 2337 fore
1398 2298 1525 2338 filium,
1562 2299 1589 2328 si
1613 2298 1716 2337 foret,
1751 2298 1883 2338 inquit,
1920 2306 2057 2337 eumque
2083 2295 2247 2336 intes-fec

1309 2344 1490 2384 aliquando
1504 2346 1623 2384 patris.
1655 2343 1690 2375 Si
1708 2345 1877 2375 incertum
1894 2345 2035 2384 fuisset,
2060 2353 2080 2375 a
2097 2352 2162 2384 quo
2179 2343 2246 2375 filio
2284 2359 2287 2366 =

1310 2392 1414 2422 Laius
1447 2395 1487 2422 ut
1519 2391 1728 2423 occideretur
1761 2393 1915 2423 futurum
1937 2394 2047 2430 esset,
2083 2387 2204 2427 παιδός
2230 2391 2270 2423 τι

1309 2438 1484 2470 subaudiri
1513 2439 1650 2470 liceret:
1692 2446 1783 2469 nunc
1810 2438 2071 2478 intelligendum
2087 2433 2150 2470 ὑπ’
2173 2433 2263 2470 ἐκείν
2283 2438 2286 2442 ’

1308 2482 1341 2517 εἴ
1358 2496 1407 2522 τις
1424 2483 1554 2530 γένοιτο
1574 2483 1676 2521 ὅλως.
1803 2479 1811 2492 '
2276 2497 2278 2500 ·

1310 2535 1462 2576 σημῆναι
1484 2529 1596 2565 θέλων
1616 2529 1695 2564 932.
1749 2529 1804 2564 33.
1840 2531 1928 2578 ’χῶτι
1954 2542 2006 2564 σοι
2030 2528 2142 2577 λέγειν
2166 2526 2263 2563 effluat

1308 2577 1416 2619 ἐστιν,
1455 2576 1572 2612 ἔννεπε
1603 2579 1658 2611 OG
1688 2576 1744 2611 31.
1787 2573 1866 2612 ὅταν
1896 2575 1931 2611 δ’
1960 2576 1979 2611 ὁ
2004 2576 2121 2623 κύριος
2147 2574 2242 2625 παρῇ
2273 2603 2278 2614 .,

1309 2622 1404 2670 ὑμῶν
1439 2624 1529 2663 ὅστις
1563 2624 1651 2659 ἐστὶν
1684 2623 1823 2670 ἡγεμών
1853 2622 1935 2658 289.
1979 2626 2034 2657 ille
2066 2624 2216 2665 quidem,
2234 2630 2235 2633 ’
2257 2638 2261 2648 1

1305 2672 1391 2719 γῶτι
1409 2672 1462 2706 δεῖ
1478 2671 1669 2715 πρόστασσε
1696 2671 1776 2718 δρᾶν
1794 2670 1875 2704 494.
1912 2672 2000 2719 χῶτι
2024 2670 2095 2719 χρὴ
2113 2673 2224 2705 ποιεῖν
2262 2673 2284 2712 ,ᾖ

1308 2714 1409 2752 1517.
1445 2716 1514 2753 οὔτ’
1538 2718 1628 2753 εἶδον
1655 2718 1744 2756 ὅστις
1769 2717 1813 2763 ἦν
1841 2717 1859 2752 ὁ
1885 2718 1975 2762 δρῶν
1993 2720 2075 2751 Ant.
2096 2715 2178 2750 239.
2221 2714 2273 2762 πά,

1305 2765 1368 2812 γὰρ
1387 2765 1450 2800 οὐκ
1476 2761 1567 2806 ἔσθ’,
1595 2764 1672 2811 ἥτις
1697 2765 1819 2811 ἀνδρός
1844 2764 1922 2800 ἐσθ’
1948 2764 2024 2803 ἑνός
2049 2762 2130 2798 737.
2166 2761 2281 2797 εἷπε.

1303 2812 1431 2860 λέχους
1450 2812 1500 2846 ὅτι
1516 2812 1616 2859 χρείη
1635 2808 1676 2858 μ’
1694 2811 1834 2847 ἑλέσθαι
1851 2816 1970 2859 κτῆσιν
1989 2814 2045 2845 Τι’.
2064 2809 2127 2844 161
2147 2822 2179 2843 v,
2200 2811 2253 2846 Hx

1306 2858 1344 2894 οὐ
1361 2854 1428 2915 γὰρ
1445 2854 1579 2906 γυναὶκὶ
1603 2859 1682 2898 τοὺς
1700 2858 1823 2904 λόγους
1841 2858 1932 2905 ἐρεῖς
1955 2858 2063 2905 κακῇ,
2085 2856 2164 2948 οἷδ’
2187 2855 2238 2938 ἥδ
2252 2866 2271 2890 -e

2115 2915 2178 2942 τις.

1303 2906 1441 2941 κάτοιοε
1458 2906 1671 2952 τάνθρώπων
1690 2905 1770 2940 439.
1801 2909 1823 2939 i.
1843 2918 1872 2939 6.
1901 2904 2062 2954 τοιαύτῃ,

1306 2953 1474 2998 ὀνόματος
1491 2953 1523 2987 τί
1548 2953 1600 2987 δεῖ
1615 2953 1749 2999 τρέφειν
1769 2953 1928 2999 μητρῷον
1941 2979 1949 2995 ,
1977 2951 2053 2998 ἥτις
2072 2950 2180 2998 μηδὲν
2198 2950 2245 2989 ὡς
2268 2988 2272 3002 ,Δ

1303 3003 1414 3034 κοῦσα
1432 3000 1509 3046 δρᾷ;
1551 2999 1631 3034 818.
1673 2996 1746 3034 εἴθ’
1777 2999 1971 3045 ἀνεμόεσσά
1992 3010 2042 3037 τις
2067 2997 2199 3046 γένοιτο
2221 3016 2225 3025 ι

1304 3046 1379 3092 ἥτις
1406 3042 1447 3092 μ’
1475 3046 1683 3082 ἀποικίσειεν
1714 3047 1753 3081 ἐκ
1780 3047 1896 3082 τόπων
1914 3044 1982 3080 955
2000 3048 2053 3079 ch.
2085 3043 2226 3125 “1⁰31ng
2259 3048 2265 3052 ⁰

1304 3093 1411 3140 ἄνδρα
1427 3088 1565 3141 χρήζειν
1584 3093 1678 3139 βίου,
1701 3097 1855 3128 κακοῖσιν
1878 3093 1967 3132 ὅστις
1987 3092 2095 3138 μηδὲν
2114 3090 2149 3132 ἐξ

1304 3153 1359 3174 ται
1385 3143 1440 3174 Ai.
1466 3126 1547 3174 474.
1589 3143 1661 3174 Non
1687 3146 1796 3183 potest
1820 3140 1896 3174 τινά
1918 3141 2110 3179 subaudiri,
2143 3149 2252 3172 cumv

1304 3190 1417 3230 ipsum
1442 3190 1526 3221 Aiax
1555 3193 1668 3221 mente
1687 3190 1861 3230 respiciat,
1891 3189 1950 3220 sed
1964 3185 2116 3226 τοιόνδε,
2145 3183 2218 3222 οἶος
2255 3212 2277 3226 μ,

1306 3234 1370 3269 οὐκ
1393 3232 1433 3268 ἂν
1459 3233 1582 3281 πριαίμ
1607 3247 1625 3268 ν
1720 3234 1862 3280 βροτόν,
1893 3233 1983 3272 ὅστις
2013 3235 2164 3267 κεναῖσιν
2187 3229 2228 3266 ὲλ
2260 3239 2262 3257 :

1306 3279 1526 3328 θερμαίνεται
1550 3280 1593 3314 47
1624 3307 1630 3313 .
1675 3281 1760 3328 πρὸς
1786 3281 1837 3315 ὅτι
1863 3280 1901 3315 σὺ
1918 3286 1988 3315 τῶν
2007 3279 2102 3314 ἔνδον
2129 3276 2160 3312 εἷ
2175 3288 2241 3324 περ
2258 3296 2273 3326 χ

1307 3330 1362 3361 El.
1386 3326 1452 3362 155
1470 3331 1523 3361 ch.
1560 3327 1624 3363 οὐκ
1653 3323 1752 3373 οἷσθ’
1787 3327 1854 3373 ὅτῳ
1886 3322 1927 3372 μ’
1957 3326 2090 3364 ἔδωκας
2119 3323 2169 3362 είς
2196 3332 2253 3373 χῑῇ

1306 3386 1410 3416 ποτε;
1443 3373 1545 3408 1348.
1576 3386 1620 3407 sc.
1650 3378 1781 3409 τοῦτον.
1824 3373 1914 3408 κούκ
1946 3371 2015 3408 οἶδ’
2049 3372 2099 3407 ὅτι
2130 3371 2200 3454 χὶρὴ
2271 3418 2274 3422 „

1306 3424 1413 3456 ταῦτα
1429 3420 1539 3470 λέγειν
1556 3424 1597 3455 fr.
1619 3423 1737 3456 Alead.
1763 3420 1840 3463 105,
1864 3419 1894 3455 1.
1932 3420 2021 3459 ὅστις
2045 3418 2083 3454 δὲ
2106 3419 2145 3455 τό
2171 3429 2222 3468 μη
2255 3435 2272 3465 *4
