2288 3600
16 187 18 189 ,
31 115 283 186 &eoa-3⁵⁵4

9 290 65 338 {⁹2⁴
93 306 121 333 ις
137 292 340 340 ἀτυζομένα,
361 290 442 332 Διὸς
461 291 604 340 ἅγγελος
622 294 674 326 ΕΙ.
694 291 760 325 149
769 303 813 326 m.
842 291 902 327 οἷοί
917 291 979 327 τιν’

65 353 84 376 ν
115 339 206 389 ὄρνιν
238 342 296 374 Tr.
333 338 400 374 105
424 341 477 373 ch.
513 345 547 373 et
571 338 711 386 οἰκτρᾶς
735 339 816 387 γόον
841 338 978 387 ὄρνιθος

45 367 46 370 ,
52 359 58 369 Ι

43 390 95 427 ῦς
119 389 176 422 ΑΙ.
197 385 266 421 629
284 389 335 420 ch.
359 405 400 412 —
426 386 555 433 πτηνὸν
578 384 670 434 ὄρνιν
697 387 760 420 Ρ1ι.
788 385 869 420 955.
921 385 979 433 ὄρ-

19 454 33 460 νι
67 434 127 469 καὶ
150 434 289 481 κήρυκα
306 433 366 468 καὶ
383 433 540 468 διάκονον
558 436 598 467 fr.
626 435 754 466 Anten.
774 431 851 467 141.
881 437 979 476 aqui-

14 506 42 520 ,.
85 479 223 528 ὄρνιθος
238 479 329 528 ἦλθ’
353 479 467 515 ἐπώνυ
497 493 535 519 ος
558 479 719 527 πέρδικος
744 482 870 514 Camic.
895 478 974 522 300,

3 526 177 574 ἓθήλειαν
194 527 287 574 ὄρνιν
304 530 444 561 Oenom.
490 526 545 570 24,
566 525 601 568 2,
617 529 793 569 ραιῑὶπανη,
813 538 904 560 more
921 530 979 560 in-

2 577 81 620 ’ῥιιίε
97 577 212 608 Attico
237 577 285 608 ita
309 577 444 609 dictam.
493 573 544 613 τίς
568 573 658 621 ὄρνις
676 573 776 613 οὖτος
797 588 863 617 -;
895 576 976 615 Tyr.

4 624 25 662 „53
94 619 181 656 ὅπου
206 621 257 661 τίς
289 620 382 669 ὄρνις
410 620 489 668 οὐχὶ
517 620 700 668 κλαγγάνει
726 623 792 654 inc.
824 619 905 657 782.
941 619 975 654 4.

58 667 155 717 βόας
180 667 271 716 ὄρνις
289 671 354 703 inc.
376 667 457 710 900,
478 667 497 703 ὁ
513 667 713 714 ἀλεκτρυών
730 679 796 702 sec.
824 671 919 701 Eust.
940 680 974 711 p.

13 720 22 737 ¹⁷
40 716 67 757 ’,
85 714 143 749 44.
167 733 208 740 —-
223 718 313 758 plur.
341 714 443 762 ἡλίου
470 714 572 754 σέλας
597 714 670 761 ἑῷα
690 718 779 750 κινεῖ
802 711 980 763 φθέγματ’

4 784 10 796 =.
35 759 107 798 θων
126 774 169 796 σα
195 766 219 808 ῆ
240 765 292 796 El.
316 761 371 798 18.
423 761 531 810 ὄρνισι
547 762 660 843 φορῗὴ
678 761 858 810 παραλίοις
874 761 978 809 γενή-

1 814 55 847 (ιι
83 811 139 843 Ai.
195 807 275 843 065.
341 809 544 857 κουφονόων
570 813 616 867 ‹fif›
641 821 678 843 ον
712 808 859 857 ὀρνίθων
891 812 974 842 Ant.

6 858 22 885 r*
61 858 114 890 ch.
153 876 196 882 —-—
230 858 244 899 ΙΙ
261 867 368 890 oscen.
404 856 436 890 τί
461 855 542 902 δῆτ’
574 868 614 891 αν
648 856 813 891 σκοποῖτό
841 868 893 895 τις

8 928 10 931 >
55 901 129 939 ἅνω
155 902 345 943 κλάζοντας
373 902 463 950 ὄρνις
489 905 547 936 OR
571 901 653 937 966.
705 896 835 950 ἀγνῶτ’
858 902 976 938 ἀκούω

0 947 112 998 Ιόγγον
137 949 285 997 ὀρνίθων
309 953 391 984 Ant.
427 949 528 984 1001.
580 949 659 985 οὐδ’
686 949 777 997 ὄρνις
802 949 976 996 εὐσήμους

0 995 185 1045 ὴρροιβδεῖ
197 996 281 1043 βοάς
297 996 448 1031 1021.--
466 998 481 1040 11
497 1008 594 1031 omen
606 999 814 1040 auspicando
827 1002 972 1039 captum,

0 1040 42 1083 βο
73 1047 232 1078 universe
265 1047 417 1086 fortuna.
470 1043 580 1092 ὄρνιθι
617 1043 681 1092 γὰρ
713 1043 773 1078 καὶ
804 1044 868 1091 τὴν
900 1040 978 1078 τότ’

0 1089 60 1137 ’βίῳ
82 1090 192 1139 τύχην
216 1090 387 1139 παρέσχες
419 1090 506 1137 ἡμῖν
531 1093 590 1125 OR
611 1090 669 1126 52.
718 1102 914 1134 prosperam
939 1094 974 1124 in

0 1139 149 1179 enigmate
188 1139 350 1181 Sphingis
394 1140 600 1172 coniiciendo
640 1139 814 1180 fortunam
854 1141 974 1181 Oedipi

0 1181 54 1221 ἰὴ.
75 1205 121 1210 -
136 1186 151 1229 ΙΙ
168 1187 381 1219 observanda
405 1188 569 1218 sermonis
593 1187 798 1219 abumlantia
822 1188 857 1218 in
883 1184 974 1231 ὄρνις

0 1229 78 1280 βῶν
96 1235 150 1265 Ai.
171 1230 253 1265 629.
305 1231 396 1279 ὄρνις
412 1231 529 1278 πέρδιξ
547 1234 670 1266 Gamic.
693 1235 733 1266 fr.
755 1230 836 1274 300,
859 1231 899 1274 13
931 1234 973 1265 de

0 1282 75 1324 inv.
105 1281 231 1320 Musgr.
261 1281 303 1312 ad
319 1282 400 1313 Eur.
422 1281 540 1312 Bacch.
573 1278 673 1313 1027.
705 1277 806 1313 1364.
842 1281 969 1314 lat-obs.

0 1321 173 1360 &Philostn
194 1337 228 1368 p.
249 1325 330 1360 498.
352 1345 394 1352 —
428 1327 444 1370 ΙΙ
459 1329 511 1360 De
537 1328 641 1360 forma
666 1328 819 1359 vocabuli
852 1332 971 1359 notan-

0 1382 41 1418 ιφ
70 1384 137 1406 non
165 1375 263 1406 aliam
295 1376 363 1406 nisi
392 1376 539 1407 Atticam
571 1375 751 1407 accusativi
785 1375 971 1406 finitionem

0 1418 100 1454 bulis
116 1419 206 1467 ὄρνις
223 1422 302 1462 legi,
322 1422 380 1454 ΟΒ
397 1418 475 1463 966,
497 1432 584 1463 quae
601 1423 704 1454 etiam
722 1431 775 1462 ap.
795 1422 967 1462 Aristoph.

0 1467 87 1509 knut,
108 1472 148 1500 ut
163 1469 315 1501 Ionicum
331 1469 399 1501 dici
413 1473 447 1501 et
464 1478 541 1500 cum
557 1469 757 1502 accusativis
779 1467 840 1506 τὰς
857 1466 956 1506 πόλις

0 1510 22 1552 k
52 1512 131 1561 ὄφις
155 1516 312 1548 contendi
336 1516 398 1548 hoc
428 1517 566 1556 quidem
589 1518 625 1547 in
649 1517 806 1548 vocabulo
828 1517 971 1548 inclina-

0 1559 114 1597 hatum
137 1572 204 1594 non
230 1563 356 1604 possit,
389 1564 484 1594 velut
514 1564 651 1595 Bastius
683 1563 764 1595 fecit
794 1563 836 1594 ad
868 1564 968 1603 Greg.

0 1611 37 1643 br.
57 1619 91 1651 p.
112 1606 192 1642 476.
237 1607 366 1654 [contra
378 1620 479 1651 quem
497 1610 683 1651 disputavit
710 1611 789 1642 Lob.
819 1610 915 1642 Path.
935 1607 967 1651 2,

0 1652 29 1699 ὖ
53 1665 87 1689 n.
116 1653 169 1700 3.]
217 1657 405 1696 Aeschylus
439 1661 552 1688 autem
578 1654 714 1703 ὄρνιθας
748 1658 852 1688 semel
885 1658 974 1689 dixit

7 1706 11 1708 ’
44 1729 52 1736 .
71 1699 146 1744 26.,
168 1701 259 1748 ὄρνις
277 1713 462 1745 nunquam.
505 1702 707 1748 [Singularis
724 1714 833 1736 accus.
855 1701 975 1750 ὄρνιθα

0 1788 2 1790 ‚
40 1754 55 1782 t
71 1751 113 1782 fr.
142 1751 270 1782 Anten.
303 1748 381 1791 141,
408 1761 474 1792 quo
499 1752 568 1783 loco
587 1761 668 1782 usus
694 1755 788 1782 notat
814 1752 892 1792 poni
920 1749 976 1784 ἐπὶ

0 1798 83 1836 {teos
108 1795 289 1842 ἀρσενικοῦ
315 1796 354 1831 οὐ
381 1797 486 1843 μόνον
519 1795 621 1844 ὄρνιν,
657 1795 747 1831 ἀλλὰ
778 1796 838 1831 καὶ
854 1795 976 1844 ὄρνιθα

0 1842 86 1885 shen.
106 1841 140 1876 9.
161 1854 195 1885 p.
217 1841 285 1877 373
303 1843 364 1889 D.]
392 1863 432 1869 —
468 1849 481 1876 ῐ
505 1855 643 1876 casuum
668 1846 911 1884 trisyllaborum
941 1849 976 1877 et

0 1891 142 1926 husativi
167 1892 307 1933 pluralis
332 1893 492 1924 contracti
518 1893 707 1924 necessario
738 1892 878 1932 produci
901 1902 974 1924 cer-

0 1939 35 1977 ῇι
59 1942 128 1979 est3
159 1940 195 1970 in
213 1939 419 1971 nominativo
435 1942 471 1970 et
487 1940 674 1971 accusativo
698 1940 861 1978 singulari
886 1939 975 1980 apud

0 1983 222 2027 Hstophanem
241 1989 358 2025 regnat
382 1986 554 2028 productio
570 1984 620 2029 (v.
641 1986 776 2018 Porson.
792 1987 832 2018 ad
845 1987 971 2018 llecub.

0 2025 75 2076 Π..)
127 2034 194 2073 Ap.
216 2033 350 2064 Homer.
371 2043 447 2065 cum
464 2034 652 2065 communis
674 2034 719 2064 sit
745 2034 885 2073 vocalis,
908 2043 974 2065 non

0 2080 222 2111 &mirandum
248 2081 322 2111 eius
346 2081 448 2112 moris
473 2081 660 2112 retinentes
687 2080 792 2111 videri
818 2082 971 2119 tragicos.

0 2116 63 2168 ipit.
84 2130 173 2158 certe
191 2127 311 2167 corripi
330 2128 425 2159 iubet
442 2132 513 2167 ter,
542 2128 594 2159 El.
625 2124 703 2158 149.
755 2128 837 2159 Ant.
870 2124 971 2159 1021.

0 2172 40 2215 μ’.
69 2173 110 2204 fr.
131 2170 211 2206 578.
257 2174 440 2215 Euripides
458 2175 573 2215 semel,
596 2174 721 2213 Polyid.
745 2175 771 2206 1.
792 2171 825 2206 4.
872 2175 974 2206 Cete-

0 2220 103 2254 ilocis
120 2224 179 2252 aut
195 2221 369 2261 ambiguas
387 2230 547 2253 versuum
572 2222 669 2253 sedes
693 2222 887 2262 occupavit,
916 2225 976 2253 aut

73 2268 178 2299 itione
204 2268 400 2299 collocatum
423 2271 494 2308 est;
522 2269 563 2300 de
588 2268 806 2309 productione
832 2272 870 2300 nt
895 2278 973 2300 con-

0 2275 152 2354 ἕζεαι-ο.
185 2315 259 2346 fleri
298 2315 357 2347 sed
397 2316 610 2347 documentis
644 2315 865 2347 demonstrari
906 2325 973 2347 non

0 2358 76 2405 μία.
128 2361 225 2400 Quod
251 2361 356 2394 Draco
375 2362 626 2403 productionem
643 2362 749 2394 Attici
775 2363 875 2394 moris
900 2372 975 2394 esse

0 2405 105 2442 ltmat
129 2418 163 2449 p.
191 2406 254 2449 71,
285 2407 305 2440 7
329 2411 365 2441 et
386 2410 464 2440 Arc.
493 2418 527 2450 p.
560 2406 646 2450 196,
667 2406 702 2449 6,
723 2412 812 2441 recte
830 2410 969 2442 faciunt.

0 2454 18 2498 ἰ
32 2455 94 2488 hoc
109 2465 177 2487 una
192 2456 233 2487 de
251 2459 328 2487 tono
344 2459 487 2488 constat.

0 2515 227 2572 ff'Opvugat.
286 2526 394 2558 Activi
419 2527 526 2558 solum
559 2528 713 2558 futurum
745 2527 972 2558 commovemlae·

0 2566 207 2624 {stimulandi
223 2573 468 2613 significatione
486 2574 620 2614 legitur.
673 2570 782 2620 ὄρσεις
803 2584 846 2618 με
871 2571 971 2606 τάκί-

18 2614 25 2619 ’
63 2617 118 2653 διὰ
136 2624 268 2667 φρενῶν
286 2617 412 2666 φράσαι
430 2621 512 2652 Ant.
536 2617 636 2652 1060.
697 2618 740 2653 τὰ
763 2618 819 2653 διὰ
837 2624 971 2666 φρενῶν

0 2626 106 2712 &nra
121 2668 365 2707 coniungenda.
402 2678 434 2698 v.
455 2664 521 2700 ὃιά.
575 2667 766 2707 Pas-sivum,
795 2668 882 2709 quod
900 2677 971 2699 me—

0 2710 55 2755 !tm
73 2715 172 2754 vulgo
190 2718 318 2754 vocant,
334 2713 454 2745 ruendi
472 2715 538 2745 vim
555 2714 655 2745 habet
682 2714 723 2745 de
750 2714 971 2746 occidentibus

63 2764 174 2792 erntz’s:
217 2763 374 2806 κρεῖσσον
414 2759 654 2805 ἀμαιμακέτου
687 2760 794 2806 πυρὸς
827 2758 970 2806 ὄρμενον

0 2764 66 2935 ᾗς
83 2805 142 2852 ἄν)
160 2805 266 2841 ἀκτὰν
285 2806 369 2854 πρὸς
387 2805 530 2855 έσπέρου
548 2804 631 2840 θεοῦ
649 2808 707 2839 OR
726 2805 803 2839 177.
832 2809 873 2841 de
887 2818 968 2848 pro-

49 2855 176 2887 enu‘bus
193 2854 236 2887 ad
253 2855 385 2895 bellum,
406 2857 466 2895 qui
483 2856 576 2895 quasi
592 2864 727 2894 surgere
752 2858 788 2886 et
817 2865 853 2886 se
879 2865 969 2886 com-

0 2891 95 2946 fvere
127 2902 286 2934 dicuntur
321 2901 374 2942 [de
407 2903 530 2933 formae
563 2899 708 2947 ὄρμενος
740 2911 803 2933 usu
847 2903 890 2933 cf.
927 2903 966 2934 R.

0 2952 86 2990 ager.
108 2949 143 2981 in
160 2949 279 2980 Philol.
300 2945 354 2980 12.
369 2945 512 2991 (1857.)
527 2959 560 2989 p.
582 2946 682 2992 459]
700 2946 798 2986 ἕκτος
816 2946 854 2981 δὲ
874 2945 971 2995 Παρ-

14 2995 31 3038 ,J
47 2997 150 3033 παῖος
166 2993 292 3040 Ἀρκὰς
324 2993 461 3040 ὄρνυται
485 2995 541 3027 OC
567 2992 669 3028 1320.
690 2996 731 3026 de
760 2996 883 3027 oriente
916 2998 969 3027 in-

25 3076 27 3078 ,
69 3045 136 3074 teve
163 3042 341 3074 universe:
377 3039 544 3088 προτέρας
565 3039 648 3079 ἄτας
674 3039 759 3088 ὕπερ
783 3041 969 3089 ὀρνυμένας

5 3124 13 3134 .
30 3098 60 3134 ει
84 3089 142 3121 OR
172 3085 238 3121 165
262 3088 337 3130 ch.‚
372 3089 460 3130 quod
492 3089 534 3120 de
567 3089 717 3130 Sphinge
742 3090 870 3121 dictum
904 3093 966 3121 est.

45 3133 252 3181 ρορνυμένας
277 3136 380 3167 Dind.
407 3145 435 3167 c.
464 3135 590 3175 Musgr.
610 3136 728 3178 dedit]
788 3136 838 3167 Eo
874 3137 971 3168 modo

39 3182 323 3224 quamperfectum
339 3183 438 3214 activi
455 3183 600 3214 alterum
622 3183 762 3215 dictum.
814 3179 892 3216 οὐδ’
918 3182 971 3216 ἔτ’

45 3238 93 3274 ρει
110 3226 177 3274 βοή
194 3229 250 3260 OC
269 3225 372 3262 1622.

709 115 904 197 Ὄρνυμι
933 159 993 166 ›—

1017 120 1259 198 Ὀρφανός.
1930 128 2028 180 543

9 219 70 295 ΞὊ
102 245 239 295 ὄρνιθος
252 246 331 288 ὀξὺν
349 243 502 294 φθόγγον
519 247 602 279 Ant.
614 243 695 279 424.
719 248 895 288 lusciniae,
918 257 978 280 ve-
1012 245 1075 291 ἐπ’
1091 245 1209 293 ἄκρων
1226 245 1335 293 ὀρέων
1356 244 1445 280 1106
1462 247 1515 280 ch.
1559 245 1600 281 ἔα
1618 260 1660 292 με
1677 246 1782 282 ναίειν
1800 246 1922 294 ὄρεσιν,
1945 245 2028 282 ἔνθα

1013 287 1176 342 κλῄζεται
1206 292 1245 327 οὑ
1277 293 1314 332 ὸς
1348 291 1454 328 Κιθαι
1477 295 1525 328 ών
1561 293 1660 327 1451.
1731 292 1892 329 Νυσαίων
1919 294 2028 340 ὀρέων

1013 340 1185 387 κισσήρεις
1195 306 1300 388 ὄχθιαι
1326 343 1409 374 Ant.
1428 340 1443 374 1
1472 340 1514 374 31
1536 343 1587 374 ch.
1611 360 1651 366 -
1672 340 1801 389 οὖρος
1819 343 1954 382 tragicis
1974 344 2027 374 in-

1014 389 1154 428 dictum,
1187 391 1245 430 qui
1262 389 1449 421 secundum
1483 390 1619 421 Homeri
1648 390 1890 430 quodammodo
1914 399 2030 421 exem-

1015 436 1109 476 plum
1123 445 1162 467 ea
1178 436 1396 476 productione
1414 437 1448 468 in
1467 437 1598 468 casibus
1624 437 1804 476 trisyllabis
1830 437 1910 468 solis
1928 441 2030 468 nten-

1017 483 1060 514 tis
1085 484 1267 524 composita
1294 484 1430 524 quidem
1458 484 1618 515 nonnulla
1643 489 1677 515 et
1700 484 1847 515 derivata
1875 485 1920 515 ita
1941 484 2027 514 affici

1018 530 1213 569 voluerunt,
1236 530 1381 561 sednon
1407 532 1517 571 ipsum
1545 528 1636 574 ὄρος.
1668 541 1697 563 v.
1728 531 1842 562 Herm.
1872 531 1913 562 ad
1946 531 2024 562 Eur.

1018 577 1135 608 Bacch.
1159 574 1239 608 971.
1752 575 1800 621 (il
1818 588 1852 619 p.
1874 575 1954 618 355,
1975 574 2030 620 3.)

1077 627 1130 667 ⁰0
1167 646 1213 672 ος
1237 635 1324 676 finis.
1355 633 1447 672 ὅπως
1544 638 1608 681 γῆς
1627 634 1663 668 δὲ
1682 635 1731 681 μὴ
1757 634 1915 681 ’μβαίνῃς
1941 633 2030 680 ὄρων

1015 681 1071 713 OC
1089 678 1135 714 40
1163 707 1170 713 ,

1084 737 1153 783 [Ὀ
1166 739 1361 786 ροσοίγγη
1373 751 1388 777 ς
1406 745 1512 772 custos
1530 742 1683 781 eorporis.
1715 743 1743 772 Α
1762 741 1872 773 Persis
1890 741 2027 772 duc-tum

1015 796 1089 818 esse
1109 788 1305 819 vocabulum
1322 789 1419 819 docet
1437 789 1598 820 Claudius
1624 788 1724 819 Casii.
1760 789 1792 820 in
1821 789 1903 819 libro
1935 786 2027 832 παρὰ

1013 835 1087 870 τοῖς
1119 829 1289 871 Ἀττικοῖς
1320 833 1460 880 ῥήτορσι
1493 833 1718 880 ζομουμένων
1753 846 1805 875 ap.
1845 835 2024 874 Miliernm,

1015 881 1185 921 Malanges
1210 882 1252 912 (le
1270 883 1334 913 litt.
1358 883 1509 923 (irecqnc
1528 893 1562 924 p.
1583 880 1662 921 397,
1684 883 1864 913 concinens
1890 882 2026 923 quidem

1014 937 1041 959 c.
1064 929 1180 960 Lexic.
1202 929 1389 960 vindobon.
1412 930 1539 960 Nauck-i
1558 939 1591 970 p.
1614 926 1700 969 352,
1734 927 1775 960 15
1802 939 1897 970 sqq.:
1934 926 1984 965 τίς
2009 926 2027 962 ὁ

1013 973 1284 1034 ὀροσοίγγτγς,
1306 974 1365 1008 καὶ
1382 974 1413 1009 τί
1430 975 1603 1022 σαγγσίὸης
1624 1002 1630 1007 .
1654 1002 1660 1009 .
1686 1002 1693 1007 .
1718 1001 1725 1007 .
1763 970 2027 1022 Ὀροσάγγαι

1016 1022 1096 1062 (cod.
1117 1021 1155 1056 Ὅ
1179 1021 1340 1070 οσαγκαι)
1364 1022 1427 1081 μὲν
1454 1023 1486 1057 οἱ
1511 1021 1807 1069 σωματοφύλακες
1832 1022 1879 1060 ὡς
1907 1019 2022 1068 Σοφο-

1010 1067 1116 1114 κλῆς,
1151 1033 1431 1117 ς’,λένηςῆγαμῳ
1463 1069 1522 1104 καὶ
1555 1067 1692 1115 Τροίλῳ
1725 1071 1783 1112 (fr.
1820 1067 1929 1113 193.)
1967 1088 2025 1103 -.

1007 1112 1194 1161 ἻΙρόδοτος
1232 1115 1269 1150 δὲ
1296 1118 1349 1158 (ὅ,
1377 1115 1440 1160 75)
1477 1115 1510 1151 οἱ
1526 1115 1602 1150 εύε,
1626 1115 1697 1150 έται
1723 1114 1890 1161 βασιλέως
1916 1115 1994 1162 ὀρο
2009 1135 2028 1140 -

1011 1163 1168 1209 σοίγγαι
1184 1162 1364 1198 καλέονται
1384 1161 1554 1209 Περσιστί.
1583 1128 1664 1210 HQ.
1693 1175 1721 1201 ις
1739 1162 1775 1197 δὲ
1793 1162 1812 1196 ὁ
1826 1158 2029 1210 Ἡρακλεώ-

1009 1222 1071 1256 της
1097 1209 1132 1245 ἐν
1159 1205 1188 1256 β’
1213 1210 1290 1256 περὶ
1312 1206 1540 1257 Ἡρακλείας,
1562 1210 1643 1248 τοὺς
1666 1175 1918 1257 Ξροσοίγγας
1934 1209 2026 1256 λέγει

1009 1258 1101 1305 παρὰ
1128 1256 1274 1304 Πέρσαις
1298 1257 1361 1302 τὴν
1386 1256 1547 1305 μεγίστην
1565 1256 1656 1304 ἔχειν
1673 1256 1853 1304 προεδρίαν
1869 1284 1876 1298 ,
1905 1256 2025 1291 καλεῖ-

1009 1303 1088 1339 σθαι
1112 1304 1150 1339 δὲ
1174 1304 1264 1339 κατὰ
1279 1303 1432 1351 γλῶτταν
1447 1304 1562 1346 ξένους
1589 1303 1806 1350 βασιλείους]

1078 1360 1242 1409 Ὀρούω
1267 1373 1340 1395 ruo.
1370 1361 1464 1409 ὕβρις
1483 1362 1661 1408 ἀπότομον
1686 1362 1836 1410 ὤρουσεν
1853 1361 1901 1400 εἰς
1919 1360 2025 1422 ἀνάγ-

1008 1422 1072 1444 καν
1095 1412 1153 1443 ΟΒ
1177 1408 1259 1443 877.
1303 1421 1332 1442 v.
1365 1411 1478 1442 Herm.
1508 1412 1549 1444 cf.
1584 1409 1729 1456 ἀνάγκη.
1781 1408 1949 1457 λαθραῖον
1979 1422 2028 1448 ως

1009 1455 1136 1505 ὀρούσῃ
1154 1457 1239 1503 πρὸς
1262 1455 1358 1495 δίκας
1382 1456 1499 1504 ἀγῶνα
1524 1459 1575 1490 El.
1607 1455 1693 1490 1441
1725 1458 1777 1489 ch.
1805 1461 1841 1490 ut
1871 1467 2028 1498 praeceps

961 1494 1166 1514 .....

1011 1515 1046 1537 m
1065 1505 1205 1537 zmadms
1222 1507 1351 1537 irruens
1365 1515 1488 1546 poenos
1506 1506 1570 1537 det.

1057 1561 1102 1599 Ὀ
1137 1557 1328 1610 τᾶλῖχος
1359 1565 1488 1604 pullus.
1541 1562 1642 1610 γόνον
1668 1561 1860 1610 ὀρταλίχων
1885 1564 1925 1595 fr.
1954 1564 2020 1595 inc.

1010 1608 1089 1643 962.
1111 1573 1144 1643 3.
1189 1611 1288 1642 Eust.
1310 1622 1344 1652 p.
1369 1608 1468 1643 1625.
1489 1609 1546 1644 4⁸.
1575 1621 1617 1643 ex
1644 1612 1870 1651 Aristophane
1887 1621 1922 1643 π,
1945 1609 2023 1644 ὀνο-

1011 1656 1135 1703 μασίας
1152 1656 1296 1702 ἡλικιῶν
1315 1659 1417 1690 refert
1435 1656 1568 1703 ἔμβρυα
1586 1656 1623 1691 δέ
1639 1669 1714 1692 τινα
1731 1656 1790 1691 καὶ
1807 1655 1965 1703 ἀρτιγενῗ
1980 1656 2024 1702 δὴ

1011 1703 1189 1750 ψοίκαλα
1213 1703 1304 1750 λέγει
1327 1703 1511 1739 καλεῖσθαι
1538 1704 1595 1738 καὶ
1621 1703 1908 1751 ὀρταλίχους.
1959 1672 2019 1749 tos.

1015 1754 1093 1784 Lob.
1116 1753 1246 1792 Proleg.
1267 1749 1368 1796 337.]
1878 1793 1882 1796 ι

1082 1803 1317 1856 Ὀρτύγιος
1347 1811 1517 1855 Οτιῃμὶιιε.
1563 1802 1729 1857 ’Ἄρτεμιν
1754 1807 1933 1856 Ὀρτυγίαν
1963 1810 2018 1842 Tr.

1012 1855 1081 1890 213
1099 1858 1150 1889 ch.
1211 1858 1280 1890 Cur
1308 1858 1416 1889 Diana
1442 1859 1514 1898 ipsa
1537 1858 1662 1898 aliquid
1689 1867 1764 1889 cum
1781 1858 1940 1897 Ortygiae
1961 1867 2023 1888 no-

1012 1906 1103 1936 mine
1128 1906 1373 1937 connnunionis
1407 1905 1527 1936 habere
1553 1906 1742 1945 videretur,
1780 1905 1893 1936 Herm.
1930 1905 2025 1944 inge-

1012 1953 1126 1993 niose,
1156 1955 1195 1983 ut
1211 1953 1338 1991 omnia,
1373 1953 1431 1984 sed
1458 1953 1596 1984 minime
1626 1952 1801 1983 verisimili
1834 1952 2024 1983 coniectura

1011 2000 1169 2040 exposuit
1194 1999 1273 2031 diss.
1295 1999 1336 2030 de
1354 1999 1491 2038 mythol.
1513 1999 1571 2030 Gr.
1593 2000 1773 2040 antiquiss.
1798 2009 1831 2039 p.
1853 1995 1910 2030 20.
1956 1998 2023 2030 Ce-

1011 2050 1120 2078 terum
1140 2047 1309 2086 Ortygiam
1329 2047 1480 2077 Aetoliae
1497 2050 1695 2086 ceterarum,
1724 2055 1810 2086 quae
1835 2055 2023 2077 memoren-

1012 2097 1078 2134 tur,
1099 2096 1239 2125 matrem
1257 2094 1341 2125 (licit
1364 2094 1464 2124 schol.
1495 2094 1647 2133 Apollod.
1677 2090 1715 2133 1,
1742 2089 1847 2134 419.;
1884 2093 1969 2134 quod
1993 2093 2021 2124 si

1012 2150 1127 2172 verum
1145 2143 1214 2180 est,
1248 2141 1376 2172 cultum
1403 2141 1532 2172 Dianae
1557 2141 1636 2171 inde
1662 2142 1695 2171 in
1722 2141 1787 2171 alia
1813 2141 1883 2172 loca
1907 2145 2034 2173 trans-,

1010 2188 1115 2219 latum
1133 2197 1208 2219 esse
1226 2188 1405 2226 significat.
1444 2187 1532 2218 Sunt
1548 2191 1661 2218 autem
1681 2188 1812 2218 insulae
1821 2187 1919 2228 duae,
1940 2188 2024 2219 Delo

1010 2236 1123 2275 altera,
1154 2235 1257 2266 altera
1276 2234 1410 2266 Siciliae
1427 2235 1583 2265 adiacens
1601 2238 1635 2265 et
1652 2234 1748 2265 luens
1773 2243 1877 2274 prope
1906 2234 2022 2275 Ephe-

1011 2291 1096 2322 sum,
1121 2282 1250 2313 Dianae
1268 2291 1358 2312 sacra
1379 2282 1509 2322 omnia;
1540 2282 1580 2312 de
1606 2282 1758 2312 Aetoliae
1784 2285 1897 2312 autem
1923 2281 2021 2320 Orty-

1010 2329 1062 2368 gia
1086 2329 1242 2368 ambigua
1264 2338 1330 2360 reS.
1383 2328 1540 2360 Ceterum
1567 2332 1601 2359 et
1626 2329 1772 2359 Latonae
1797 2337 1939 2359 sororem
1957 2329 2021 2360 Or-

1010 2377 1133 2415 tygiam
1166 2376 1288 2407 dictam
1324 2376 1440 2407 serunt
1480 2379 1515 2407 et
1547 2376 1674 2406 Dianae
1708 2376 1893 2415 nutricem,
1939 2375 2023 2406 illud

1009 2423 1111 2454 schol.
1142 2423 1251 2463 Apoll.
1273 2423 1335 2453 Rh.
1359 2420 1390 2458 1,
1411 2419 1513 2462 308„
1543 2422 1605 2453 hoo
1629 2422 1744 2454 Strabo
1779 2419 1831 2454 14.
1872 2432 1902 2463 p.
1936 2418 2017 2454 948.

1010 2470 1062 2501 Cf.
1084 2471 1110 2501 Ι.
1131 2470 1171 2500 il.
1195 2470 1306 2501 Vossii
1318 2468 1496 2510 Mytlzotoq.
1517 2469 1746 2509 Forschunqen
1763 2479 1796 2510 p.
1820 2466 2015 2500 129-148,

1079 2525 1280 2573 Ὀρύσσω
1304 2527 1412 2568 fodio.
1446 2526 1570 2574 κρύψω
1586 2525 1664 2561 τόδ’
1690 2525 1792 2574 ἔγχος
1813 2554 1820 2559 .
1843 2553 1850 2559 .
1875 2553 1882 2559 .
1923 2526 2020 2574 γαίας

1009 2571 1129 2612 ὀιύξας
1148 2572 1232 2608 ἔνθα
1250 2573 1300 2619 μή
1319 2586 1369 2611 τις
1394 2572 1514 2620 ὄψεται
1538 2575 1594 2607 Αἰ.
1623 2572 1703 2606 659.
1762 2572 1884 2620 ὀρύξας
1907 2577 2020 2615 potius

1008 2585 1164 2668 ἐξορύξας
1182 2625 1235 2653 est
1260 2631 1359 2662 quam
1377 2620 1579 2668 κατορύξας.

1076 2674 1326 2726 Ὀρφᾶνίζω
1351 2681 1439 2711 orbo.

1007 2724 1079 2771 ἅμα
1103 2753 1110 2758 .
1135 2753 1141 2758 .
1165 2752 1172 2758 .
1193 2725 1452 2772 ὠρφανισμένος
1477 2725 1551 2772 βίου
1579 2728 1632 2759 Tr.
1677 2724 1756 2759 942.
1807 2729 1914 2767 patris
1944 2738 2018 2759 ma-

1007 2775 1126 2814 trisque
1143 2776 1212 2806 υἰια
1229 2774 1375 2805 orbatus.
1428 2774 1477 2806 Ne
1495 2777 1610 2814 aptum
1636 2775 1771 2814 quidem
1797 2778 1871 2815 est,
1898 2776 1926 2805 si
1945 2773 2018 2818 βίον

1007 2831 1033 2852 c.
1046 2822 1249 2852 Wakefieldo
1258 2822 1441 2861 corrigatur
1462 2821 1508 2863 [id
1525 2822 1612 2861 quod
1631 2822 1713 2852 fecit
1730 2819 1849 2865 i)ind.]
1862 2821 2013 2853 v.Herm.

1076 2875 1384 2924 Ὀρφᾶνιστής
1406 2882 1509 2911 tutor.

1008 2921 1069 2959 ὑπ’
1087 2925 1298 2972 ὀρφανιστῶν
1323 2924 1372 2971 μὴ
1391 2923 1501 2972 φίλων
1519 2927 1573 2957 Αἰ.
1594 2923 1675 2958 512.
1721 2927 1923 2958 Vocabulum
1942 2927 2020 2958 hinc

1006 2977 1240 3004 commemorat
1256 2973 1354 3004 Eust.
1378 2983 1410 3014 p.
1431 2969 1511 3013 533,
1532 2970 1589 3004 33.
1625 2974 1799 3014 explicans
1826 2971 1907 3010 τοὺς
1932 2970 2019 3018 ὑπὲρ

1006 3019 1165 3066 ὀρφανῶν
1196 3017 1494 3065 ὺπερισταμένους.
1567 3018 1704 3053 Tutores
1736 3021 1806 3051 sore
1839 3021 1886 3051 ait
1917 3020 2020 3052 hostes

1501 2675 1665 2714 ὁθούνεκ’
1703 2677 1743 2712 ἐκ
1775 2679 1872 2714 δυοῖν
1911 2674 2017 2714 ἔσοιθ’

1571 2877 1601 2911 εἰ
1625 2881 1686 2912 σοῦ
1720 2877 1880 2912 ὃιοίσεται
1913 2878 2018 2924 μόνος

1003 3076 1102 3107 paen
1124 3068 1316 3107 acerrimos,
1353 3067 1434 3098 adeo
1466 3076 1533 3098 non
1566 3067 1730 3108 tuituros‚
1760 3070 1800 3098 ut
1825 3068 2019 3106 gravissima

1007 3115 1120 3154 potius
1146 3114 1268 3145 iniuria
1293 3123 1372 3145 eum
1394 3115 1591 3146 insectaturi
1615 3115 1695 3146 sint.
1731 3132 1768 3137 —
1807 3115 1855 3144 De
1880 3117 1957 3146 tono
1982 3123 2012 3145 v.

1008 3161 1072 3192 EM
1098 3171 1132 3201 p.
1151 3156 1232 3200 436,
1256 3157 1310 3192 12.

1073 3201 1301 3252 Ὀρφᾶνός
1327 3207 1445 3248 orbus,
1470 3208 1513 3239 de
1529 3207 1657 3239 liberis.
1710 3204 1820 3240 παῖδά
1843 3203 1881 3239 τ’
1906 3204 2016 3253 ὀρφα-

1005 3253 1062 3288 νὸν
1086 3251 1198 3286 λιπεῖν
1223 3254 1279 3285 Ai.
1307 3251 1386 3286 653.
1437 3249 1517 3287 κατ’
1553 3252 1702 3301 ὀρφανὸν
1736 3251 1833 3287 οἶκον
1867 3254 1908 3286 fr'.
1945 3255 2012 3286 inc.

24 3288 149 3346 ἸῗΌρος
163 3307 269 3331 mom.
315 3294 486 3345 Ἑρμαῖον
505 3296 584 3344 ὄρος
602 3300 722 3331 Lemni
750 3300 880 3331 insulae
906 3301 966 3332 Ph.
1006 3297 1075 3332 680
1093 3302 1135 3332 D.
1155 3292 1374 3341 de'progenie
1391 3302 1586 3342 parentibus
1603 3302 1686 3340 suis,
1709 3302 1878 3332 tutoribus
1896 3304 2015 3333 natura

63 3354 120 3378 an.
173 3343 244 3391 ἔρρι
272 3355 310 3398 εν
323 3343 372 3382 εἰς
387 3343 514 3399 ἄβατον
538 3343 618 3392 ὄρος
641 3347 699 3378 OR
722 3343 803 3378 719.
846 3363 886 3370 —
913 3345 970 3386 ξὺν
1005 3348 1103 3388 datis,
1123 3348 1213 3379 orba.
1236 3365 1277 3370 —
1297 3348 1429 3380 'l‘ralate
1446 3349 1569 3379 dicitur
1585 3345 1665 3381 ὅταν
1681 3349 1783 3388 κενῆς
1800 3345 1901 3392 εὐνῆς
1916 3357 2015 3381 νεοσ-

40 3389 199 3438 (αἴγλαις)
215 3389 304 3427 Λυκι
328 3389 410 3437 ὄρεα
435 3390 562 3436 διᾳσσει
595 3393 653 3426 OR
683 3390 753 3425 203
777 3394 829 3424 ch.
866 3391 969 3427 ναίων
1006 3397 1074 3427 σῶν
1093 3392 1241 3441 ὀρφανὸν
1259 3391 1370 3441 βλέψῃ
1391 3392 1495 3439 λέχος
1516 3395 1597 3426 Ant.
1610 3391 1692 3426 425.
1739 3394 1790 3425 De
1807 3395 2010 3437 pleonasmo,
