2288 3600
32 155 38 162 γ,
47 94 102 158 ff:
116 102 334 151 *eoo-702]

10 393 27 444 ᾗ,
39 421 46 445 3
58 401 250 441 usgravium
267 400 339 432 Erf.

10 500 85 559 [ρας
117 502 349 550 εὐδαιμονίσαι
380 505 520 550 πρώτης
559 505 614 538 OC
645 502 712 537 144
736 515 780 536 m.
826 505 890 546 Ap.
936 505 1028 538 Suid.

16 647 224 685 3nuba11diant
246 643 328 691 εἰμί.
357 647 420 678 Est
436 650 548 679 autem
565 657 583 679 e
601 647 691 679 chori
707 647 968 688 interrogatione
983 643 1032 683 τίς

14 690 103 738 Ἰ,ποθ’
121 690 139 726 ὁ
156 691 304 739 πρέσβυς
320 694 578 734 intelligendum
594 691 660 731 τίς
686 695 813 735 aliquis,
836 693 868 725 'V.
889 694 1004 725 Herm.

93 759 328 808 Εὐδαίμων
354 763 445 804 felix.
474 760 645 809 εὐδαίμων
673 761 788 797 ἀνύσει
810 763 870 795 Ph.
891 760 960 795 720
977 763 1028 795 ch.

24 804 122 850 Σαλα
154 808 201 851 ίς,
238 809 276 844 σὺ
304 808 366 856 μέν
391 822 458 844 που
487 809 592 848 ναίεις
619 808 827 848 ἁλίπλακτος
861 808 1032 855 εὐδαίμων

15 853 75 891 ‘At
89 822 158 889 597
173 857 224 890 ch.
245 858 306 891 τοῦ
326 852 422 891 πάντ’
448 855 649 901 εὐδαίμονος
673 855 778 903 ὄλβου
793 858 850 890 OR
870 854 957 889 1197
977 858 1028 889 ch.

19 901 81 939 τὰς
97 902 300 949 εὐδαίμονας
318 898 471 950 Ἀθήνας
489 905 543 937 Oc
561 902 641 937 282.
663 902 860 950 εὐδαίμονες
878 901 1032 950 γένοισθε

22 948 125 985 1554.
159 949 368 997 εὐδαίμονες,
405 949 474 985 οἶσι
500 956 617 985 κακῶν
646 949 807 998 ἄγευστος
833 950 918 985 αἰών
946 953 1029 983 Ant.

19 995 90 1032 582
102 999 154 1030 ch.
174 1008 353 1038 oxymoron
372 1000 535 1041 explicuit
552 999 666 1031 Herm.
686 996 885 1043 εὐδαίμονες
910 997 942 1032 οί
957 997 1032 1032 τότε

13 1042 138 1092 ἶγὲννας
165 1043 310 1091 ἀφθίτου
339 1043 434 1084 θείας
468 1044 633 1094 λαχόντες
665 1047 706 1078 fr.
735 1046 849 1078 Inach.
880 1043 948 1078 267
976 1044 1032 1090 [ad

22 1101 123 1135 quem
144 1093 256 1125 locum
277 1094 396 1132 Bergk.
425 1095 564 1133 glossam
582 1093 726 1133 Hesycb.
756 1095 878 1125 refert:
915 1090 1032 1126 εὐδαί-

14 1159 19 1189 ¹.
67 1150 154 1219 νξξτὸ
187 1136 288 1174 θεῖοι.
334 1138 524 1186 μακάριοι]
561 1138 764 1185 εὐδαίμονας
796 1137 921 1184 ὄλβους
955 1141 1027 1172 Ion.

91 1241 326 1291 Εὐδρᾶκής
349 1249 444 1278 acute
460 1255 605 1278 cernens.
634 1245 682 1283 ὡς
711 1244 848 1279 πάντων
877 1243 912 1278 έν
939 1244 1031 1291 νόσῳ

16 1289 191 1338 μύδρακὴς
216 1289 319 1331 ὕπνος
336 1290 465 1330 ἄυπνος
481 1290 632 1326 λεύσσειν
650 1294 710 1325 Ph.
731 1290 799 1325 847
818 1293 869 1325 ch.
900 1302 1032 1324 somnus

15 1337 188 1372 *irritabilis
203 1343 420 1381 acyrotomm,
440 1341 537 1372 facile
555 1340 894 1372 animadvertentium
906 1341 1027 1371 omnia.

14 1385 74 1421 ,De
96 1387 317 1427 parallelismo
342 1398 373 1418 v.
404 1387 579 1420 Sohaefero
603 1388 745 1419 laudata.
788 1387 854 1428 Ap.
881 1387 1027 1426 Hesych.

13 1429 53 1467 tir.
81 1430 322 1478 εὐδαρκήςε
351 1431 572 1480 εὐόφθαλμος
597 1445 672 1467 cum
698 1434 854 1475 Sopingio
886 1435 939 1466 vel
972 1432 1032 1467 εὐ-

14 1475 154 1561 ’δεακής
186 1481 239 1512 Vel
270 1478 437 1526 εὐδερκής
469 1482 670 1521 legendum,
699 1482 792 1513 Velut
816 1482 906 1513 idem
934 1481 1033 1513 habet

21 1565 40 1579 .=
67 1526 175 1573 ρακὴς
199 1526 259 1561 καὶ
283 1525 443 1574 ἀδερκής.

14 1590 29 1621 ,⁴
90 1582 224 1620 Εὕδω.
253 1586 267 1628 ΙΙ
291 1587 426 1627 Proprie
451 1586 588 1618 dormio.
624 1581 752 1620 εὕδοντ’
777 1580 829 1620 ἐπ’
861 1585 970 1633 ἀκτῆς
996 1585 1031 1620 ἐν

18 1635 211 1679 ῃατηρεφεῖ
234 1630 348 1679 πέτρῳ
374 1634 434 1666 Ph.
453 1630 534 1666 272.
565 1632 622 1667 ἐᾶν
658 1631 784 1680 ἕκηλον
810 1631 918 1667 εὕδειν
948 1631 1028 1666 769.

13 1675 179 1726 ςᾷτρεστον
197 1677 339 1713 εὕδοντα
355 1681 413 1713 OR
429 1677 508 1721 586,
531 1681 618 1722 quod
636 1681 677 1712 de
694 1682 938 1722 tranquillitate
956 1682 1030 1713 ani-

16 1727 67 1769 ἓῄί
82 1737 255 1768 perperam
279 1728 426 1768 explicat
448 1728 521 1759 Erf.
549 1725 664 1771 ἡδέως
681 1725 844 1762 εὕδουσαν
870 1729 926 1760 Tr.
950 1726 1027 1760 175.

14 1783 42 1803 ⁴<
59 1783 78 1807 ν
100 1784 138 1820 γε
163 1775 230 1811 πᾶς
253 1771 343 1808 εὕδει
367 1772 506 1820 στρατός
529 1775 585 1806 Ai.
605 1771 686 1806 291.
709 1793 750 1798 —
777 1775 791 1817 ss
817 1776 1032 1807 Transfertur

14 1819 205 1854 'dd'mortuo
222 1822 367 1853 dictum:
397 1819 504 1866 οὑμὸς
522 1818 630 1854 εὕδων
647 1820 705 1855 καὶ
722 1821 957 1868 κεκρυμμένος
974 1820 1032 1855 νέ-

17 1871 82 1906 fib<
98 1867 154 1900 Oc
165 1865 244 1900 621.
266 1869 307 1900 de
320 1878 452 1900 securo:
471 1866 536 1915 οὐχ
554 1865 618 1902 ὕπν
668 1863 697 1915 γ’
714 1866 855 1902 εὕδοντα
874 1867 1032 1914 [ἐνδόντα

35 1915 126 1947 ind.
147 1924 175 1946 c.
194 1915 298 1947 Badh.
320 1926 352 1947 V.
374 1913 552 1960 ἐνδίδωμι]
578 1881 808 1962 μἰξξεγείρετε
825 1917 883 1949 OR
900 1913 956 1948 65.
977 1914 1031 1949 κεί

16 1955 146 2008 βραδὺς
171 1958 262 1995 εὕδει
287 1962 341 1995 OC
360 1959 447 2001 307,
484 1964 612 1994 etiamsi
644 1965 848 2003 neyliyentia
882 1963 1032 1995 tardatus

15 2049 18 2051 .
58 2023 65 2037 f
90 2011 184 2047 atur,⁸
203 2009 291 2050 quod
304 2019 380 2041 cum
394 2019 460 2040 non
474 2010 732 2050 intelligeretur,
748 2011 861 2042 Eldik.
879 2009 1028 2050 σπεύδει,

20 2057 165 2088 runck.
183 2053 297 2100 ἕρπει,
322 2056 423 2089 Seidl.
448 2053 539 2101 ἔρδει
560 2054 682 2102 [βραδὺ
705 2054 798 2091 εὕδοι
817 2058 1027 2097 Sehrwaldt.,

20 2100 340 2183 15'5fflpq‘3mnd']
371 2105 600 2136 coniecerunt.
621 2101 768 2152 εὐδούσῃ
788 2102 884 2151 φρενί
909 2105 1026 2146 Tymp-

21 2167 23 2171 .
54 2175 63 2183 ,
156 2174 163 2190 ‚
218 2174 224 2181 ,

16 2212 37 2253 ἶ*
89 2204 274 2253 Εύειρος
297 2218 329 2239 V.
358 2204 487 2252 εὔερος.
827 2208 859 2254 (1
876 2219 909 2251 p.
933 2206 1033 2254 701.)

90 2262 208 2300 Εὐέπ
219 2277 297 2299 εια.
333 2263 426 2304 ἄξιος
454 2264 518 2313 γὰρ
548 2265 580 2300 εἷ
607 2264 738 2312 (ὄλβιος
765 2265 939 2313 γενέσθαι)
970 2271 1032 2313 τῆς

18 2308 174 2355 §fiendae
199 2310 322 2346 οὕνεκα
337 2314 396 2345 OR
412 2310 491 2346 932.
530 2315 780 2347 Humanitatem
796 2317 952 2346 sermonis
976 2317 1031 2347 in-

22 2364 224 2401 „rpretatur
237 2360 363 2400 Musgr.
385 2361 477 2393 Suid.
494 2373 501 2392 z
530 2359 724 2403 εὐέπεια,
745 2359 768 2406 ἡ
785 2359 876 2406 καλὴ
896 2360 1029 2407 φράσις.

12 2403 92 2450 'Ego
105 2407 146 2439 de
158 2409 265 2439 omine
277 2407 357 2439 dicti
372 2405 471 2452 ὀλβία
482 2419 520 2440 τε
535 2406 595 2441 καὶ
612 2405 668 2446 ξὺν
687 2406 814 2453 ὀλβίοις
831 2406 884 2442 ἀεὶ
901 2408 1031 2454 γένοιτο

11 2453 234 2496 'rpterpreton
263 2454 354 2495 quali
372 2454 512 2487 Graecos
530 2456 672 2487 multum
690 2457 846 2488 tribuisse
865 2460 1004 2488 constat.

20 2506 60 2551 δὲ»
90 2519 344 2568 Εὐεργετέω
378 2525 564 2566 beneficium
588 2525 704 2558 tribuo.
750 2522 934 2572 εὐεργετῶν
967 2524 1031 2572 γὰρ

69 2566 146 2607 ὐτὸς
164 2566 236 2604 αὔτ’
253 2568 454 2616 ἐκτησάμην
471 2572 531 2603 Ph.
553 2569 631 2604 706.

90 2624 343 2674 Εὐεργέτης
375 2630 519 2672 beneficii
542 2634 667 2662 auctor.
701 2628 952 2676 ὑπερτιμῶντες
985 2631 1031 2669 ὡς

1 2716 3 2721 1
16 2670 202 2735 ἔγ’σῖύεργέτην
220 2676 299 2708 Ant.
321 2673 401 2708 284.
424 2696 465 2701 —
491 2679 542 2709 De
559 2681 637 2709 tono
655 2689 686 2709 v.
708 2675 864 2723 ἐργάτης.

22 2764 26 2770 -
90 2741 259 2792 Εὔερος
301 2743 410 2790 [Curt.
439 2747 496 2778 Et.
526 2757 559 2779 n.
589 2743 673 2791 496]
712 2749 859 2781 villosus.
900 2747 1030 2782 πέπλον

12 2791 27 2819 τ’
42 2809 49 2820 ι
66 2802 135 2838 ριον
153 2787 267 2839 ἀργῆτ’
288 2791 360 2830 οἰὸς
377 2790 498 2839 εὐείρῳ
516 2792 615 2840 πόκῳ
638 2795 691 2826 Tr.
714 2791 781 2827 675
799 2796 834 2827 in
851 2796 946 2828 libris
963 2800 1025 2836 est,

112 2840 197 2880 quod
222 2837 343 2886 εὐείρω
369 2839 470 2872 habet
493 2842 563 2872 LA.
592 2839 722 2886 εὐείρου
752 2843 836 2874 coni.
866 2843 1026 2874 Valcken.

12 2927 26 2931 .
38 2894 72 2918 1‚-·
96 2890 186 2918 recte
204 2887 284 2919 Lob.
301 2887 388 2928 apud
401 2888 455 2919 Ai.
470 2885 536 2920 801
556 2885 664 2933 ἀργὴς
683 2887 754 2925 οἰὸς
771 2886 889 2934 εὐέρου
908 2887 1025 2927 πόκος.

18 2967 35 2977 „
58 2961 62 2964 .
85 2930 205 2978 ἀργὴς.
245 2931 352 2967 πόκον
385 2935 514 2966 Volebat
542 2935 661 2967 Elmsl.
694 2935 847 2968 Addend.
879 2937 916 2968 ad
944 2937 1026 2969 Eur.

14 2980 152 3011 rael.
173 2976 252 3012 693.
289 2981 411 3012 Atticis
437 2977 552 3027 εὐερος
579 2982 697 3013 tribuit
715 2983 816 3015 schol.
838 2984 941 3015 Arist.
962 2984 1025 3015 AV.

23 3045 30 3063 ς
44 3057 46 3059 ,
59 3021 88 3058 1
105 3036 112 3056 :
131 3023 259 3072 εὔειρος
273 3027 396 3060 diserte
410 3028 547 3060 damnat
558 3028 681 3067 Phryn.
698 3038 732 3070 p.
749 3026 814 3061 146
828 3031 915 3071 apud
929 3040 1030 3071 quem

24 3070 150 3117 ἐριον
167 3074 252 3105 libra
272 3074 294 3106 'i
320 3075 372 3106 cul
399 3085 417 3106 a
432 3078 606 3116 peccatum
624 3085 659 3106 es
715 3085 749 3107 ro
766 3073 913 3122 εύειρον,
943 3077 1030 3118 quod

15 3113 43 3165 §.i
58 3127 112 3150 em
129 3083 654 3154 menduhif—uffifssffibtium
672 3132 705 3163 p.
719 3119 741 3154 2
767 3149 775 3163 ,
831 3124 925 3155 modo
942 3124 1030 3164 quod

14 3169 58 3209 ’ξ
87 3162 202 3212 εὔερον
221 3168 461 3208 corrigendum,
492 3169 656 3210 explicuit
672 3172 783 3201 autem
802 3171 952 3202 Ionicum
970 3180 1028 3202 Vo-

58 3211 178 3245 bulum
195 3214 316 3246 Attico.
345 3211 475 3260 εὕειρον
501 3224 565 3247 non
584 3216 703 3247 idonea
719 3217 887 3248 Leonidae
906 3218 1031 3248 Taren-

8 3254 17 3278 ’-
78 3258 86 3266 “
112 3261 306 3293 auctoritate
330 3262 440 3293 firmat
466 3262 619 3294 Schaef.:
656 3271 732 3294 nam
756 3263 911 3295 Photium
939 3264 1029 3295 aliud

66 3305 105 3338 d
128 3315 227 3347 quam
254 3306 354 3349 Soph.
381 3309 481 3340 Verba
505 3312 672 3350 spectasse
696 3313 848 3350 apertum
866 3314 928 3342 est.
955 3307 1030 3354 [εὐ-

815 91 1063 157 Εὐδαιμονί
1091 121 1153 129 -
1180 91 1334 148 Εὐθύς

1979 93 2074 142 281

91 207 374 257 Εὐδαιμονία
396 211 552 252 felicitas.
580 209 631 249 τίς
655 208 744 257 ἀνὴρ
769 209 874 245 πλέον
896 211 956 249 τᾶς
973 208 1033 244 εὐ-
1068 211 1151 242 mira
1163 220 1229 243 acc.
1250 210 1296 251 pl.
1319 211 1422 243 forma
1433 211 1639 250 heteroclita‚
1660 210 1759 242 scribi
1776 209 1906 242 volebat
1924 209 2078 242 L.Dind.

10 257 200 305 ιμονίας
228 257 322 305 φέρει
345 259 404 292 OR
423 255 511 291 1190
529 259 580 291 cb.
608 255 719 292 πολλ’
750 256 789 292 τὸ
814 261 951 304 φρονεῖν
974 255 1034 291 εὐ-
1070 258 1132 290 Th.
1156 257 1214 290 LG
1231 254 1265 289 3.
1293 266 1326 298 p.
1347 254 1440 290 2150
1456 257 1487 289 A
1513 260 1548 288 et
1570 253 1675 298 2236,
1696 257 1722 288 B
1743 274 1783 280 -
1801 253 1894 312 ἄγων
1918 254 2076 301 ταύρους,

11 303 200 352 ιμονίας
217 310 352 352 πρῶτον
370 303 518 352 ὑπάρχει
533 306 615 347 Ant.
638 302 705 338 134
745 315 798 337 an.
828 306 1033 347 Sapientiam
1067 302 1172 342 κύνας
1195 302 1355 350 βοτῆρας,
1383 301 1497 362 εὔερόν
1519 297 1548 337 τ’
1572 301 1678 350 ἄγραν
1704 304 1757 335 Ai.
1777 301 1840 336 291
1864 304 1956 336 dedit
1973 304 2078 336 Dind.

37 350 191 386 &titatis
211 354 284 386 §oco
302 353 444 386 Graecos
460 354 632 385 censuisse
648 354 734 386 bene
757 353 905 385 ostendit
921 355 1034 385 contra
1069 361 1097 383 c.
1119 351 1326 384 Schneidew.
1347 361 1407 393 pro
1425 350 1605 397 ευκερων.]

1138 405 1194 444 Εὐ
1207 408 1224 449 ζ
1235 421 1290 443 ων
1301 420 1319 443 ο
1330 416 1346 442 ς
1370 409 1448 442 bene
1472 411 1608 442 cinctus.
1639 407 1807 449 εὐζώνους
1832 407 1976 454 ἱματίων
2003 407 2080 443 έπι-

16 446 44 496 ,ἐπὶ
93 454 401 504 Εὐδαιμονίζω
426 458 558 499 felicem
569 458 735 499 praedico.
773 454 812 492 οὐ
837 455 924 491 πάνυ
953 455 1033 502 μοί-
1068 455 1220 503 ζώστρας
1239 457 1352 490 Colch.
1373 458 1414 488 fr.
1435 454 1503 489 314
1520 457 1552 488 b.

1137 511 1381 561 Εὐημερέω
1403 523 1556 556 prospero
1572 523 1681 546 remm
1697 517 1786 546 statu
1801 517 1886 547 utor.
1916 513 1990 560 εὐη
2002 525 2081 560 με-

15 562 57 585 n.
85 550 382 597 εὐδαιμονέστερος
404 553 560 584 scribitur
575 550 831 598 εὐδαιμονῆσαι.
875 552 1034 606 Explicat
1069 560 1186 608 ρίαν,
1213 561 1277 607 τὴν
1302 559 1518 607 εὐδαιμονίαν
1534 562 1629 594 Phoc,
1652 572 1683 603 p·
1707 558 1761 602 30,
1787 558 1841 593 13·
1872 560 1933 595 δύο
1952 560 2080 608 σημαί-

16 598 125 638 Εῑὶὓΐ-
145 609 179 641 P·
200 596 281 639 479,
305 597 358 631 14·
386 602 449 646 τῆς
474 597 624 647 ἐσχάτης
647 601 832 640 snbmgatO·
871 599 958 632 sunt
974 609 1033 640 <1¹¹¹
1067 620 1117 642 νει
1189 614 1341 655 χρῶνται
1365 603 1394 642 δ’
1418 607 1580 654 αὐτῷκαὶ
1598 607 1654 642 ἐπὶ
1668 611 1731 654 τῆς
1757 606 1940 655 εὐπραγίας
1954 609 2077 648 Phryn.

1069 657 1157 698 App.
1187 657 1286 697 Soph.
1315 667 1348 698 p.
1370 653 1427 697 38,
1459 654 1512 688 14.
1557 656 1642 688 Cum
1668 656 1784 688 Photio
1810 657 1955 695 Hesych.
1986 657 2078 688 facit.

1069 702 1112 782 ἐξ
1122 705 1293 783 3⁶62?-
1304 701 1508 784 viiii.
1552 701 1696 784 ..iiiii
1707 700 1744 736 εὖ
1762 701 2082 784 ἶῖάῖοζςάν

1070 799 1151 830 Lob.
1173 776 1212 829 ad
1231 776 1291 830 Ais
1309 762 1345 839 pq?
1363 794 1433 829 244
1460 798 1513 829 ed.
1536 796 1552 829 1
1581 797 1654 829 coll.
1686 761 2021 838 Spanfflffdpcaniffl.
2043 776 2077 828 h'.

1071 844 1144 877 Cer.
1169 842 1246 877 136.
1288 845 1339 876 De
1355 846 1483 885 pacatis
1499 845 1592 876 rebus
1609 845 1673 876 dici
1691 845 1824 877 Videtur
1840 846 1932 878 ταῖσι
1949 841 2081 890 Θήβαις

1069 890 1099 925 εἰ
1122 890 1165 925 τὰ
1188 894 1247 925 νῦν
1273 889 1437 937 εὐημερεῖ
1459 889 1576 928 καλῶς
1601 890 1640 925 τὸ
1657 890 1741 936 πρὸς
1763 890 1801 924 σέ
1818 891 1872 923 OC
1891 888 1970 923 616.
2000 891 2081 923 Ele-

1068 944 1184 979 gamer
1202 940 1263 971 hoc
1280 950 1298 970 a
1315 940 1497 971 serenitate
1523 939 1606 971 caeli
1630 939 1820 970 traductum
1843 939 1882 970 ad
1900 948 1952 970 res
1968 939 2082 970 dome—

1069 987 1168 1018 sticas
1194 990 1228 1018 et
1251 987 1386 1027 publica
1403 987 1547 1026 negotia.
1585 986 1679 1017 Illam
1698 987 1787 1018 enim
1813 986 2017 1028 primitivam
2035 987 2081 1017 si-

1068 1034 1315 1074 gnificationem
1338 1042 1410 1065 esse
1428 1033 1550 1072 Phryn.
1571 1033 1678 1065 docet.

1137 1088 1227 1137 Εὐή
1239 1103 1287 1137 με
1295 1102 1370 1171 ξος
1404 1091 1548 1131 faustus.
1577 1088 1700 1125 λευκὸν
1735 1088 1902 1137 εὐάμερον
1936 1088 2082 1125 πελάσαι

1068 1137 1155 1185 φάος
1172 1139 1226 1171 Ai.
1248 1136 1292 1171 70
1333 1139 1386 1171 ch.

1137 1194 1165 1231 E
1175 1194 1194 1231 ὖ
1203 1208 1227 1243 η
1237 1208 1255 1229 ν
1266 1209 1283 1231 ο
1294 1209 1310 1235 ς
1327 1198 1462 1240 fluvius.
1489 1195 1547 1230 τὸν
1567 1193 1761 1242 βαθύρρουν
1780 1195 1933 1240 ποταμὸν
1947 1192 2082 1241 Εὔηνον

1070 1245 1124 1277 Tr.
1146 1241 1226 1277 559.
1247 1242 1316 1289 [De
1333 1248 1472 1276 accentu
1491 1255 1522 1276 V.
1537 1244 1642 1286 Popp.
1656 1244 1762 1276 Thuc.
1782 1244 1927 1286 prologg.
1944 1241 1978 1284 2,
2001 1240 2079 1276 160.

1071 1293 1152 1324 Lob.
1178 1293 1262 1333 prol.
1286 1287 1383 1335 192.]

1137 1347 1166 1384 E
1176 1348 1195 1383 ὐ
1204 1348 1227 1395 ή
1240 1360 1257 1395 ρ
1266 1361 1309 1383 ετ
1318 1361 1343 1393 μ
1353 1361 1370 1383 ο
1381 1360 1408 1387 ς.
1430 1348 1453 1383 ά
1468 1343 1495 1382 δ’
1513 1347 1704 1396 εὐήρετμος
1717 1343 1858 1395 ἔκπαγλ’
1876 1347 1957 1383 ἁλία
1970 1347 2084 1383 πλάτα

1068 1394 1218 1444 θρώσκει
1234 1397 1289 1429 OC
1309 1394 1376 1429 716
1394 1398 1445 1430 ch.
1476 1397 1517 1429 de
1533 1398 1632 1429 laude
1649 1398 1830 1430 celeritatis
1847 1398 1997 1437 navium,
2018 1407 2083 1438 qua

1068 1445 1291 1477 Atheniensis
1310 1445 1427 1476 civitas
1445 1445 1672 1485 superbiebat.

1139 1496 1443 1540 Εὐθέἰλασσος.
1474 1501 1583 1548 δῶρον
1602 1499 1755 1542 εὔιππον,
1785 1499 1955 1543 εὔπωλον,
1976 1499 2083 1535 εὐθά-

1067 1549 1193 1583 λασσον
1220 1550 1274 1582 OG
1294 1547 1359 1581 711
1380 1551 1431 1582 ch.
1471 1551 1622 1591 Neptuni
1649 1561 1687 1582 ea
1709 1550 1795 1582 dona
1818 1554 1899 1581 sunt
1923 1559 1999 1581 cum
2018 1550 2083 1581 Mi-

1070 1607 1171 1629 nerva
1188 1598 1400 1637 decertantis,
1423 1598 1481 1638 qui
1500 1594 1676 1630 θάλασσαν
1694 1591 1805 1643 Ἐρηχ
1858 1594 1912 1630 ίδα
1936 1598 1972 1628 in
1994 1606 2078 1636 arce,

1069 1645 1146 1677 dein
1173 1654 1299 1685 equum
1323 1654 1515 1685 procreasse
1541 1645 1667 1676 fertur:
1696 1645 1818 1676 Herod.
1865 1669 1872 1685 ‚
1894 1641 1951 1676 55.
1981 1644 2085 1685 Apol-

1068 1693 1132 1724 lod.
1162 1689 1196 1731 3,
1227 1688 1270 1723 14
1301 1692 1373 1723 coll.
1396 1692 1508 1723 Bentl.
1539 1691 1579 1723 ad
1604 1692 1683 1724 Hor.
1711 1691 1820 1724 Carm.
1844 1689 1875 1731 1,
1896 1689 1929 1731 7,
1951 1688 1991 1731 7;
2021 1690 2084 1722 do—

1068 1749 1149 1771 num
1166 1740 1269 1779 igitur
1285 1739 1393 1770 nobile
1410 1740 1511 1770 maris
1527 1739 1799 1780 interpretamur.
1878 1737 1910 1782 (1
1926 1748 1960 1779 p.
1983 1735 2083 1782 702.)

1139 1805 1318 1846 Εὐθέως
1344 1808 1531 1848 confestim.
1567 1806 1698 1842 εὐθέως
1723 1806 1890 1854 ὑπέσχετο
1917 1805 2084 1853 δηλώσειν

1069 1857 1129 1888 Ph.
1151 1853 1232 1888 615.
1259 1850 1352 1889 τίνοι’
1376 1853 1417 1889 ἂν
1441 1853 1589 1894 εὐθέωςς
1618 1856 1673 1888 OC
1698 1852 1778 1888 994.
1807 1853 1938 1892 εὐθέως
1962 1849 1990 1888 δ’
2017 1854 2084 1899 ἐγὼ

1067 1897 1141 1936 κατ’
1166 1901 1264 1949 ἴχνος
1291 1895 1384 1948 ’ᾁσσω
1413 1903 1468 1935 Ai.
1497 1900 1538 1936 31
1577 1900 1722 1947 [εὐθέως
1754 1912 1811 1944 pro
1845 1899 1996 1947 εὐμαθές
2024 1903 2080 1935 Tr.

1068 1947 1136 1982 614
1154 1960 1216 1982 scr.
1245 1948 1380 1995 Dind.}

1138 2000 1255 2042 Εὐθύ
1273 2012 1362 2040 recta
1377 2010 1443 2040 via.
1472 2002 1534 2041 ἵετ’
1561 2006 1643 2042 εὐθὺ
1663 2007 1746 2054 πρὸς
1763 2007 1806 2042 τὰ
1822 2006 1976 2054 νυμφικὰ
1991 2006 2081 2054 λέχη

1067 2055 1125 2087 OR
1144 2052 1244 2087 1242.
1273 2052 1391 2100 [εὐθύς
1409 2056 1497 2096 libri,
1520 2056 1579 2087 sed
1598 2056 1657 2087 LA
1674 2060 1764 2087 recte
1783 2066 1801 2088 σ
1819 2053 1943 2100 eraso]

1138 2106 1331 2147 Εὐθύνω.
1362 2114 1536 2155 Proprium
1558 2117 1609 2146 est
1636 2114 1682 2146 de
1699 2123 1798 2145 cursu
1814 2114 1968 2155 reyendo.
1999 2114 2082 2145 Inde

1067 2162 1218 2202 proxime
1243 2162 1356 2200 abest,
1385 2161 1473 2202 qnod
1498 2161 1538 2192 de
1565 2162 1689 2193 famulo
1707 2171 1849 2201 puerum
1874 2161 2082 2193 custodiente

1068 2209 1190 2240 dicitur
1215 2201 1268 2253 ἄγ’
1301 2206 1403 2241 αὐτὸν
1428 2205 1532 2254 ὅσπερ
1555 2207 1670 2254 χερσὶν
1697 2206 1850 2242 εὐθύνων
1874 2210 1993 2253 κυρεῖς
2024 2209 2078 2239 Ai.

1069 2252 1149 2286 542.
1187 2256 1238 2286 De
1261 2255 1405 2295 reyenda
1432 2257 1584 2287 civitate:
1618 2256 1728 2288 πᾶσαν
1753 2252 1906 2288 εὐθύνων
1933 2252 2083 2299 [εὐθύνω

1070 2303 1128 2333 LA
1144 2299 1214 2346 pr.]
1231 2299 1330 2335 πόλιν
1350 2303 1428 2333 Ant.
1446 2299 1522 2334 178.
1551 2300 1668 2347 λαβὼν
1686 2302 1804 2348 χώοας
1821 2300 1973 2347 παντελῆ
1995 2313 2081 2346 μον-

1069 2347 1191 2396 αρχίαν
1215 2346 1338 2383 εὔθυνε
1357 2346 1446 2381 1164
1477 2345 1619 2395 [ηὔθυνε
1636 2331 1774 2394 Dind.].
1804 2350 1988 2390 Augmenti
2006 2350 2083 2380 nul-

1067 2397 1137 2428 lum
1155 2398 1356 2436 vestigium,
1386 2406 1448 2427 nec
1472 2397 1656 2428 verisimile
1681 2397 1844 2428 eiusmodi
1869 2398 1970 2429 verba
1987 2399 2082 2428 aucta

1068 2444 1176 2474 fuisse
1194 2444 1378 2475 secundum
1396 2443 1579 2475 Herodiani
1596 2444 1684 2475 dicta
1712 2454 1744 2484 p.
1768 2440 1847 2483 314,
1869 2441 1924 2476 38.
1946 2445 2078 2483 Herm.,

1068 2494 1103 2522 et
1121 2490 1256 2522 Suidam
1269 2501 1302 2522 V.
1323 2487 1505 2536 εὐλόγησα.
1534 2490 1617 2522 Nam
1635 2491 1722 2532 quod
1739 2491 1841 2522 Moer.
1863 2500 1896 2531 p.
1921 2488 1985 2522 175
2004 2500 2081 2522 con-

1068 2538 1207 2568 trarium
1224 2538 1388 2569 affirmare
1403 2537 1546 2578 videtur,
1567 2547 1720 2578 magnam
1737 2538 2006 2578 interpolationis
2021 2547 2080 2569 su—

1069 2585 1251 2625 spicionem
1277 2585 1388 2615 habet.
1424 2585 1529 2616 Nemo
1555 2594 1655 2616 sanus
1682 2586 1773 2616 enim
1797 2595 1874 2616 cum
1895 2585 2079 2617 notissimis

1068 2631 1136 2662 illis
1161 2629 1374 2676 ἠβουλόμην,
1402 2628 1602 2676 ἠδυνάμην,
1631 2629 1783 2676 ἤμελλον
1809 2635 1964 2672 quartum
1982 2632 2080 2673 plane

1067 2679 1220 2710 absimile
1235 2682 1269 2709 et
1282 2679 1368 2709 alius
1382 2679 1514 2718 generis
1527 2679 1666 2710 Verbum
1679 2676 1839 2724 ηὐξάμην
1849 2679 2074 2710 coniunxerit.

1137 2740 1282 2785 Εὐθῦς
1313 2748 1496 2788 confestim.
1543 2749 1626 2780 Nota
1652 2752 1751 2787 sunt,
1781 2758 1867 2789 quae
1893 2749 1933 2780 de
1957 2749 2079 2780 distin-

1067 2796 1209 2835 guendis
1226 2792 1329 2831 εὐθύς
1347 2799 1380 2826 et
1397 2791 1479 2828 εὐθύ
1497 2796 1594 2836 quasi
1609 2797 1761 2827 certatim
1779 2797 1950 2827 contulere
1968 2804 2077 2835 gram-

1068 2843 1191 2882 matici,
1220 2843 1330 2873 Amm.
1361 2852 1394 2883 p.
1417 2838 1461 2873 62
1475 2843 1548 2873 coll.
1570 2843 1685 2874 Valck.
1715 2843 1817 2874 anim.
1846 2853 1880 2883 p.
1902 2839 1958 2882 90,
1990 2842 2080 2873 unde

1067 2890 1187 2921 omisso
1211 2889 1388 2920 Menandri
1404 2889 1492 2929 loco,
1516 2898 1580 2929 quo
1606 2889 1664 2920 ille
1682 2886 1909 2934 ἀκυρολογίας
1926 2890 2080 2929 exemplo

1067 2937 1175 2968 utitur
1201 2934 1248 2979 [V.
1270 2936 1416 2967 Meinek.
1445 2945 1478 2976 p.
1501 2932 1562 2978 52)
1578 2945 1638 2967 sua
1655 2937 1846 2976 desumpsit
1863 2936 1922 2968 EG
1940 2946 1973 2977 p.
1994 2932 2073 2976 221,

1066 2980 1129 3024 41;
1159 2983 1279 3014 deinde
1305 2982 1429 3021 Phryn.
1459 2992 1493 3023 p.
1518 2979 1594 3014 144.
1629 2983 1715 3014 Tim.
1737 2993 1770 3023 p.
1796 2979 1872 3015 127.
1894 2983 1996 3014 schol.
2017 2983 2075 3014 Ar.

1067 3030 1153 3061 Nub.
1178 3026 1268 3061 1048
1292 3029 1407 3060 Herm.
1426 3054 1433 3068 ,
1455 3030 1628 3070 explicans
1647 3027 1682 3062 ἐν
1701 3027 1810 3075 άρχῄι
1839 3039 1900 3061 nec
1925 3030 2080 3061 adversa-

1066 3080 1122 3108 tur
1146 3077 1241 3108 Eust.
1270 3086 1303 3117 p.
1326 3071 1406 3115 579,
1437 3073 1453 3106 1
1487 3078 1634 3108 scribens
1658 3075 1717 3109 καὶ
1741 3075 1779 3110 τὸ
1803 3073 1932 3113 εὐθὺς
1959 3074 1996 3109 δὲ
2020 3075 2080 3108 καὶ

1069 3120 1164 3160 ἰθὺς
1235 3120 1364 3166 ὁμοίως
1381 3120 1549 3168 ἀπάγουσι
1565 3122 1603 3156 τὸ
1621 3133 1639 3155 σ
1656 3121 1691 3156 ἐν
1707 3121 1760 3167 τῷ
1777 3120 1882 3156 εὐθὺ
1907 3121 1967 3156 καὶ
1985 3120 2074 3164 ἰθύ,

1067 3167 1145 3203 ὅθεν
1171 3167 1228 3203 καὶ
1250 3168 1288 3203 τὸ
1312 3163 1410 3202 κατ’
1434 3167 1538 3203 εὐθὺ
1563 3167 1621 3202 καὶ
1646 3164 1741 3202 κατ’
1768 3167 1852 3203 ἰθύ.
1890 3170 1942 3202 De
1959 3179 2078 3202 recen-

1066 3217 1207 3248 tioribus
1224 3217 1377 3248 laudasse
1394 3217 1475 3247 satis
1491 3220 1544 3249 est
1559 3217 1752 3248 Hemsterh.
1774 3217 1815 3248 ad
1833 3217 1973 3249 Lucian.
1997 3217 2074 3249 dial.

1066 3267 1163 3295 mort.
1191 3273 1225 3304 p.
1247 3258 1327 3295 437.
1348 3263 1549 3303 Wesseling.
1570 3264 1610 3295 ad
1627 3264 1721 3295 Diod.
1744 3261 1778 3303 2,
1803 3260 1857 3295 12.
1878 3265 2014 3296 Ruhnk.
2036 3264 2076 3295 ad

1067 3309 1153 3342 Tim.
1170 3311 1193 3342 1.
1207 3319 1234 3341 c.
1257 3310 1372 3341 Valck.
1395 3310 1435 3341 ad
1453 3311 1556 3351 Hipp.
1581 3307 1681 3342 1197.
1704 3311 1784 3342 Lob.
1806 3311 1847 3342 ad
1862 3311 1986 3349 Phryn.
2007 3311 2029 3342 l.
2044 3320 2071 3342 c.

79 3370 85 3379 ὅ,
146 3349 274 3397 ἀμνούς
306 3358 358 3387 est
383 3365 413 3387 V.
434 3355 457 3387 l.
478 3355 514 3387 in
533 3356 572 3387 fr.
595 3352 663 3389 708
691 3366 723 3387 V.
752 3354 846 3402 ἐτήρ.
880 3353 1021 3402 εὐειρας,
1065 3354 1207 3400 [Pathol.
1224 3353 1258 3397 2,
1278 3353 1347 3389 283
1361 3366 1394 3388 n.
1415 3353 1465 3400 1.]
1484 3357 1619 3389 Dissen.
1642 3357 1682 3389 ad
1699 3357 1797 3389 Pind.
1817 3367 1851 3398 p.
1874 3354 1954 3389 546.
1983 3357 2077 3396 Quod

51 3427 445 3579 ’ίζβιίλψιμι
506 3474 535 3498 ι.
558 3449 585 3498 st
607 3443 651 3494 [a
671 3447 865 3504 [etQ
935 3458 995 3518 354
1021 3434 1183 3496 &Aluus
1200 3413 1291 3485 llys
1336 3425 1454 3480 >effi-l(

1158 3502 1172 3537 l
