<?xml version="1.0" encoding="UTF-8"?>
<!DOCTYPE html PUBLIC "-//W3C//DTD XHTML 1.0 Transitional//EN"
    "http://www.w3.org/TR/xhtml1/DTD/xhtml1-transitional.dtd">
<html xmlns="http://www.w3.org/1999/xhtml" xml:lang="en" lang="en">
 <head>
  <title>
</title>
<meta http-equiv="Content-Type" content="text/html;charset=utf-8" />
  <meta name='ocr-system' content='tesseract 3.04.00' />
  <meta name='ocr-capabilities' content='ocr_page ocr_carea ocr_par ocr_line ocrx_word'/>
</head>
<body>
  <div class='ocr_page' id='page_1' title='image "./lexiconsophocleu00elleuoft_0941.png"; bbox 0 0 2288 3600; ppageno 0'>
   <div class='ocr_carea' id='block_1_1' title="bbox 0 0 92 211">
    <p class='ocr_par' dir='ltr' id='par_1_1' title="bbox 0 0 92 211">
     <span class='ocr_line' id='line_1_1' title="bbox 0 0 92 211; baseline 0 0"><span class='ocrx_word' id='word_1_1' title='bbox 0 0 92 211; x_wconf 95' lang='lat' dir='ltr'><strong>  </strong></span> 
     </span>
    </p>
   </div>
   <div class='ocr_carea' id='block_1_2' title="bbox 28 118 274 198">
    <p class='ocr_par' dir='ltr' id='par_1_2' title="bbox 28 118 274 198">
     <span class='ocr_line' id='line_1_2' title="bbox 28 118 274 198; baseline -0.004 -11"><span class='ocrx_word' id='word_1_2' title='bbox 28 118 29 125; x_wconf 13' lang='grc' dir='ltr'>ί</span> <span class='ocrx_word' id='word_1_3' title='bbox 59 149 274 198; x_wconf 77' lang='lat' dir='ltr'>117-12o.]</span> 
     </span>
    </p>
   </div>
   <div class='ocr_carea' id='block_1_3' title="bbox 0 256 961 3173">
    <p class='ocr_par' dir='ltr' id='par_1_3' title="bbox 0 256 961 3173">
     <span class='ocr_line' id='line_1_3' title="bbox 0 256 954 306; baseline 0 -14"><span class='ocrx_word' id='word_1_4' title='bbox 0 265 16 303; x_wconf 58' lang='lat' dir='ltr'>fi</span> <span class='ocrx_word' id='word_1_5' title='bbox 44 282 47 284; x_wconf 75' lang='lat'><strong><em>—</em></strong></span> <span class='ocrx_word' id='word_1_6' title='bbox 67 257 94 287; x_wconf 78' lang='lat'><strong>-‘</strong></span> <span class='ocrx_word' id='word_1_7' title='bbox 174 257 265 303; x_wconf 79' lang='grc' dir='ltr'>αιτίᾳ</span> <span class='ocrx_word' id='word_1_8' title='bbox 280 260 341 293; x_wconf 76' lang='grc' dir='ltr'><strong>τοῦ</strong></span> <span class='ocrx_word' id='word_1_9' title='bbox 358 270 385 303; x_wconf 82' lang='grc' dir='ltr'>μ</span> <span class='ocrx_word' id='word_1_10' title='bbox 412 256 469 292; x_wconf 83' lang='grc' dir='ltr'><strong>δὲν</strong></span> <span class='ocrx_word' id='word_1_11' title='bbox 487 256 630 306; x_wconf 75' lang='grc' dir='ltr'>αἰσχροῦ</span> <span class='ocrx_word' id='word_1_12' title='bbox 649 260 705 292; x_wconf 89' lang='lat' dir='ltr'><strong>Tr.</strong></span> <span class='ocrx_word' id='word_1_13' title='bbox 726 256 807 291; x_wconf 91' lang='grc'>448.</span> <span class='ocrx_word' id='word_1_14' title='bbox 844 257 954 305; x_wconf 84' lang='grc' dir='ltr'>μηδὲν</span> 
     </span>
     <span class='ocr_line' id='line_1_4' title="bbox 0 268 951 352; baseline -0.001 -12"><span class='ocrx_word' id='word_1_15' title='bbox 0 270 174 347; x_wconf 55' lang='grc' dir='ltr'>’ὴᾞὸἒτ</span> <span class='ocrx_word' id='word_1_16' title='bbox 179 317 210 339; x_wconf 88' lang='lat' dir='ltr'><strong>v.</strong></span> <span class='ocrx_word' id='word_1_17' title='bbox 237 303 309 351; x_wconf 80' lang='grc' dir='ltr'>εἰμί</span> <span class='ocrx_word' id='word_1_18' title='bbox 333 310 368 338; x_wconf 88' lang='lat' dir='ltr'><strong>et</strong></span> <span class='ocrx_word' id='word_1_19' title='bbox 385 268 495 352; x_wconf 51' lang='grc' dir='ltr'>ἕρπω.</span> <span class='ocrx_word' id='word_1_20' title='bbox 550 303 658 352; x_wconf 83' lang='grc' dir='ltr'>μηδέν</span> <span class='ocrx_word' id='word_1_21' title='bbox 683 317 715 340; x_wconf 82' lang='grc' dir='ltr'><strong>τι</strong></span> <span class='ocrx_word' id='word_1_22' title='bbox 742 303 874 350; x_wconf 81' lang='grc' dir='ltr'>μᾶλλον</span> <span class='ocrx_word' id='word_1_23' title='bbox 896 331 903 339; x_wconf 96' lang='grc'><strong>.</strong></span> <span class='ocrx_word' id='word_1_24' title='bbox 919 332 926 339; x_wconf 94' lang='grc'><strong>.</strong></span> <span class='ocrx_word' id='word_1_25' title='bbox 943 331 951 339; x_wconf 99' lang='grc'><strong>.</strong></span> 
     </span>
     <span class='ocr_line' id='line_1_5' title="bbox 0 349 955 401; baseline 0 -13"><span class='ocrx_word' id='word_1_26' title='bbox 0 351 177 401; x_wconf 50' lang='lat' dir='ltr'><strong>maiman</strong></span> <span class='ocrx_word' id='word_1_27' title='bbox 209 353 263 386; x_wconf 78' lang='grc' dir='ltr'><strong>Αἰ.</strong></span> <span class='ocrx_word' id='word_1_28' title='bbox 292 349 373 386; x_wconf 86' lang='grc'>280.</span> <span class='ocrx_word' id='word_1_29' title='bbox 416 355 576 388; x_wconf 84' lang='grc' dir='ltr'>κακοῖσιν</span> <span class='ocrx_word' id='word_1_30' title='bbox 601 350 691 391; x_wconf 82' lang='grc' dir='ltr'>ὅστις</span> <span class='ocrx_word' id='word_1_31' title='bbox 717 351 828 398; x_wconf 86' lang='grc' dir='ltr'>μηδὲν</span> <span class='ocrx_word' id='word_1_32' title='bbox 854 351 955 392; x_wconf 73' lang='grc' dir='ltr'>ἐξαλ-</span> 
     </span>
     <span class='ocr_line' id='line_1_6' title="bbox 0 397 952 446; baseline -0.002 -12"><span class='ocrx_word' id='word_1_33' title='bbox 0 399 102 440; x_wconf 62' lang='lat' dir='ltr'><strong>&#39;iuerat</strong></span> <span class='ocrx_word' id='word_1_34' title='bbox 115 397 197 433; x_wconf 87' lang='grc'>474.</span> <span class='ocrx_word' id='word_1_35' title='bbox 225 398 277 434; x_wconf 80' lang='grc' dir='ltr'><strong>σοὶ</strong></span> <span class='ocrx_word' id='word_1_36' title='bbox 295 397 404 445; x_wconf 86' lang='grc' dir='ltr'>μηδὲν</span> <span class='ocrx_word' id='word_1_37' title='bbox 421 398 527 445; x_wconf 84' lang='grc' dir='ltr'>ἧσσον</span> <span class='ocrx_word' id='word_1_38' title='bbox 607 398 750 446; x_wconf 80' lang='grc' dir='ltr'>Ευνηρετ</span> <span class='ocrx_word' id='word_1_39' title='bbox 796 402 828 434; x_wconf 90' lang='grc' dir='ltr'><strong>ῖν</strong></span> <span class='ocrx_word' id='word_1_40' title='bbox 850 397 952 434; x_wconf 86' lang='grc'>1329.</span> 
     </span>
     <span class='ocr_line' id='line_1_7' title="bbox 0 444 956 492; baseline -0.001 -11"><span class='ocrx_word' id='word_1_41' title='bbox 0 447 53 486; x_wconf 63' lang='lat' dir='ltr'><strong>hm</strong></span> <span class='ocrx_word' id='word_1_42' title='bbox 70 447 155 480; x_wconf 83' lang='lat' dir='ltr'><strong>illud</strong></span> <span class='ocrx_word' id='word_1_43' title='bbox 171 445 338 485; x_wconf 78' lang='grc' dir='ltr'>πειστέον,</span> <span class='ocrx_word' id='word_1_44' title='bbox 363 446 417 482; x_wconf 82' lang='grc' dir='ltr'>κεί</span> <span class='ocrx_word' id='word_1_45' title='bbox 436 445 546 492; x_wconf 85' lang='grc' dir='ltr'>μηδὲν</span> <span class='ocrx_word' id='word_1_46' title='bbox 562 445 628 491; x_wconf 82' lang='grc' dir='ltr'>ἡδύ</span> <span class='ocrx_word' id='word_1_47' title='bbox 648 446 706 480; x_wconf 86' lang='lat' dir='ltr'><strong>OR</strong></span> <span class='ocrx_word' id='word_1_48' title='bbox 725 445 740 480; x_wconf 91' lang='lat'>1</span> <span class='ocrx_word' id='word_1_49' title='bbox 773 444 814 480; x_wconf 89' lang='grc'><strong>16</strong></span> <span class='ocrx_word' id='word_1_50' title='bbox 838 449 886 480; x_wconf 88' lang='lat' dir='ltr'><strong>ita</strong></span> <span class='ocrx_word' id='word_1_51' title='bbox 903 449 956 480; x_wconf 91' lang='lat' dir='ltr'><strong>in-</strong></span> 
     </span>
     <span class='ocr_line' id='line_1_8' title="bbox 0 492 952 540; baseline -0.001 -13"><span class='ocrx_word' id='word_1_52' title='bbox 0 494 56 537; x_wconf 63' lang='lat' dir='ltr'><strong>figo</strong></span> <span class='ocrx_word' id='word_1_53' title='bbox 79 498 119 528; x_wconf 85' lang='lat' dir='ltr'><strong>ut</strong></span> <span class='ocrx_word' id='word_1_54' title='bbox 143 492 252 540; x_wconf 79' lang='grc' dir='ltr'>μηδέν</span> <span class='ocrx_word' id='word_1_55' title='bbox 277 495 323 527; x_wconf 84' lang='lat' dir='ltr'><strong>sit</strong></span> <span class='ocrx_word' id='word_1_56' title='bbox 345 496 555 527; x_wconf 86' lang='lat' dir='ltr'><strong>accusativus</strong></span> <span class='ocrx_word' id='word_1_57' title='bbox 579 495 814 527; x_wconf 77' lang='lat' dir='ltr'><strong>adverbialiter</strong></span> <span class='ocrx_word' id='word_1_58' title='bbox 830 495 952 527; x_wconf 87' lang='lat' dir='ltr'><strong>dictus.</strong></span> 
     </span>
     <span class='ocr_line' id='line_1_9' title="bbox 0 537 957 588; baseline -0.002 -13"><span class='ocrx_word' id='word_1_59' title='bbox 0 542 106 577; x_wconf 66' lang='lat' dir='ltr'><strong>»adde</strong></span> <span class='ocrx_word' id='word_1_60' title='bbox 122 539 325 574; x_wconf 87' lang='lat' dir='ltr'><strong>locutionem</strong></span> <span class='ocrx_word' id='word_1_61' title='bbox 350 538 421 575; x_wconf 86' lang='grc' dir='ltr'>ἐπὶ</span> <span class='ocrx_word' id='word_1_62' title='bbox 447 539 583 587; x_wconf 85' lang='grc' dir='ltr'>μηδὲν</span> <span class='ocrx_word' id='word_1_63' title='bbox 611 537 843 588; x_wconf 79' lang='grc' dir='ltr'>ἔργεσθαι,</span> <span class='ocrx_word' id='word_1_64' title='bbox 871 544 957 574; x_wconf 76' lang='lat' dir='ltr'><strong>oeci-</strong></span> 
     </span>
     <span class='ocr_line' id='line_1_10' title="bbox 0 582 956 634; baseline 0 -12"><span class='ocrx_word' id='word_1_65' title='bbox 0 588 43 626; x_wconf 66' lang='lat' dir='ltr'><strong>idi</strong></span> <span class='ocrx_word' id='word_1_66' title='bbox 66 598 94 622; x_wconf 80' lang='lat' dir='ltr'><strong>S.</strong></span> <span class='ocrx_word' id='word_1_67' title='bbox 123 588 308 621; x_wconf 70' lang='lat' dir='ltr'><strong>intereundi</strong></span> <span class='ocrx_word' id='word_1_68' title='bbox 330 598 431 620; x_wconf 86' lang='lat' dir='ltr'><strong>sensu</strong></span> <span class='ocrx_word' id='word_1_69' title='bbox 449 589 514 620; x_wconf 82' lang='lat' dir='ltr'><strong>dici</strong></span> <span class='ocrx_word' id='word_1_70' title='bbox 532 582 688 621; x_wconf 53' lang='lat' dir='ltr'><strong>solitam?</strong></span> <span class='ocrx_word' id='word_1_71' title='bbox 719 586 852 633; x_wconf 84' lang='grc' dir='ltr'>δαίμων</span> <span class='ocrx_word' id='word_1_72' title='bbox 869 586 956 634; x_wconf 82' lang='grc' dir='ltr'>ἡμῖν</span> 
     </span>
     <span class='ocr_line' id='line_1_11' title="bbox 0 632 957 682; baseline 0 -13"><span class='ocrx_word' id='word_1_73' title='bbox 0 632 137 682; x_wconf 66' lang='grc' dir='ltr'>Ιπορρεῐ</span> <span class='ocrx_word' id='word_1_74' title='bbox 151 633 238 670; x_wconf 82' lang='grc' dir='ltr'>κάπὶ</span> <span class='ocrx_word' id='word_1_75' title='bbox 257 633 365 680; x_wconf 85' lang='grc' dir='ltr'>μηδὲν</span> <span class='ocrx_word' id='word_1_76' title='bbox 384 633 521 682; x_wconf 80' lang='grc' dir='ltr'>ἔρχεται</span> <span class='ocrx_word' id='word_1_77' title='bbox 538 636 589 668; x_wconf 87' lang='grc' dir='ltr'><strong>ΕΙ.</strong></span> <span class='ocrx_word' id='word_1_78' title='bbox 611 633 711 668; x_wconf 89' lang='grc'>1000.</span> <span class='ocrx_word' id='word_1_79' title='bbox 740 633 842 669; x_wconf 82' lang='grc' dir='ltr'>πάλιν</span> <span class='ocrx_word' id='word_1_80' title='bbox 860 633 957 682; x_wconf 85' lang='grc' dir='ltr'>διαρ-</span> 
     </span>
     <span class='ocr_line' id='line_1_12' title="bbox 3 679 958 729; baseline -0.001 -12"><span class='ocrx_word' id='word_1_81' title='bbox 3 680 105 723; x_wconf 69' lang='grc' dir='ltr'>,κάπὶ</span> <span class='ocrx_word' id='word_1_82' title='bbox 130 681 240 728; x_wconf 83' lang='grc' dir='ltr'>μηδὲν</span> <span class='ocrx_word' id='word_1_83' title='bbox 264 680 401 729; x_wconf 83' lang='grc' dir='ltr'>ἔρχεται</span> <span class='ocrx_word' id='word_1_84' title='bbox 428 684 468 714; x_wconf 79' lang='lat' dir='ltr'><strong>fr.</strong></span> <span class='ocrx_word' id='word_1_85' title='bbox 495 684 560 715; x_wconf 82' lang='lat' dir='ltr'><strong>inc.</strong></span> <span class='ocrx_word' id='word_1_86' title='bbox 581 679 661 723; x_wconf 87' lang='lat'>713,</span> <span class='ocrx_word' id='word_1_87' title='bbox 683 681 706 715; x_wconf 91' lang='grc'><strong>8</strong></span> <span class='ocrx_word' id='word_1_88' title='bbox 728 683 770 715; x_wconf 87' lang='lat' dir='ltr'><strong>de</strong></span> <span class='ocrx_word' id='word_1_89' title='bbox 794 684 874 716; x_wconf 84' lang='lat' dir='ltr'><strong>luna</strong></span> <span class='ocrx_word' id='word_1_90' title='bbox 898 693 958 725; x_wconf 89' lang='lat' dir='ltr'><strong>per</strong></span> 
     </span>
     <span class='ocr_line' id='line_1_13' title="bbox 0 728 957 776; baseline -0.001 -13"><span class='ocrx_word' id='word_1_91' title='bbox 0 730 120 768; x_wconf 68' lang='lat' dir='ltr'><strong>arlunii</strong></span> <span class='ocrx_word' id='word_1_92' title='bbox 139 734 274 771; x_wconf 88' lang='lat' dir='ltr'><strong>tempus</strong></span> <span class='ocrx_word' id='word_1_93' title='bbox 292 734 526 764; x_wconf 74' lang='lat' dir='ltr'><strong>evanescente.</strong></span> <span class='ocrx_word' id='word_1_94' title='bbox 539 748 585 753; x_wconf 92' lang='lat'><strong>--</strong></span> <span class='ocrx_word' id='word_1_95' title='bbox 602 728 695 768; x_wconf 82' lang='lat' dir='ltr'><strong>Quae</strong></span> <span class='ocrx_word' id='word_1_96' title='bbox 709 730 750 762; x_wconf 88' lang='lat' dir='ltr'><strong>de</strong></span> <span class='ocrx_word' id='word_1_97' title='bbox 764 728 826 776; x_wconf 83' lang='grc' dir='ltr'>μή,</span> <span class='ocrx_word' id='word_1_98' title='bbox 839 730 957 762; x_wconf 87' lang='lat' dir='ltr'><strong>eadem</strong></span> 
     </span>
     <span class='ocr_line' id='line_1_14' title="bbox 0 774 953 822; baseline -0.001 -12"><span class='ocrx_word' id='word_1_99' title='bbox 0 777 42 812; x_wconf 81' lang='lat' dir='ltr'><strong>de</strong></span> <span class='ocrx_word' id='word_1_100' title='bbox 67 774 188 822; x_wconf 87' lang='grc' dir='ltr'>μηδείς</span> <span class='ocrx_word' id='word_1_101' title='bbox 211 777 352 810; x_wconf 85' lang='lat' dir='ltr'><strong>dicendo</strong></span> <span class='ocrx_word' id='word_1_102' title='bbox 376 786 453 809; x_wconf 83' lang='lat' dir='ltr'><strong>vera</strong></span> <span class='ocrx_word' id='word_1_103' title='bbox 479 787 573 817; x_wconf 84' lang='lat' dir='ltr'><strong>esse,</strong></span> <span class='ocrx_word' id='word_1_104' title='bbox 603 781 866 810; x_wconf 85' lang='lat' dir='ltr'><strong>consentaneum</strong></span> <span class='ocrx_word' id='word_1_105' title='bbox 889 781 953 810; x_wconf 78' lang='lat' dir='ltr'><strong>est.</strong></span> 
     </span>
     <span class='ocr_line' id='line_1_15' title="bbox 0 823 957 865; baseline 0 -9"><span class='ocrx_word' id='word_1_106' title='bbox 0 825 153 861; x_wconf 66' lang='lat' dir='ltr'><strong>formulis</strong></span> <span class='ocrx_word' id='word_1_107' title='bbox 170 825 274 863; x_wconf 87' lang='lat' dir='ltr'><strong>igitur</strong></span> <span class='ocrx_word' id='word_1_108' title='bbox 289 823 434 863; x_wconf 73' lang='lat' dir='ltr'><strong>vetandi,</strong></span> <span class='ocrx_word' id='word_1_109' title='bbox 453 823 601 865; x_wconf 78' lang='lat' dir='ltr'><strong>optandi,</strong></span> <span class='ocrx_word' id='word_1_110' title='bbox 621 824 784 865; x_wconf 76' lang='lat' dir='ltr'><strong>hortandi,</strong></span> <span class='ocrx_word' id='word_1_111' title='bbox 807 826 842 856; x_wconf 93' lang='lat' dir='ltr'><strong>in</strong></span> <span class='ocrx_word' id='word_1_112' title='bbox 860 824 957 857; x_wconf 72' lang='lat' dir='ltr'><strong>dictis</strong></span> 
     </span>
     <span class='ocr_line' id='line_1_16' title="bbox 0 870 957 912; baseline -0.001 -8"><span class='ocrx_word' id='word_1_113' title='bbox 0 871 96 904; x_wconf 73' lang='lat' dir='ltr'><strong>»libus</strong></span> <span class='ocrx_word' id='word_1_114' title='bbox 113 870 389 903; x_wconf 74' lang='lat' dir='ltr'><strong><em>conditionalibus</em></strong></span> <span class='ocrx_word' id='word_1_115' title='bbox 406 875 440 902; x_wconf 89' lang='lat' dir='ltr'><strong>et</strong></span> <span class='ocrx_word' id='word_1_116' title='bbox 456 872 626 912; x_wconf 88' lang='lat' dir='ltr'><strong>plerisque</strong></span> <span class='ocrx_word' id='word_1_117' title='bbox 643 872 789 903; x_wconf 68' lang='lat' dir='ltr'><strong>‘relativis</strong></span> <span class='ocrx_word' id='word_1_118' title='bbox 807 881 866 904; x_wconf 88' lang='lat' dir='ltr'><strong>suo</strong></span> <span class='ocrx_word' id='word_1_119' title='bbox 884 872 957 903; x_wconf 85' lang='lat' dir='ltr'><strong>iure</strong></span> 
     </span>
     <span class='ocr_line' id='line_1_17' title="bbox 0 918 957 959; baseline -0.001 -8"><span class='ocrx_word' id='word_1_120' title='bbox 0 918 98 951; x_wconf 76' lang='lat' dir='ltr'><strong>dtur:</strong></span> <span class='ocrx_word' id='word_1_121' title='bbox 118 919 281 950; x_wconf 80' lang='lat' dir='ltr'><strong>usitatum</strong></span> <span class='ocrx_word' id='word_1_122' title='bbox 292 922 344 950; x_wconf 88' lang='lat' dir='ltr'><strong>est</strong></span> <span class='ocrx_word' id='word_1_123' title='bbox 353 919 453 949; x_wconf 80' lang='lat' dir='ltr'><strong>etiam</strong></span> <span class='ocrx_word' id='word_1_124' title='bbox 468 928 521 959; x_wconf 81' lang='lat' dir='ltr'><strong>ap.</strong></span> <span class='ocrx_word' id='word_1_125' title='bbox 534 919 733 950; x_wconf 85' lang='lat' dir='ltr'><strong>inflnitivos.</strong></span> <span class='ocrx_word' id='word_1_126' title='bbox 755 919 819 951; x_wconf 88' lang='lat' dir='ltr'><strong>Sed</strong></span> <span class='ocrx_word' id='word_1_127' title='bbox 832 920 867 950; x_wconf 91' lang='lat' dir='ltr'><strong>in</strong></span> <span class='ocrx_word' id='word_1_128' title='bbox 882 919 957 950; x_wconf 85' lang='lat' dir='ltr'><strong>aliis</strong></span> 
     </span>
     <span class='ocr_line' id='line_1_18' title="bbox 0 965 955 1006; baseline 0 -8"><span class='ocrx_word' id='word_1_129' title='bbox 0 966 75 998; x_wconf 76' lang='lat' dir='ltr'><strong>endi</strong></span> <span class='ocrx_word' id='word_1_130' title='bbox 100 965 278 1005; x_wconf 83' lang='lat' dir='ltr'><strong>generibus</strong></span> <span class='ocrx_word' id='word_1_131' title='bbox 302 965 390 997; x_wconf 87' lang='lat' dir='ltr'><strong>haud</strong></span> <span class='ocrx_word' id='word_1_132' title='bbox 413 965 620 997; x_wconf 83' lang='lat' dir='ltr'>incommode</span> <span class='ocrx_word' id='word_1_133' title='bbox 645 966 839 1006; x_wconf 79' lang='lat' dir='ltr'><strong>negationes</strong></span> <span class='ocrx_word' id='word_1_134' title='bbox 866 975 955 998; x_wconf 86' lang='lat' dir='ltr'><strong>com-</strong></span> 
     </span>
     <span class='ocr_line' id='line_1_19' title="bbox 0 1009 957 1054; baseline 0.001 -10"><span class='ocrx_word' id='word_1_135' title='bbox 0 1013 66 1051; x_wconf 59' lang='grc' dir='ltr'><strong>,μή</strong></span> <span class='ocrx_word' id='word_1_136' title='bbox 83 1013 173 1045; x_wconf 87' lang='lat' dir='ltr'><strong>inter</strong></span> <span class='ocrx_word' id='word_1_137' title='bbox 189 1021 226 1047; x_wconf 83' lang='lat' dir='ltr'><strong>se</strong></span> <span class='ocrx_word' id='word_1_138' title='bbox 243 1016 446 1054; x_wconf 85' lang='lat' dir='ltr'><strong>potuerunt,</strong></span> <span class='ocrx_word' id='word_1_139' title='bbox 478 1013 572 1044; x_wconf 86' lang='lat' dir='ltr'><strong>velut</strong></span> <span class='ocrx_word' id='word_1_140' title='bbox 588 1011 647 1044; x_wconf 81' lang='grc' dir='ltr'><strong>ΟΒ</strong></span> <span class='ocrx_word' id='word_1_141' title='bbox 663 1009 743 1044; x_wconf 87' lang='grc'>397.</span> <span class='ocrx_word' id='word_1_142' title='bbox 770 1010 871 1047; x_wconf 87' lang='grc'>1335.</span> <span class='ocrx_word' id='word_1_143' title='bbox 901 1013 957 1045; x_wconf 90' lang='lat' dir='ltr'><strong>OC</strong></span> 
     </span>
     <span class='ocr_line' id='line_1_20' title="bbox 0 1050 958 1100; baseline -0.001 -7"><span class='ocrx_word' id='word_1_144' title='bbox 0 1055 46 1094; x_wconf 66' lang='lat'><strong>22.</strong></span> <span class='ocrx_word' id='word_1_145' title='bbox 75 1059 136 1092; x_wconf 90' lang='lat' dir='ltr'><strong>Ph.</strong></span> <span class='ocrx_word' id='word_1_146' title='bbox 156 1050 238 1091; x_wconf 90' lang='lat'>409.</span> <span class='ocrx_word' id='word_1_147' title='bbox 269 1055 371 1091; x_wconf 88' lang='lat'>1006.</span> <span class='ocrx_word' id='word_1_148' title='bbox 399 1061 481 1091; x_wconf 83' lang='lat' dir='ltr'><strong>Ant.</strong></span> <span class='ocrx_word' id='word_1_149' title='bbox 502 1056 583 1091; x_wconf 88' lang='lat'>494.</span> <span class='ocrx_word' id='word_1_150' title='bbox 613 1060 664 1091; x_wconf 82' lang='lat' dir='ltr'><strong>El.</strong></span> <span class='ocrx_word' id='word_1_151' title='bbox 688 1056 790 1092; x_wconf 92' lang='lat'>1166.</span> <span class='ocrx_word' id='word_1_152' title='bbox 827 1061 958 1100; x_wconf 80' lang='lat' dir='ltr'><strong>Regnat</strong></span> 
     </span>
     <span class='ocr_line' id='line_1_21' title="bbox 3 1106 954 1148; baseline 0.001 -10"><span class='ocrx_word' id='word_1_153' title='bbox 3 1106 57 1141; x_wconf 78' lang='lat' dir='ltr'><strong>his</strong></span> <span class='ocrx_word' id='word_1_154' title='bbox 85 1106 279 1143; x_wconf 69' lang='lat' dir='ltr'><strong>dubitanter</strong></span> <span class='ocrx_word' id='word_1_155' title='bbox 301 1107 464 1148; x_wconf 78' lang='lat' dir='ltr'><strong>quaedam</strong></span> <span class='ocrx_word' id='word_1_156' title='bbox 493 1107 637 1146; x_wconf 86' lang='lat' dir='ltr'><strong>negandi</strong></span> <span class='ocrx_word' id='word_1_157' title='bbox 668 1107 878 1147; x_wconf 81' lang='lat' dir='ltr'><strong>significatio.</strong></span> <span class='ocrx_word' id='word_1_158' title='bbox 915 1124 954 1130; x_wconf 91' lang='lat'><em>-</em></span> 
     </span>
     <span class='ocr_line' id='line_1_22' title="bbox 0 1151 957 1200; baseline 0.001 -13"><span class='ocrx_word' id='word_1_159' title='bbox 0 1152 169 1197; x_wconf 62' lang='grc' dir='ltr'>Ξνοιιτὶειοε</span> <span class='ocrx_word' id='word_1_160' title='bbox 196 1155 355 1186; x_wconf 71' lang='lat' dir='ltr'><strong>amnonis</strong></span> <span class='ocrx_word' id='word_1_161' title='bbox 382 1155 418 1185; x_wconf 76' lang='lat' dir='ltr'><strong>in</strong></span> <span class='ocrx_word' id='word_1_162' title='bbox 450 1164 482 1185; x_wconf 82' lang='lat' dir='ltr'><strong>v.</strong></span> <span class='ocrx_word' id='word_1_163' title='bbox 515 1151 682 1199; x_wconf 84' lang='grc' dir='ltr'>μηδεὶς.</span> <span class='ocrx_word' id='word_1_164' title='bbox 735 1152 782 1188; x_wconf 89' lang='grc' dir='ltr'><strong>τὸ</strong></span> <span class='ocrx_word' id='word_1_165' title='bbox 817 1151 957 1200; x_wconf 83' lang='grc' dir='ltr'>μηδὲν</span> 
     </span>
     <span class='ocr_line' id='line_1_23' title="bbox 0 1199 959 1241; baseline -0.001 -6"><span class='ocrx_word' id='word_1_166' title='bbox 0 1199 58 1240; x_wconf 56' lang='lat' dir='ltr'><strong>tut</strong></span> <span class='ocrx_word' id='word_1_167' title='bbox 93 1201 235 1237; x_wconf 79' lang='lat' dir='ltr'><strong>cuilibet</strong></span> <span class='ocrx_word' id='word_1_168' title='bbox 271 1202 557 1234; x_wconf 75' lang='lat' dir='ltr'><strong>substantivorum</strong></span> <span class='ocrx_word' id='word_1_169' title='bbox 590 1202 708 1241; x_wconf 84' lang='lat' dir='ltr'><strong>generi</strong></span> <span class='ocrx_word' id='word_1_170' title='bbox 739 1201 891 1233; x_wconf 86' lang='lat' dir='ltr'><strong>additum</strong></span> <span class='ocrx_word' id='word_1_171' title='bbox 924 1205 959 1234; x_wconf 91' lang='lat' dir='ltr'><strong>et</strong></span> 
     </span>
     <span class='ocr_line' id='line_1_24' title="bbox 0 1246 958 1288; baseline 0.002 -10"><span class='ocrx_word' id='word_1_172' title='bbox 0 1246 98 1284; x_wconf 65' lang='lat' dir='ltr'><strong>idias«</strong></span> <span class='ocrx_word' id='word_1_173' title='bbox 113 1271 121 1287; x_wconf 91' lang='lat'>,</span> <span class='ocrx_word' id='word_1_174' title='bbox 149 1248 283 1288; x_wconf 70' lang='lat' dir='ltr'><strong>perum</strong></span> <span class='ocrx_word' id='word_1_175' title='bbox 312 1251 347 1279; x_wconf 92' lang='lat' dir='ltr'><strong>et</strong></span> <span class='ocrx_word' id='word_1_176' title='bbox 373 1247 470 1279; x_wconf 71' lang='lat' dir='ltr'><strong>nihili</strong></span> <span class='ocrx_word' id='word_1_177' title='bbox 495 1257 560 1279; x_wconf 70' lang='lat' dir='ltr'><strong>esse</strong></span> <span class='ocrx_word' id='word_1_178' title='bbox 586 1248 775 1288; x_wconf 80' lang='lat' dir='ltr'><strong>significare</strong></span> <span class='ocrx_word' id='word_1_179' title='bbox 799 1249 958 1283; x_wconf 81' lang='lat' dir='ltr'><strong>universe</strong></span> 
     </span>
     <span class='ocr_line' id='line_1_25' title="bbox 0 1292 953 1336; baseline 0.002 -10"><span class='ocrx_word' id='word_1_180' title='bbox 0 1297 156 1332; x_wconf 65' lang='lat' dir='ltr'><strong>verutum</strong></span> <span class='ocrx_word' id='word_1_181' title='bbox 188 1298 240 1328; x_wconf 83' lang='lat' dir='ltr'><strong>est</strong></span> <span class='ocrx_word' id='word_1_182' title='bbox 269 1305 290 1326; x_wconf 89' lang='lat' dir='ltr'><strong>a</strong></span> <span class='ocrx_word' id='word_1_183' title='bbox 322 1294 544 1334; x_wconf 85' lang='lat' dir='ltr'><strong>Wesselingio</strong></span> <span class='ocrx_word' id='word_1_184' title='bbox 576 1295 616 1326; x_wconf 85' lang='lat' dir='ltr'><strong>ad</strong></span> <span class='ocrx_word' id='word_1_185' title='bbox 649 1295 773 1328; x_wconf 87' lang='lat' dir='ltr'><strong>Herod.</strong></span> <span class='ocrx_word' id='word_1_186' title='bbox 803 1292 844 1336; x_wconf 82' lang='lat'><strong>8,</strong></span> <span class='ocrx_word' id='word_1_187' title='bbox 876 1292 953 1335; x_wconf 93' lang='grc'>106,</span> 
     </span>
     <span class='ocr_line' id='line_1_26' title="bbox 0 1338 954 1384; baseline 0.001 -11"><span class='ocrx_word' id='word_1_188' title='bbox 0 1340 59 1381; x_wconf 76' lang='lat' dir='ltr'><strong>iflk.</strong></span> <span class='ocrx_word' id='word_1_189' title='bbox 79 1341 120 1374; x_wconf 69' lang='grc' dir='ltr'><strong>ιὰ</strong></span> <span class='ocrx_word' id='word_1_190' title='bbox 139 1341 263 1375; x_wconf 86' lang='lat' dir='ltr'><strong>Phoen.</strong></span> <span class='ocrx_word' id='word_1_191' title='bbox 284 1338 365 1374; x_wconf 88' lang='grc'>601.</span> <span class='ocrx_word' id='word_1_192' title='bbox 403 1342 528 1374; x_wconf 88' lang='lat' dir='ltr'><strong>Locell.</strong></span> <span class='ocrx_word' id='word_1_193' title='bbox 557 1342 597 1373; x_wconf 85' lang='lat' dir='ltr'><strong>ad</strong></span> <span class='ocrx_word' id='word_1_194' title='bbox 615 1342 703 1374; x_wconf 84' lang='lat' dir='ltr'><strong>Xen.</strong></span> <span class='ocrx_word' id='word_1_195' title='bbox 727 1342 852 1384; x_wconf 80' lang='lat' dir='ltr'><strong>Ephes.</strong></span> <span class='ocrx_word' id='word_1_196' title='bbox 876 1339 954 1375; x_wconf 82' lang='lat'>129.</span> 
     </span>
     <span class='ocr_line' id='line_1_27' title="bbox 0 1385 953 1430; baseline 0.001 -10"><span class='ocrx_word' id='word_1_197' title='bbox 0 1388 69 1427; x_wconf 66' lang='lat' dir='ltr'><strong>ind.</strong></span> <span class='ocrx_word' id='word_1_198' title='bbox 88 1389 130 1421; x_wconf 84' lang='lat' dir='ltr'><strong>ad</strong></span> <span class='ocrx_word' id='word_1_199' title='bbox 147 1388 233 1422; x_wconf 89' lang='lat' dir='ltr'><strong>Plat.</strong></span> <span class='ocrx_word' id='word_1_200' title='bbox 253 1389 401 1428; x_wconf 77' lang='lat' dir='ltr'><strong>Euthyd.</strong></span> <span class='ocrx_word' id='word_1_201' title='bbox 422 1385 455 1421; x_wconf 88' lang='lat'><strong>3.</strong></span> <span class='ocrx_word' id='word_1_202' title='bbox 475 1399 510 1430; x_wconf 88' lang='lat' dir='ltr'><strong>p.</strong></span> <span class='ocrx_word' id='word_1_203' title='bbox 522 1385 604 1421; x_wconf 86' lang='lat'>419.</span> <span class='ocrx_word' id='word_1_204' title='bbox 634 1389 752 1422; x_wconf 84' lang='lat' dir='ltr'><strong>Elmsl.</strong></span> <span class='ocrx_word' id='word_1_205' title='bbox 768 1390 809 1422; x_wconf 86' lang='lat' dir='ltr'><strong>ad</strong></span> <span class='ocrx_word' id='word_1_206' title='bbox 823 1390 953 1425; x_wconf 68' lang='lat' dir='ltr'><strong>Heraea.</strong></span> 
     </span>
     <span class='ocr_line' id='line_1_28' title="bbox 0 1431 954 1480; baseline 0.002 -13"><span class='ocrx_word' id='word_1_207' title='bbox 0 1431 32 1480; x_wconf 58' lang='grc' dir='ltr'><strong>ξς</strong></span> <span class='ocrx_word' id='word_1_208' title='bbox 64 1439 99 1468; x_wconf 87' lang='lat' dir='ltr'><strong>et</strong></span> <span class='ocrx_word' id='word_1_209' title='bbox 124 1437 190 1469; x_wconf 86' lang='lat' dir='ltr'><strong>iam</strong></span> <span class='ocrx_word' id='word_1_210' title='bbox 213 1439 292 1473; x_wconf 80' lang='lat' dir='ltr'><strong>ante</strong></span> <span class='ocrx_word' id='word_1_211' title='bbox 318 1436 378 1469; x_wconf 87' lang='lat' dir='ltr'><strong>hos</strong></span> <span class='ocrx_word' id='word_1_212' title='bbox 404 1436 558 1475; x_wconf 78' lang='lat' dir='ltr'><strong>Berglero</strong></span> <span class='ocrx_word' id='word_1_213' title='bbox 580 1435 622 1473; x_wconf 75' lang='lat' dir='ltr'><strong>ad</strong></span> <span class='ocrx_word' id='word_1_214' title='bbox 645 1437 751 1468; x_wconf 86' lang='lat' dir='ltr'><strong>Arist.</strong></span> <span class='ocrx_word' id='word_1_215' title='bbox 781 1437 845 1478; x_wconf 83' lang='lat' dir='ltr'><strong>Eq.</strong></span> <span class='ocrx_word' id='word_1_216' title='bbox 876 1434 954 1470; x_wconf 97' lang='grc'>158.</span> 
     </span>
     <span class='ocr_line' id='line_1_29' title="bbox 86 1480 954 1524; baseline 0.001 -10"><span class='ocrx_word' id='word_1_217' title='bbox 86 1483 140 1514; x_wconf 85' lang='lat' dir='ltr'><strong>ius</strong></span> <span class='ocrx_word' id='word_1_218' title='bbox 173 1484 255 1516; x_wconf 81' lang='lat' dir='ltr'><strong>item</strong></span> <span class='ocrx_word' id='word_1_219' title='bbox 289 1491 382 1515; x_wconf 86' lang='lat' dir='ltr'><strong>orsus</strong></span> <span class='ocrx_word' id='word_1_220' title='bbox 416 1483 542 1523; x_wconf 86' lang='lat' dir='ltr'><strong>Reisig.</strong></span> <span class='ocrx_word' id='word_1_221' title='bbox 578 1492 686 1516; x_wconf 85' lang='lat' dir='ltr'><strong>enarr.</strong></span> <span class='ocrx_word' id='word_1_222' title='bbox 730 1483 786 1516; x_wconf 91' lang='lat' dir='ltr'><strong>OC</strong></span> <span class='ocrx_word' id='word_1_223' title='bbox 811 1493 845 1524; x_wconf 91' lang='lat' dir='ltr'><strong>p.</strong></span> <span class='ocrx_word' id='word_1_224' title='bbox 876 1480 954 1517; x_wconf 84' lang='grc'>125.</span> 
     </span>
     <span class='ocr_line' id='line_1_30' title="bbox 19 1525 954 1576; baseline 0.001 -16"><span class='ocrx_word' id='word_1_225' title='bbox 19 1525 118 1567; x_wconf 71' lang='grc' dir='ltr'>,δείς</span> <span class='ocrx_word' id='word_1_226' title='bbox 149 1527 194 1573; x_wconf 71' lang='grc' dir='ltr'><strong>(ε.</strong></span> <span class='ocrx_word' id='word_1_227' title='bbox 230 1530 318 1571; x_wconf 86' lang='lat' dir='ltr'><strong>quod</strong></span> <span class='ocrx_word' id='word_1_228' title='bbox 350 1530 459 1570; x_wconf 88' lang='lat' dir='ltr'><strong>idem,</strong></span> <span class='ocrx_word' id='word_1_229' title='bbox 492 1528 634 1576; x_wconf 82' lang='grc' dir='ltr'>μηδείς)</span> <span class='ocrx_word' id='word_1_230' title='bbox 667 1528 782 1564; x_wconf 82' lang='grc' dir='ltr'>εἶναι</span> <span class='ocrx_word' id='word_1_231' title='bbox 821 1531 954 1571; x_wconf 76' lang='lat' dir='ltr'><strong>dicitur,</strong></span> 
     </span>
     <span class='ocr_line' id='line_1_31' title="bbox 0 1575 957 1619; baseline 0 -8"><span class='ocrx_word' id='word_1_232' title='bbox 0 1577 70 1619; x_wconf 60' lang='lat' dir='ltr'><strong>illst,</strong></span> <span class='ocrx_word' id='word_1_233' title='bbox 103 1578 159 1618; x_wconf 80' lang='lat' dir='ltr'><strong>qui</strong></span> <span class='ocrx_word' id='word_1_234' title='bbox 186 1577 280 1609; x_wconf 80' lang='lat' dir='ltr'><strong>nullo</strong></span> <span class='ocrx_word' id='word_1_235' title='bbox 309 1578 344 1608; x_wconf 84' lang='lat' dir='ltr'><strong>in</strong></span> <span class='ocrx_word' id='word_1_236' title='bbox 371 1587 508 1611; x_wconf 79' lang='lat' dir='ltr'><strong>numero</strong></span> <span class='ocrx_word' id='word_1_237' title='bbox 532 1581 562 1609; x_wconf 78' lang='lat' dir='ltr'><strong>et</strong></span> <span class='ocrx_word' id='word_1_238' title='bbox 586 1577 706 1609; x_wconf 78' lang='lat' dir='ltr'><strong>honore</strong></span> <span class='ocrx_word' id='word_1_239' title='bbox 731 1581 795 1617; x_wconf 71' lang='lat' dir='ltr'><strong>eat,</strong></span> <span class='ocrx_word' id='word_1_240' title='bbox 826 1575 957 1611; x_wconf 83' lang='grc' dir='ltr'>οὐδὲν</span> 
     </span>
     <span class='ocr_line' id='line_1_32' title="bbox 0 1623 953 1667; baseline 0.001 -10"><span class='ocrx_word' id='word_1_241' title='bbox 0 1632 79 1667; x_wconf 54' lang='lat' dir='ltr'><strong>gat,</strong></span> <span class='ocrx_word' id='word_1_242' title='bbox 101 1625 156 1666; x_wconf 77' lang='lat' dir='ltr'><strong>qui</strong></span> <span class='ocrx_word' id='word_1_243' title='bbox 173 1625 352 1657; x_wconf 69' lang='lat' dir='ltr'><strong>exstinctus</strong></span> <span class='ocrx_word' id='word_1_244' title='bbox 368 1628 414 1656; x_wconf 76' lang='grc' dir='ltr'>εει</span> <span class='ocrx_word' id='word_1_245' title='bbox 430 1627 460 1656; x_wconf 78' lang='lat' dir='ltr'><strong>et</strong></span> <span class='ocrx_word' id='word_1_246' title='bbox 473 1623 624 1657; x_wconf 77' lang='lat' dir='ltr'><strong>occidit.“</strong></span> <span class='ocrx_word' id='word_1_247' title='bbox 641 1624 776 1656; x_wconf 82' lang='lat' dir='ltr'><strong>Falsum</strong></span> <span class='ocrx_word' id='word_1_248' title='bbox 794 1625 855 1657; x_wconf 82' lang='lat' dir='ltr'><strong>hoc</strong></span> <span class='ocrx_word' id='word_1_249' title='bbox 868 1634 953 1665; x_wconf 85' lang='lat' dir='ltr'><strong>esse,</strong></span> 
     </span>
     <span class='ocr_line' id='line_1_33' title="bbox 6 1667 953 1714; baseline -0.001 -10"><span class='ocrx_word' id='word_1_250' title='bbox 6 1667 140 1714; x_wconf 54' lang='grc' dir='ltr'>κούδὲν</span> <span class='ocrx_word' id='word_1_251' title='bbox 172 1667 288 1704; x_wconf 85' lang='grc' dir='ltr'>εἶναι</span> <span class='ocrx_word' id='word_1_252' title='bbox 320 1674 462 1713; x_wconf 87' lang='lat' dir='ltr'><strong>utroque</strong></span> <span class='ocrx_word' id='word_1_253' title='bbox 502 1672 692 1710; x_wconf 76' lang='lat' dir='ltr'><strong>significatu</strong></span> <span class='ocrx_word' id='word_1_254' title='bbox 727 1672 793 1703; x_wconf 80' lang='lat' dir='ltr'><strong>dici</strong></span> <span class='ocrx_word' id='word_1_255' title='bbox 826 1672 953 1704; x_wconf 87' lang='lat' dir='ltr'><strong>Heller.</strong></span> 
     </span>
     <span class='ocr_line' id='line_1_34' title="bbox 0 1714 957 1761; baseline -0.001 -9"><span class='ocrx_word' id='word_1_256' title='bbox 0 1718 75 1755; x_wconf 64' lang='lat' dir='ltr'><strong>nuit</strong></span> <span class='ocrx_word' id='word_1_257' title='bbox 91 1718 132 1750; x_wconf 84' lang='lat' dir='ltr'><strong>ad</strong></span> <span class='ocrx_word' id='word_1_258' title='bbox 145 1717 201 1755; x_wconf 83' lang='lat' dir='ltr'><strong>OC</strong></span> <span class='ocrx_word' id='word_1_259' title='bbox 215 1727 249 1759; x_wconf 89' lang='lat' dir='ltr'><strong>p.</strong></span> <span class='ocrx_word' id='word_1_260' title='bbox 262 1714 344 1750; x_wconf 80' lang='grc'>454.</span> <span class='ocrx_word' id='word_1_261' title='bbox 370 1718 491 1750; x_wconf 86' lang='lat' dir='ltr'><strong>Matth.</strong></span> <span class='ocrx_word' id='word_1_262' title='bbox 513 1727 561 1758; x_wconf 86' lang='lat' dir='ltr'><strong>gr.</strong></span> <span class='ocrx_word' id='word_1_263' title='bbox 579 1718 635 1750; x_wconf 88' lang='lat' dir='ltr'><strong>Gr.</strong></span> <span class='ocrx_word' id='word_1_264' title='bbox 656 1729 690 1761; x_wconf 89' lang='lat' dir='ltr'><strong>p.</strong></span> <span class='ocrx_word' id='word_1_265' title='bbox 704 1716 784 1752; x_wconf 86' lang='grc'>817.</span> <span class='ocrx_word' id='word_1_266' title='bbox 805 1719 957 1751; x_wconf 88' lang='lat' dir='ltr'><strong>Primum</strong></span> 
     </span>
     <span class='ocr_line' id='line_1_35' title="bbox 0 1762 953 1811; baseline -0.002 -12"><span class='ocrx_word' id='word_1_267' title='bbox 0 1765 102 1811; x_wconf 46' lang='lat' dir='ltr'><strong>fitius</strong></span> <span class='ocrx_word' id='word_1_268' title='bbox 119 1767 185 1806; x_wconf 86' lang='lat' dir='ltr'><strong>est,</strong></span> <span class='ocrx_word' id='word_1_269' title='bbox 211 1763 257 1799; x_wconf 81' lang='grc' dir='ltr'><strong>τὸ</strong></span> <span class='ocrx_word' id='word_1_270' title='bbox 282 1762 420 1811; x_wconf 86' lang='grc' dir='ltr'>μηδὲν</span> <span class='ocrx_word' id='word_1_271' title='bbox 446 1763 563 1798; x_wconf 73' lang='grc' dir='ltr'>εἶναι</span> <span class='ocrx_word' id='word_1_272' title='bbox 587 1765 653 1797; x_wconf 88' lang='lat' dir='ltr'><strong>dici</strong></span> <span class='ocrx_word' id='word_1_273' title='bbox 673 1766 813 1798; x_wconf 77' lang='lat' dir='ltr'><strong>articulo</strong></span> <span class='ocrx_word' id='word_1_274' title='bbox 829 1766 953 1806; x_wconf 83' lang='lat' dir='ltr'><strong>addito,</strong></span> 
     </span>
     <span class='ocr_line' id='line_1_36' title="bbox 20 1809 958 1853; baseline 0.001 -9"><span class='ocrx_word' id='word_1_275' title='bbox 20 1812 67 1850; x_wconf 45' lang='lat' dir='ltr'><strong>§b</strong></span> <span class='ocrx_word' id='word_1_276' title='bbox 92 1809 203 1849; x_wconf 79' lang='grc' dir='ltr'>οὐδείς</span> <span class='ocrx_word' id='word_1_277' title='bbox 221 1813 337 1844; x_wconf 83' lang='lat' dir='ltr'><strong>abesse</strong></span> <span class='ocrx_word' id='word_1_278' title='bbox 354 1813 449 1844; x_wconf 91' lang='lat' dir='ltr'><strong>solet.</strong></span> <span class='ocrx_word' id='word_1_279' title='bbox 486 1812 618 1845; x_wconf 79' lang='lat' dir='ltr'><strong>Tralata</strong></span> <span class='ocrx_word' id='word_1_280' title='bbox 636 1813 880 1853; x_wconf 82' lang='lat' dir='ltr'><strong>significatione</strong></span> <span class='ocrx_word' id='word_1_281' title='bbox 898 1813 958 1845; x_wconf 78' lang='lat' dir='ltr'><strong>hoe</strong></span> 
     </span>
     <span class='ocr_line' id='line_1_37' title="bbox 50 1855 957 1904; baseline -0.001 -12.049"><span class='ocrx_word' id='word_1_282' title='bbox 50 1867 84 1890; x_wconf 84' lang='lat' dir='ltr'><strong>r:</strong></span> <span class='ocrx_word' id='word_1_283' title='bbox 112 1855 177 1892; x_wconf 84' lang='grc' dir='ltr'><strong>κᾶν</strong></span> <span class='ocrx_word' id='word_1_284' title='bbox 201 1857 240 1892; x_wconf 86' lang='grc' dir='ltr'><strong>τὸ</strong></span> <span class='ocrx_word' id='word_1_285' title='bbox 262 1856 372 1904; x_wconf 86' lang='grc' dir='ltr'>μηδὲν</span> <span class='ocrx_word' id='word_1_286' title='bbox 399 1858 427 1892; x_wconf 83' lang='grc' dir='ltr'>ὦ</span> <span class='ocrx_word' id='word_1_287' title='bbox 451 1856 501 1902; x_wconf 84' lang='grc' dir='ltr'><strong>(ν.</strong></span> <span class='ocrx_word' id='word_1_288' title='bbox 529 1856 617 1903; x_wconf 79' lang='grc' dir='ltr'>εἰμί)</span> <span class='ocrx_word' id='word_1_289' title='bbox 643 1860 699 1891; x_wconf 88' lang='lat' dir='ltr'><strong>Tr.</strong></span> <span class='ocrx_word' id='word_1_290' title='bbox 730 1857 839 1900; x_wconf 82' lang='lat'>1107,</span> <span class='ocrx_word' id='word_1_291' title='bbox 871 1869 957 1901; x_wconf 85' lang='lat' dir='ltr'><strong>quae</strong></span> 
     </span>
     <span class='ocr_line' id='line_1_38' title="bbox 22 1906 957 1943; baseline 0.002 -4.97"><span class='ocrx_word' id='word_1_292' title='bbox 22 1918 35 1933; x_wconf 72' lang='grc' dir='ltr'>ν</span> <span class='ocrx_word' id='word_1_293' title='bbox 56 1906 106 1939; x_wconf 84' lang='lat' dir='ltr'><strong>les</strong></span> <span class='ocrx_word' id='word_1_294' title='bbox 130 1906 172 1937; x_wconf 86' lang='lat' dir='ltr'><strong>de</strong></span> <span class='ocrx_word' id='word_1_295' title='bbox 191 1915 229 1938; x_wconf 85' lang='lat' dir='ltr'><strong>se</strong></span> <span class='ocrx_word' id='word_1_296' title='bbox 246 1906 370 1939; x_wconf 87' lang='lat' dir='ltr'><strong>dicitur</strong></span> <span class='ocrx_word' id='word_1_297' title='bbox 387 1907 537 1940; x_wconf 82' lang='lat' dir='ltr'><strong>confecto</strong></span> <span class='ocrx_word' id='word_1_298' title='bbox 554 1910 588 1937; x_wconf 88' lang='lat' dir='ltr'><strong>et</strong></span> <span class='ocrx_word' id='word_1_299' title='bbox 606 1907 734 1939; x_wconf 88' lang='lat' dir='ltr'><strong>viribus</strong></span> <span class='ocrx_word' id='word_1_300' title='bbox 751 1908 874 1943; x_wconf 83' lang='lat' dir='ltr'><strong>orbato.</strong></span> <span class='ocrx_word' id='word_1_301' title='bbox 918 1906 957 1940; x_wconf 87' lang='grc' dir='ltr'><strong>τὸ</strong></span> 
     </span>
     <span class='ocr_line' id='line_1_39' title="bbox 6 1950 958 1999; baseline -0.001 -13"><span class='ocrx_word' id='word_1_302' title='bbox 6 1968 37 1978; x_wconf 43' lang='lat'><strong>1⁷·</strong></span> <span class='ocrx_word' id='word_1_303' title='bbox 78 1950 179 1990; x_wconf 82' lang='grc' dir='ltr'>ὄντας</span> <span class='ocrx_word' id='word_1_304' title='bbox 203 1950 239 1986; x_wconf 90' lang='grc' dir='ltr'><strong>ἐν</strong></span> <span class='ocrx_word' id='word_1_305' title='bbox 263 1951 377 1999; x_wconf 75' lang='grc' dir='ltr'>τροπῇ</span> <span class='ocrx_word' id='word_1_306' title='bbox 402 1950 502 1998; x_wconf 87' lang='grc' dir='ltr'>δορὸς</span> <span class='ocrx_word' id='word_1_307' title='bbox 527 1951 693 1998; x_wconf 82' lang='grc' dir='ltr'>ἐρρύσατο</span> <span class='ocrx_word' id='word_1_308' title='bbox 718 1955 773 1986; x_wconf 89' lang='lat' dir='ltr'><strong>Ai.</strong></span> <span class='ocrx_word' id='word_1_309' title='bbox 797 1950 887 1986; x_wconf 90' lang='grc'>1275</span> <span class='ocrx_word' id='word_1_310' title='bbox 913 1953 958 1986; x_wconf 84' lang='lat' dir='ltr'><strong>ad</strong></span> 
     </span>
     <span class='ocr_line' id='line_1_40' title="bbox 32 1999 958 2039; baseline 0.002 -7"><span class='ocrx_word' id='word_1_311' title='bbox 32 2013 38 2026; x_wconf 72' lang='grc' dir='ltr'><strong><em>ν</em></strong></span> <span class='ocrx_word' id='word_1_312' title='bbox 54 2012 57 2026; x_wconf 77' lang='lat' dir='ltr'><strong>s</strong></span> <span class='ocrx_word' id='word_1_313' title='bbox 76 1999 236 2033; x_wconf 73' lang='lat' dir='ltr'><strong>redactos.</strong></span> <span class='ocrx_word' id='word_1_314' title='bbox 265 2001 397 2032; x_wconf 82' lang='lat' dir='ltr'><strong>Deinde</strong></span> <span class='ocrx_word' id='word_1_315' title='bbox 417 2002 490 2033; x_wconf 85' lang='lat' dir='ltr'><strong>sine</strong></span> <span class='ocrx_word' id='word_1_316' title='bbox 505 2002 604 2032; x_wconf 86' lang='lat' dir='ltr'><strong>verbo</strong></span> <span class='ocrx_word' id='word_1_317' title='bbox 617 2002 844 2033; x_wconf 84' lang='lat' dir='ltr'><strong>substantivo:</strong></span> <span class='ocrx_word' id='word_1_318' title='bbox 867 1999 958 2039; x_wconf 78' lang='grc' dir='ltr'>δέξαι</span> 
     </span>
     <span class='ocr_line' id='line_1_41' title="bbox 17 2043 958 2092; baseline 0.001 -13"><span class='ocrx_word' id='word_1_319' title='bbox 17 2063 33 2073; x_wconf 48' lang='grc' dir='ltr'><strong><em>ι</em></strong></span> <span class='ocrx_word' id='word_1_320' title='bbox 52 2057 69 2080; x_wconf 90' lang='grc' dir='ltr'><strong>ν</strong></span> <span class='ocrx_word' id='word_1_321' title='bbox 88 2044 208 2092; x_wconf 83' lang='grc' dir='ltr'>μηδὲν,</span> <span class='ocrx_word' id='word_1_322' title='bbox 231 2045 279 2080; x_wconf 79' lang='grc' dir='ltr'>εἰς</span> <span class='ocrx_word' id='word_1_323' title='bbox 294 2045 334 2080; x_wconf 80' lang='grc' dir='ltr'><strong>τὸ</strong></span> <span class='ocrx_word' id='word_1_324' title='bbox 354 2045 462 2092; x_wconf 88' lang='grc' dir='ltr'>μηδέν</span> <span class='ocrx_word' id='word_1_325' title='bbox 479 2047 532 2079; x_wconf 85' lang='grc' dir='ltr'><strong>ΕΙ.</strong></span> <span class='ocrx_word' id='word_1_326' title='bbox 556 2043 656 2088; x_wconf 88' lang='grc'>1166,</span> <span class='ocrx_word' id='word_1_327' title='bbox 679 2048 738 2080; x_wconf 89' lang='lat' dir='ltr'><strong>ubi</strong></span> <span class='ocrx_word' id='word_1_328' title='bbox 755 2045 858 2087; x_wconf 76' lang='grc' dir='ltr'>οὖσαν</span> <span class='ocrx_word' id='word_1_329' title='bbox 876 2049 958 2080; x_wconf 88' lang='lat' dir='ltr'><strong>sub-</strong></span> 
     </span>
     <span class='ocr_line' id='line_1_42' title="bbox 26 2093 960 2135; baseline 0.001 -9"><span class='ocrx_word' id='word_1_330' title='bbox 26 2093 164 2129; x_wconf 55' lang='lat' dir='ltr'><strong>nidum.</strong></span> <span class='ocrx_word' id='word_1_331' title='bbox 202 2093 337 2127; x_wconf 66' lang='lat' dir='ltr'><strong>Periisse</strong></span> <span class='ocrx_word' id='word_1_332' title='bbox 354 2103 428 2126; x_wconf 87' lang='lat' dir='ltr'><strong>sese</strong></span> <span class='ocrx_word' id='word_1_333' title='bbox 445 2094 580 2127; x_wconf 81' lang='lat' dir='ltr'><strong>Electra</strong></span> <span class='ocrx_word' id='word_1_334' title='bbox 597 2095 690 2135; x_wconf 72' lang='lat' dir='ltr'><strong>dicit,</strong></span> <span class='ocrx_word' id='word_1_335' title='bbox 709 2095 743 2128; x_wconf 92' lang='lat' dir='ltr'><strong>id</strong></span> <span class='ocrx_word' id='word_1_336' title='bbox 761 2099 813 2127; x_wconf 87' lang='lat' dir='ltr'><strong>est</strong></span> <span class='ocrx_word' id='word_1_337' title='bbox 827 2104 960 2127; x_wconf 85' lang='lat' dir='ltr'><strong>summo</strong></span> 
     </span>
     <span class='ocr_line' id='line_1_43' title="bbox 9 2140 960 2178; baseline 0.003 -6"><span class='ocrx_word' id='word_1_338' title='bbox 9 2154 13 2162; x_wconf 71' lang='lat'>¹</span> <span class='ocrx_word' id='word_1_339' title='bbox 62 2142 133 2172; x_wconf 71' lang='lat' dir='ltr'><strong>mio</strong></span> <span class='ocrx_word' id='word_1_340' title='bbox 157 2149 232 2173; x_wconf 80' lang='lat' dir='ltr'><strong>esse</strong></span> <span class='ocrx_word' id='word_1_341' title='bbox 251 2145 443 2178; x_wconf 73' lang='lat' dir='ltr'><strong>mactatam.</strong></span> <span class='ocrx_word' id='word_1_342' title='bbox 477 2142 529 2173; x_wconf 91' lang='lat' dir='ltr'><strong>De</strong></span> <span class='ocrx_word' id='word_1_343' title='bbox 550 2151 585 2173; x_wconf 80' lang='lat' dir='ltr'><strong>re</strong></span> <span class='ocrx_word' id='word_1_344' title='bbox 601 2141 697 2173; x_wconf 75' lang='lat' dir='ltr'><strong>nihili</strong></span> <span class='ocrx_word' id='word_1_345' title='bbox 713 2143 835 2177; x_wconf 86' lang='lat' dir='ltr'><strong>dicitur</strong></span> <span class='ocrx_word' id='word_1_346' title='bbox 851 2140 906 2176; x_wconf 81' lang='grc' dir='ltr'>κεί</span> <span class='ocrx_word' id='word_1_347' title='bbox 921 2140 960 2175; x_wconf 88' lang='grc' dir='ltr'><strong>τὸ</strong></span> 
     </span>
     <span class='ocr_line' id='line_1_44' title="bbox 83 2184 959 2235; baseline 0.002 -14.844"><span class='ocrx_word' id='word_1_348' title='bbox 83 2184 186 2233; x_wconf 74' lang='grc' dir='ltr'>ἐξερῶ</span> <span class='ocrx_word' id='word_1_349' title='bbox 202 2188 284 2220; x_wconf 87' lang='lat' dir='ltr'><strong>Ant.</strong></span> <span class='ocrx_word' id='word_1_350' title='bbox 305 2185 385 2221; x_wconf 84' lang='lat'>234.</span> <span class='ocrx_word' id='word_1_351' title='bbox 430 2185 488 2226; x_wconf 70' lang='lat' dir='ltr'><strong>mi</strong></span> <span class='ocrx_word' id='word_1_352' title='bbox 538 2187 561 2234; x_wconf 81' lang='grc' dir='ltr'>ἡ</span> <span class='ocrx_word' id='word_1_353' title='bbox 587 2187 627 2222; x_wconf 87' lang='grc' dir='ltr'><strong>τὸ</strong></span> <span class='ocrx_word' id='word_1_354' title='bbox 654 2186 763 2234; x_wconf 85' lang='grc' dir='ltr'>μηδὲν</span> <span class='ocrx_word' id='word_1_355' title='bbox 786 2186 893 2235; x_wconf 74' lang='grc' dir='ltr'>ἄλγος</span> <span class='ocrx_word' id='word_1_356' title='bbox 911 2187 959 2226; x_wconf 79' lang='grc' dir='ltr'>εἰς</span> 
     </span>
     <span class='ocr_line' id='line_1_45' title="bbox 15 2228 960 2281; baseline 0.002 -13"><span class='ocrx_word' id='word_1_357' title='bbox 15 2270 18 2276; x_wconf 70' lang='lat'><strong>.</strong></span> <span class='ocrx_word' id='word_1_358' title='bbox 36 2231 176 2275; x_wconf 42' lang='lat' dir='ltr'><strong>*ostem</strong></span> <span class='ocrx_word' id='word_1_359' title='bbox 200 2234 263 2268; x_wconf 73' lang='grc' dir='ltr'><strong>-ΟΒ</strong></span> <span class='ocrx_word' id='word_1_360' title='bbox 279 2231 360 2267; x_wconf 86' lang='grc'>638.</span> <span class='ocrx_word' id='word_1_361' title='bbox 406 2228 454 2269; x_wconf 79' lang='grc' dir='ltr'><strong>ὅτ’</strong></span> <span class='ocrx_word' id='word_1_362' title='bbox 471 2232 512 2269; x_wconf 82' lang='grc' dir='ltr'><strong>οὐ</strong></span> <span class='ocrx_word' id='word_1_363' title='bbox 535 2233 570 2268; x_wconf 89' lang='grc' dir='ltr'><strong>ὲν</strong></span> <span class='ocrx_word' id='word_1_364' title='bbox 589 2233 637 2269; x_wconf 82' lang='grc' dir='ltr'><strong>ὢν</strong></span> <span class='ocrx_word' id='word_1_365' title='bbox 653 2237 715 2269; x_wconf 81' lang='grc' dir='ltr'><strong>τοῦ</strong></span> <span class='ocrx_word' id='word_1_366' title='bbox 732 2233 842 2281; x_wconf 87' lang='grc' dir='ltr'>μηδὲν</span> <span class='ocrx_word' id='word_1_367' title='bbox 858 2233 960 2270; x_wconf 81' lang='grc' dir='ltr'>ἀντέ-</span> 
     </span>
     <span class='ocr_line' id='line_1_46' title="bbox 11 2277 956 2326; baseline 0.002 -13"><span class='ocrx_word' id='word_1_368' title='bbox 11 2323 14 2325; x_wconf 64' lang='lat'>‚</span> <span class='ocrx_word' id='word_1_369' title='bbox 40 2277 132 2326; x_wconf 66' lang='grc' dir='ltr'>’ὅπερ</span> <span class='ocrx_word' id='word_1_370' title='bbox 156 2281 212 2313; x_wconf 88' lang='lat' dir='ltr'><strong>Ai.</strong></span> <span class='ocrx_word' id='word_1_371' title='bbox 234 2277 345 2322; x_wconf 86' lang='lat'>1231,</span> <span class='ocrx_word' id='word_1_372' title='bbox 373 2282 460 2323; x_wconf 82' lang='lat' dir='ltr'><strong>quod</strong></span> <span class='ocrx_word' id='word_1_373' title='bbox 484 2284 617 2323; x_wconf 84' lang='lat' dir='ltr'><strong>proprie</strong></span> <span class='ocrx_word' id='word_1_374' title='bbox 641 2282 771 2317; x_wconf 80' lang='lat' dir='ltr'><strong>dictum</strong></span> <span class='ocrx_word' id='word_1_375' title='bbox 794 2283 835 2315; x_wconf 83' lang='lat' dir='ltr'><strong>de</strong></span> <span class='ocrx_word' id='word_1_376' title='bbox 853 2284 956 2316; x_wconf 77' lang='lat' dir='ltr'><strong>Aiace</strong></span> 
     </span>
     <span class='ocr_line' id='line_1_47' title="bbox 28 2326 958 2373; baseline 0.002 -13"><span class='ocrx_word' id='word_1_377' title='bbox 28 2341 62 2360; x_wconf 57' lang='grc' dir='ltr'><strong>«ν.</strong></span> <span class='ocrx_word' id='word_1_378' title='bbox 97 2327 196 2361; x_wconf 80' lang='lat' dir='ltr'><strong>Porro</strong></span> <span class='ocrx_word' id='word_1_379' title='bbox 222 2326 362 2373; x_wconf 83' lang='grc' dir='ltr'>μηδὲν</span> <span class='ocrx_word' id='word_1_380' title='bbox 386 2326 501 2363; x_wconf 82' lang='grc' dir='ltr'>εἶναι</span> <span class='ocrx_word' id='word_1_381' title='bbox 525 2330 600 2361; x_wconf 88' lang='lat' dir='ltr'><strong>sine</strong></span> <span class='ocrx_word' id='word_1_382' title='bbox 616 2331 758 2363; x_wconf 66' lang='lat' dir='ltr'><strong>articulo</strong></span> <span class='ocrx_word' id='word_1_383' title='bbox 775 2330 899 2370; x_wconf 74' lang='lat' dir='ltr'><strong>legitur</strong></span> <span class='ocrx_word' id='word_1_384' title='bbox 916 2331 958 2362; x_wconf 86' lang='lat' dir='ltr'><strong>de</strong></span> 
     </span>
     <span class='ocr_line' id='line_1_48' title="bbox 94 2373 958 2423; baseline 0.006 -17"><span class='ocrx_word' id='word_1_385' title='bbox 94 2374 192 2407; x_wconf 70' lang='lat' dir='ltr'><strong>nihili</strong></span> <span class='ocrx_word' id='word_1_386' title='bbox 216 2375 344 2408; x_wconf 83' lang='lat' dir='ltr'><strong>dictum</strong></span> <span class='ocrx_word' id='word_1_387' title='bbox 360 2374 381 2410; x_wconf 82' lang='grc' dir='ltr'>ὁ</span> <span class='ocrx_word' id='word_1_388' title='bbox 398 2373 508 2420; x_wconf 82' lang='grc' dir='ltr'>μηδὲν</span> <span class='ocrx_word' id='word_1_389' title='bbox 526 2375 574 2409; x_wconf 83' lang='grc' dir='ltr'><strong>ὤν</strong></span> <span class='ocrx_word' id='word_1_390' title='bbox 593 2377 647 2408; x_wconf 81' lang='grc' dir='ltr'><strong>Αἰ.</strong></span> <span class='ocrx_word' id='word_1_391' title='bbox 669 2374 749 2409; x_wconf 87' lang='grc'>767.</span> <span class='ocrx_word' id='word_1_392' title='bbox 793 2375 831 2414; x_wconf 82' lang='grc' dir='ltr'><strong>ὃς</strong></span> <span class='ocrx_word' id='word_1_393' title='bbox 875 2375 958 2423; x_wconf 87' lang='grc' dir='ltr'>ηδὲν</span> 
     </span>
     <span class='ocr_line' id='line_1_49' title="bbox 15 2388 955 2469; baseline 0.002 -14"><span class='ocrx_word' id='word_1_394' title='bbox 15 2464 17 2466; x_wconf 14' lang='lat' dir='ltr'><strong>q</strong></span> <span class='ocrx_word' id='word_1_395' title='bbox 62 2422 172 2461; x_wconf 81' lang='grc' dir='ltr'>ναῖσιν</span> <span class='ocrx_word' id='word_1_396' title='bbox 198 2419 300 2466; x_wconf 79' lang='grc'>1094.</span> <span class='ocrx_word' id='word_1_397' title='bbox 346 2423 499 2458; x_wconf 70' lang='lat' dir='ltr'><strong>Tettium</strong></span> <span class='ocrx_word' id='word_1_398' title='bbox 524 2433 630 2464; x_wconf 87' lang='lat' dir='ltr'><strong>genus</strong></span> <span class='ocrx_word' id='word_1_399' title='bbox 655 2427 708 2455; x_wconf 85' lang='lat' dir='ltr'><strong>est</strong></span> <span class='ocrx_word' id='word_1_400' title='bbox 733 2422 751 2457; x_wconf 87' lang='grc' dir='ltr'>ὁ</span> <span class='ocrx_word' id='word_1_401' title='bbox 779 2388 955 2469; x_wconf 54' lang='grc' dir='ltr'>μηδιείς,</span> 
     </span>
     <span class='ocr_line' id='line_1_50' title="bbox 14 2469 954 2512; baseline 0 -10"><span class='ocrx_word' id='word_1_402' title='bbox 14 2497 27 2502; x_wconf 82' lang='grc'><strong>.</strong></span> <span class='ocrx_word' id='word_1_403' title='bbox 53 2469 242 2505; x_wconf 78' lang='lat' dir='ltr'><strong>secundum</strong></span> <span class='ocrx_word' id='word_1_404' title='bbox 265 2479 361 2506; x_wconf 78' lang='lat' dir='ltr'><strong>casus</strong></span> <span class='ocrx_word' id='word_1_405' title='bbox 380 2470 528 2502; x_wconf 79' lang='lat' dir='ltr'><strong>flectitur</strong></span> <span class='ocrx_word' id='word_1_406' title='bbox 542 2471 646 2502; x_wconf 83' lang='lat' dir='ltr'><strong>etiam</strong></span> <span class='ocrx_word' id='word_1_407' title='bbox 664 2480 739 2502; x_wconf 90' lang='lat' dir='ltr'><strong>cum</strong></span> <span class='ocrx_word' id='word_1_408' title='bbox 758 2472 954 2512; x_wconf 67' lang='lat' dir='ltr'><strong>participio:</strong></span> 
     </span>
     <span class='ocr_line' id='line_1_51' title="bbox 18 2513 959 2562; baseline 0.001 -13"><span class='ocrx_word' id='word_1_409' title='bbox 18 2523 23 2534; x_wconf 67' lang='grc'><strong>”</strong></span> <span class='ocrx_word' id='word_1_410' title='bbox 67 2526 90 2549; x_wconf 77' lang='grc' dir='ltr'>κ</span> <span class='ocrx_word' id='word_1_411' title='bbox 112 2513 194 2550; x_wconf 83' lang='grc' dir='ltr'>ὄντα</span> <span class='ocrx_word' id='word_1_412' title='bbox 218 2513 351 2560; x_wconf 82' lang='grc' dir='ltr'>μᾶλλον</span> <span class='ocrx_word' id='word_1_413' title='bbox 372 2513 396 2562; x_wconf 74' lang='grc' dir='ltr'>ἢ</span> <span class='ocrx_word' id='word_1_414' title='bbox 416 2514 547 2562; x_wconf 78' lang='grc' dir='ltr'>μηδένα</span> <span class='ocrx_word' id='word_1_415' title='bbox 566 2518 647 2553; x_wconf 84' lang='lat' dir='ltr'><strong>Ant.</strong></span> <span class='ocrx_word' id='word_1_416' title='bbox 671 2514 760 2549; x_wconf 84' lang='grc'>1325</span> <span class='ocrx_word' id='word_1_417' title='bbox 778 2527 822 2550; x_wconf 91' lang='lat' dir='ltr'><strong>m.</strong></span> <span class='ocrx_word' id='word_1_418' title='bbox 867 2518 959 2550; x_wconf 84' lang='lat' dir='ltr'><strong>Reli-</strong></span> 
     </span>
     <span class='ocr_line' id='line_1_52' title="bbox 14 2563 960 2605; baseline 0.002 -11"><span class='ocrx_word' id='word_1_419' title='bbox 14 2576 20 2599; x_wconf 71' lang='grc'><strong>·,</strong></span> <span class='ocrx_word' id='word_1_420' title='bbox 62 2576 78 2591; x_wconf 82' lang='grc' dir='ltr'><strong>ιι</strong></span> <span class='ocrx_word' id='word_1_421' title='bbox 102 2563 346 2604; x_wconf 74' lang='lat' dir='ltr'><strong>explicationes</strong></span> <span class='ocrx_word' id='word_1_422' title='bbox 363 2573 416 2605; x_wconf 82' lang='lat' dir='ltr'><strong>ap.</strong></span> <span class='ocrx_word' id='word_1_423' title='bbox 438 2565 534 2596; x_wconf 84' lang='lat' dir='ltr'><strong>Wex.</strong></span> <span class='ocrx_word' id='word_1_424' title='bbox 555 2565 621 2602; x_wconf 75' lang='lat' dir='ltr'><strong>legi</strong></span> <span class='ocrx_word' id='word_1_425' title='bbox 640 2569 793 2605; x_wconf 74' lang='lat' dir='ltr'><strong>possunt.</strong></span> <span class='ocrx_word' id='word_1_426' title='bbox 822 2565 893 2604; x_wconf 76' lang='lat' dir='ltr'><strong>Ego</strong></span> <span class='ocrx_word' id='word_1_427' title='bbox 911 2566 960 2599; x_wconf 87' lang='lat' dir='ltr'><strong>sic</strong></span> 
     </span>
     <span class='ocr_line' id='line_1_53' title="bbox 15 2607 959 2660; baseline 0.003 -19"><span class='ocrx_word' id='word_1_428' title='bbox 15 2622 21 2660; x_wconf 43' lang='lat'><strong>¹·</strong></span> <span class='ocrx_word' id='word_1_429' title='bbox 46 2613 164 2648; x_wconf 68' lang='lat' dir='ltr'><strong>·‚retor:</strong></span> <span class='ocrx_word' id='word_1_430' title='bbox 189 2608 250 2645; x_wconf 84' lang='grc' dir='ltr'><strong>τὸν</strong></span> <span class='ocrx_word' id='word_1_431' title='bbox 269 2607 401 2655; x_wconf 76' lang='grc' dir='ltr'>μᾶλλον</span> <span class='ocrx_word' id='word_1_432' title='bbox 419 2608 483 2648; x_wconf 69' lang='grc' dir='ltr'><strong>οὐκ</strong></span> <span class='ocrx_word' id='word_1_433' title='bbox 500 2608 581 2647; x_wconf 75' lang='grc' dir='ltr'>ὄντα</span> <span class='ocrx_word' id='word_1_434' title='bbox 597 2608 620 2655; x_wconf 78' lang='grc' dir='ltr'>ἢ</span> <span class='ocrx_word' id='word_1_435' title='bbox 640 2609 773 2656; x_wconf 76' lang='grc' dir='ltr'>μηδένα</span> <span class='ocrx_word' id='word_1_436' title='bbox 791 2608 882 2651; x_wconf 82' lang='grc' dir='ltr'>ὄντα,</span> <span class='ocrx_word' id='word_1_437' title='bbox 904 2613 959 2653; x_wconf 80' lang='lat' dir='ltr'><strong>qui</strong></span> 
     </span>
     <span class='ocr_line' id='line_1_54' title="bbox 15 2657 955 2699; baseline 0.002 -11"><span class='ocrx_word' id='word_1_438' title='bbox 15 2659 44 2683; x_wconf 70' lang='grc' dir='ltr'><strong>’ῖ-</strong></span> <span class='ocrx_word' id='word_1_439' title='bbox 59 2657 178 2697; x_wconf 56' lang='lat' dir='ltr'><strong>fieriu,</strong></span> <span class='ocrx_word' id='word_1_440' title='bbox 207 2666 236 2692; x_wconf 81' lang='lat' dir='ltr'><strong>s.</strong></span> <span class='ocrx_word' id='word_1_441' title='bbox 258 2658 372 2692; x_wconf 87' lang='lat' dir='ltr'><strong>nullus</strong></span> <span class='ocrx_word' id='word_1_442' title='bbox 390 2661 452 2698; x_wconf 86' lang='lat' dir='ltr'><strong>est,</strong></span> <span class='ocrx_word' id='word_1_443' title='bbox 474 2667 571 2698; x_wconf 79' lang='lat' dir='ltr'><strong>quam</strong></span> <span class='ocrx_word' id='word_1_444' title='bbox 589 2659 643 2699; x_wconf 71' lang='lat' dir='ltr'><strong>qui</strong></span> <span class='ocrx_word' id='word_1_445' title='bbox 659 2659 774 2691; x_wconf 66' lang='lat' dir='ltr'><strong>nunus</strong></span> <span class='ocrx_word' id='word_1_446' title='bbox 789 2661 846 2698; x_wconf 73' lang='lat' dir='ltr'><strong>est,</strong></span> <span class='ocrx_word' id='word_1_447' title='bbox 870 2659 903 2690; x_wconf 92' lang='lat' dir='ltr'><strong>h.</strong></span> <span class='ocrx_word' id='word_1_448' title='bbox 925 2668 955 2690; x_wconf 91' lang='lat' dir='ltr'><strong>e.</strong></span> 
     </span>
     <span class='ocr_line' id='line_1_55' title="bbox 13 2704 960 2746; baseline 0.002 -11"><span class='ocrx_word' id='word_1_449' title='bbox 13 2704 180 2746; x_wconf 27' lang='lat' dir='ltr'><strong>¹*gumane</strong></span> <span class='ocrx_word' id='word_1_450' title='bbox 205 2705 355 2739; x_wconf 89' lang='lat' dir='ltr'><strong>omnium</strong></span> <span class='ocrx_word' id='word_1_451' title='bbox 378 2705 477 2745; x_wconf 78' lang='lat' dir='ltr'><strong>perii.</strong></span> <span class='ocrx_word' id='word_1_452' title='bbox 513 2705 638 2738; x_wconf 79' lang='lat' dir='ltr'><strong>Eodem</strong></span> <span class='ocrx_word' id='word_1_453' title='bbox 656 2705 726 2739; x_wconf 78' lang='lat' dir='ltr'><strong>fere</strong></span> <span class='ocrx_word' id='word_1_454' title='bbox 743 2705 856 2738; x_wconf 75' lang='lat' dir='ltr'><strong>Wexii</strong></span> <span class='ocrx_word' id='word_1_455' title='bbox 873 2706 960 2741; x_wconf 84' lang='lat' dir='ltr'><strong>redit</strong></span> 
     </span>
     <span class='ocr_line' id='line_1_56' title="bbox 14 2748 959 2796; baseline 0 -12"><span class='ocrx_word' id='word_1_456' title='bbox 14 2783 22 2795; x_wconf 10' lang='lat' dir='ltr'><strong>,p</strong></span> <span class='ocrx_word' id='word_1_457' title='bbox 38 2774 45 2784; x_wconf 80' lang='lat'><strong>-.</strong></span> <span class='ocrx_word' id='word_1_458' title='bbox 78 2753 118 2783; x_wconf 92' lang='lat' dir='ltr'><strong>ut</strong></span> <span class='ocrx_word' id='word_1_459' title='bbox 135 2750 276 2790; x_wconf 79' lang='lat' dir='ltr'><strong>Reisigii</strong></span> <span class='ocrx_word' id='word_1_460' title='bbox 300 2752 487 2791; x_wconf 83' lang='lat' dir='ltr'><strong>sententia,</strong></span> <span class='ocrx_word' id='word_1_461' title='bbox 515 2761 591 2785; x_wconf 87' lang='lat' dir='ltr'><strong>cum</strong></span> <span class='ocrx_word' id='word_1_462' title='bbox 617 2748 635 2784; x_wconf 84' lang='grc' dir='ltr'>ὁ</span> <span class='ocrx_word' id='word_1_463' title='bbox 658 2749 780 2796; x_wconf 83' lang='grc' dir='ltr'>μηδείς</span> <span class='ocrx_word' id='word_1_464' title='bbox 803 2752 864 2786; x_wconf 84' lang='lat' dir='ltr'><strong>hoc</strong></span> <span class='ocrx_word' id='word_1_465' title='bbox 889 2753 959 2785; x_wconf 91' lang='lat' dir='ltr'><strong>loco</strong></span> 
     </span>
     <span class='ocr_line' id='line_1_57' title="bbox 14 2795 959 2842; baseline 0.001 -12"><span class='ocrx_word' id='word_1_466' title='bbox 14 2817 45 2834; x_wconf 80' lang='grc'><strong>,-</strong></span> <span class='ocrx_word' id='word_1_467' title='bbox 90 2809 99 2824; x_wconf 83' lang='grc'><strong>·-</strong></span> <span class='ocrx_word' id='word_1_468' title='bbox 136 2806 235 2838; x_wconf 81' lang='lat' dir='ltr'><strong>quam</strong></span> <span class='ocrx_word' id='word_1_469' title='bbox 254 2795 272 2830; x_wconf 88' lang='grc' dir='ltr'>ὁ</span> <span class='ocrx_word' id='word_1_470' title='bbox 291 2795 401 2842; x_wconf 84' lang='grc' dir='ltr'>μηδὲν</span> <span class='ocrx_word' id='word_1_471' title='bbox 420 2797 486 2838; x_wconf 80' lang='grc' dir='ltr'><strong>ὥν,</strong></span> <span class='ocrx_word' id='word_1_472' title='bbox 515 2799 571 2839; x_wconf 77' lang='lat' dir='ltr'><strong>qui</strong></span> <span class='ocrx_word' id='word_1_473' title='bbox 580 2799 694 2839; x_wconf 70' lang='lat' dir='ltr'><strong>periit,</strong></span> <span class='ocrx_word' id='word_1_474' title='bbox 715 2799 861 2839; x_wconf 67' lang='lat' dir='ltr'><strong>intelligi</strong></span> <span class='ocrx_word' id='word_1_475' title='bbox 877 2809 959 2840; x_wconf 86' lang='lat' dir='ltr'><strong>pos-</strong></span> 
     </span>
     <span class='ocr_line' id='line_1_58' title="bbox 44 2845 955 2884; baseline 0 -7"><span class='ocrx_word' id='word_1_476' title='bbox 44 2856 47 2865; x_wconf 71' lang='lat'>⁵</span> <span class='ocrx_word' id='word_1_477' title='bbox 68 2852 131 2877; x_wconf 73' lang='lat' dir='ltr'><strong>ane</strong></span> <span class='ocrx_word' id='word_1_478' title='bbox 148 2845 301 2877; x_wconf 84' lang='lat' dir='ltr'><strong>convinci</strong></span> <span class='ocrx_word' id='word_1_479' title='bbox 318 2846 438 2877; x_wconf 82' lang='lat' dir='ltr'><strong>erroris</strong></span> <span class='ocrx_word' id='word_1_480' title='bbox 457 2845 621 2878; x_wconf 84' lang='lat' dir='ltr'><strong>videatur.</strong></span> <span class='ocrx_word' id='word_1_481' title='bbox 660 2845 792 2878; x_wconf 76' lang='lat' dir='ltr'><strong>Traiate</strong></span> <span class='ocrx_word' id='word_1_482' title='bbox 809 2847 955 2884; x_wconf 76' lang='lat' dir='ltr'><strong>dict-um:</strong></span> 
     </span>
     <span class='ocr_line' id='line_1_59' title="bbox 65 2886 960 2938; baseline 0.002 -11.902"><span class='ocrx_word' id='word_1_483' title='bbox 65 2886 198 2935; x_wconf 65' lang='grc' dir='ltr'>δούλην</span> <span class='ocrx_word' id='word_1_484' title='bbox 222 2889 296 2926; x_wconf 81' lang='grc' dir='ltr'>τινὰ</span> <span class='ocrx_word' id='word_1_485' title='bbox 322 2888 441 2930; x_wconf 79' lang='grc' dir='ltr'>ἔδοξας</span> <span class='ocrx_word' id='word_1_486' title='bbox 457 2888 553 2932; x_wconf 79' lang='grc' dir='ltr'>εἶναι,</span> <span class='ocrx_word' id='word_1_487' title='bbox 573 2888 657 2936; x_wconf 76' lang='grc' dir='ltr'>κᾶμ’</span> <span class='ocrx_word' id='word_1_488' title='bbox 674 2889 750 2926; x_wconf 79' lang='grc' dir='ltr'>ἴσον</span> <span class='ocrx_word' id='word_1_489' title='bbox 766 2891 811 2925; x_wconf 78' lang='grc' dir='ltr'><strong>τ’</strong></span> <span class='ocrx_word' id='word_1_490' title='bbox 830 2891 960 2938; x_wconf 81' lang='grc' dir='ltr'>μηδενί</span> 
     </span>
     <span class='ocr_line' id='line_1_60' title="bbox 16 2904 884 2983; baseline 0.001 -13"><span class='ocrx_word' id='word_1_491' title='bbox 16 2931 102 2983; x_wconf 60' lang='lat'><strong>31¹8·</strong></span> <span class='ocrx_word' id='word_1_492' title='bbox 128 2934 170 2973; x_wconf 78' lang='grc' dir='ltr'><strong>οὐ</strong></span> <span class='ocrx_word' id='word_1_493' title='bbox 188 2935 251 2983; x_wconf 68' lang='grc' dir='ltr'><strong>γὰρ</strong></span> <span class='ocrx_word' id='word_1_494' title='bbox 268 2935 364 2982; x_wconf 76' lang='grc' dir='ltr'>ἠξίου</span> <span class='ocrx_word' id='word_1_495' title='bbox 381 2936 461 2975; x_wconf 82' lang='grc' dir='ltr'>τοὺς</span> <span class='ocrx_word' id='word_1_496' title='bbox 479 2936 631 2983; x_wconf 77' lang='grc' dir='ltr'>μηδένας</span> <span class='ocrx_word' id='word_1_497' title='bbox 650 2939 704 2970; x_wconf 78' lang='lat' dir='ltr'><strong>Ai.</strong></span> <span class='ocrx_word' id='word_1_498' title='bbox 728 2904 828 2975; x_wconf 53' lang='grc'>11114.</span> <span class='ocrx_word' id='word_1_499' title='bbox 858 2940 884 2971; x_wconf 88' lang='lat' dir='ltr'>P</span> 
     </span>
     <span class='ocr_line' id='line_1_61' title="bbox 46 2981 959 3030; baseline 0.002 -11.943"><span class='ocrx_word' id='word_1_500' title='bbox 46 2981 261 3030; x_wconf 37' lang='lat' dir='ltr'><strong>ffhoebetnum</strong></span> <span class='ocrx_word' id='word_1_501' title='bbox 279 2985 336 3017; x_wconf 84' lang='lat' dir='ltr'><strong>OR</strong></span> <span class='ocrx_word' id='word_1_502' title='bbox 356 2981 456 3017; x_wconf 81' lang='lat'>1019.</span> <span class='ocrx_word' id='word_1_503' title='bbox 500 2982 560 3018; x_wconf 66' lang='grc' dir='ltr'><strong>καὶ</strong></span> <span class='ocrx_word' id='word_1_504' title='bbox 576 2989 651 3022; x_wconf 72' lang='grc' dir='ltr'><strong>πῶς</strong></span> <span class='ocrx_word' id='word_1_505' title='bbox 669 2982 687 3020; x_wconf 81' lang='grc' dir='ltr'><strong>ὁ</strong></span> <span class='ocrx_word' id='word_1_506' title='bbox 705 2983 814 3030; x_wconf 72' lang='grc' dir='ltr'>φύσας</span> <span class='ocrx_word' id='word_1_507' title='bbox 832 2983 866 3026; x_wconf 73' lang='grc' dir='ltr'><strong>ἐξ</strong></span> <span class='ocrx_word' id='word_1_508' title='bbox 882 2984 959 3021; x_wconf 72' lang='grc' dir='ltr'>ἴσου</span> 
     </span>
     <span class='ocr_line' id='line_1_62' title="bbox 21 3026 961 3078; baseline 0 -12"><span class='ocrx_word' id='word_1_509' title='bbox 21 3026 161 3071; x_wconf 70' lang='grc' dir='ltr'>’δόνίς</span> <span class='ocrx_word' id='word_1_510' title='bbox 190 3034 242 3063; x_wconf 86' lang='lat' dir='ltr'><strong>est</strong></span> <span class='ocrx_word' id='word_1_511' title='bbox 266 3032 358 3064; x_wconf 87' lang='lat' dir='ltr'><strong>enim</strong></span> <span class='ocrx_word' id='word_1_512' title='bbox 382 3029 436 3076; x_wconf 61' lang='grc' dir='ltr'><strong>τῷ</strong></span> <span class='ocrx_word' id='word_1_513' title='bbox 456 3030 504 3076; x_wconf 81' lang='grc' dir='ltr'>μὴ</span> <span class='ocrx_word' id='word_1_514' title='bbox 524 3029 680 3078; x_wconf 81' lang='grc' dir='ltr'>φύσαντι,</span> <span class='ocrx_word' id='word_1_515' title='bbox 701 3042 729 3066; x_wconf 88' lang='lat' dir='ltr'><strong>s.</strong></span> <span class='ocrx_word' id='word_1_516' title='bbox 748 3030 874 3078; x_wconf 81' lang='grc' dir='ltr'>μηδενὶ</span> <span class='ocrx_word' id='word_1_517' title='bbox 890 3031 961 3066; x_wconf 86' lang='grc' dir='ltr'>ὄντι</span> 
     </span>
     <span class='ocr_line' id='line_1_63' title="bbox 62 3075 956 3123; baseline -0.001 -12.043"><span class='ocrx_word' id='word_1_518' title='bbox 62 3087 100 3123; x_wconf 64' lang='grc' dir='ltr'><strong>,γε</strong></span> <span class='ocrx_word' id='word_1_519' title='bbox 124 3075 164 3110; x_wconf 80' lang='grc' dir='ltr'><strong>τὸ</strong></span> <span class='ocrx_word' id='word_1_520' title='bbox 181 3079 301 3123; x_wconf 82' lang='grc' dir='ltr'>φῦναι,</span> <span class='ocrx_word' id='word_1_521' title='bbox 323 3080 378 3118; x_wconf 72' lang='lat' dir='ltr'><strong>qm*</strong></span> <span class='ocrx_word' id='word_1_522' title='bbox 395 3078 523 3119; x_wconf 74' lang='lat' dir='ltr'><strong>quidem</strong></span> <span class='ocrx_word' id='word_1_523' title='bbox 541 3078 626 3119; x_wconf 81' lang='lat' dir='ltr'><strong>quod</strong></span> <span class='ocrx_word' id='word_1_524' title='bbox 638 3079 684 3110; x_wconf 79' lang='lat' dir='ltr'><strong>ad</strong></span> <span class='ocrx_word' id='word_1_525' title='bbox 698 3082 956 3121; x_wconf 53' lang='lat' dir='ltr'><strong>yeneffrationem,</strong></span> 
     </span>
     <span class='ocr_line' id='line_1_64' title="bbox 26 3124 539 3173; baseline -0.002 -17"><span class='ocrx_word' id='word_1_526' title='bbox 26 3139 46 3173; x_wconf 18' lang='grc' dir='ltr'><strong>κ·</strong></span> <span class='ocrx_word' id='word_1_527' title='bbox 70 3126 135 3163; x_wconf 62' lang='lat' dir='ltr'><strong>aot,</strong></span> <span class='ocrx_word' id='word_1_528' title='bbox 154 3124 176 3156; x_wconf 93' lang='lat' dir='ltr'><strong>i.</strong></span> <span class='ocrx_word' id='word_1_529' title='bbox 198 3134 228 3158; x_wconf 91' lang='lat' dir='ltr'><strong>e.</strong></span> <span class='ocrx_word' id='word_1_530' title='bbox 244 3125 308 3165; x_wconf 73' lang='lat' dir='ltr'><strong>qui</strong></span> <span class='ocrx_word' id='word_1_531' title='bbox 325 3134 391 3158; x_wconf 72' lang='lat' dir='ltr'><strong>non</strong></span> <span class='ocrx_word' id='word_1_532' title='bbox 409 3126 539 3164; x_wconf 78' lang='lat' dir='ltr'><strong>genuit,</strong></span> 
     </span>
    </p>
   </div>
   <div class='ocr_carea' id='block_1_4' title="bbox 0 1813 128 3600">
    <p class='ocr_par' dir='ltr' id='par_1_4' title="bbox 0 1813 128 3600">
     <span class='ocr_line' id='line_1_65' title="bbox 0 1813 56 1961; baseline 0 -33"><span class='ocrx_word' id='word_1_533' title='bbox 0 1813 56 1961; x_wconf 95' lang='lat' dir='ltr'><strong>   </strong></span> 
     </span>
     <span class='ocr_line' id='line_1_66' title="bbox 0 1961 67 2072; baseline 0.03 -52"><span class='ocrx_word' id='word_1_534' title='bbox 0 1961 67 2072; x_wconf 95' lang='lat' dir='ltr'><strong>    </strong></span> 
     </span>
     <span class='ocr_line' id='line_1_67' title="bbox 0 2072 76 2202; baseline 0.039 -4"><span class='ocrx_word' id='word_1_535' title='bbox 0 2072 76 2202; x_wconf 95' lang='lat' dir='ltr'><strong>   </strong></span> 
     </span>
     <span class='ocr_line' id='line_1_68' title="bbox 0 2202 76 2401; baseline 0 -51"><span class='ocrx_word' id='word_1_536' title='bbox 0 2202 76 2401; x_wconf 95' lang='lat' dir='ltr'><strong>    </strong></span> <span class='ocrx_word' id='word_1_537' title='bbox 23 2385 76 2394; x_wconf 95' lang='lat' dir='ltr'><strong> </strong></span> 
     </span>
     <span class='ocr_line' id='line_1_69' title="bbox 0 2394 62 2443; baseline 0 -42"><span class='ocrx_word' id='word_1_538' title='bbox 0 2401 62 2443; x_wconf 95' lang='lat' dir='ltr'><strong>  </strong></span> <span class='ocrx_word' id='word_1_539' title='bbox 23 2394 62 2401; x_wconf 95' lang='lat' dir='ltr'><strong> </strong></span> 
     </span>
     <span class='ocr_line' id='line_1_70' title="bbox 0 2443 67 2626; baseline 0.045 -43"><span class='ocrx_word' id='word_1_540' title='bbox 0 2443 67 2626; x_wconf 95' lang='lat' dir='ltr'><strong>    </strong></span> 
     </span>
     <span class='ocr_line' id='line_1_71' title="bbox 0 2626 56 2720; baseline 0.107 -42"><span class='ocrx_word' id='word_1_541' title='bbox 0 2626 56 2720; x_wconf 95' lang='lat' dir='ltr'><strong>   </strong></span> 
     </span>
     <span class='ocr_line' id='line_1_72' title="bbox 0 2720 119 2861; baseline 0 -41"><span class='ocrx_word' id='word_1_542' title='bbox 0 2720 119 2861; x_wconf 95' lang='lat' dir='ltr'><strong>    </strong></span> 
     </span>
     <span class='ocr_line' id='line_1_73' title="bbox 0 2861 65 3009; baseline -0.062 -48"><span class='ocrx_word' id='word_1_543' title='bbox 0 2861 65 3009; x_wconf 95' lang='lat' dir='ltr'><strong>    </strong></span> 
     </span>
     <span class='ocr_line' id='line_1_74' title="bbox 0 3009 62 3147; baseline 0 -43"><span class='ocrx_word' id='word_1_544' title='bbox 0 3009 62 3147; x_wconf 95' lang='lat' dir='ltr'><strong>   </strong></span> 
     </span>
     <span class='ocr_line' id='line_1_75' title="bbox 0 3147 128 3285; baseline 0 -53"><span class='ocrx_word' id='word_1_545' title='bbox 0 3147 128 3285; x_wconf 95' lang='lat' dir='ltr'><strong>   </strong></span> 
     </span>
     <span class='ocr_line' id='line_1_76' title="bbox 0 3285 125 3331; baseline 0 269"><span class='ocrx_word' id='word_1_546' title='bbox 0 3285 125 3331; x_wconf 95' lang='lat' dir='ltr'><strong> </strong></span> 
     </span>
     <span class='ocr_line' id='line_1_77' title="bbox 0 3331 90 3600; baseline 0 -176"><span class='ocrx_word' id='word_1_547' title='bbox 0 3331 90 3600; x_wconf 95' lang='lat' dir='ltr'><strong>   </strong></span> 
     </span>
    </p>
   </div>
   <div class='ocr_carea' id='block_1_5' title="bbox 17 2389 45 2397">
    <p class='ocr_par' dir='ltr' id='par_1_5' title="bbox 17 2389 45 2397">
     <span class='ocr_line' id='line_1_78' title="bbox 17 2389 45 2397; baseline 0 -3"><span class='ocrx_word' id='word_1_548' title='bbox 17 2389 21 2397; x_wconf 89' lang='grc'>,</span> <span class='ocrx_word' id='word_1_549' title='bbox 43 2390 45 2394; x_wconf 72' lang='grc'>,</span> 
     </span>
    </p>
   </div>
   <div class='ocr_carea' id='block_1_6' title="bbox 20 3213 960 3445">
    <p class='ocr_par' dir='ltr' id='par_1_6' title="bbox 20 3213 960 3447">
     <span class='ocr_line' id='line_1_79' title="bbox 20 3213 960 3262; baseline 0.003 -13"><span class='ocrx_word' id='word_1_550' title='bbox 20 3213 226 3262; x_wconf 54' lang='grc' dir='ltr'>ἡδο-,μαι</span> <span class='ocrx_word' id='word_1_551' title='bbox 258 3217 414 3259; x_wconf 68' lang='lat' dir='ltr'><strong>dacem,</strong></span> <span class='ocrx_word' id='word_1_552' title='bbox 443 3219 620 3252; x_wconf 67' lang='lat' dir='ltr'><strong>mittum</strong></span> <span class='ocrx_word' id='word_1_553' title='bbox 645 3220 751 3259; x_wconf 69' lang='lat' dir='ltr'><strong>capio.</strong></span> <span class='ocrx_word' id='word_1_554' title='bbox 794 3217 852 3258; x_wconf 78' lang='grc' dir='ltr'><strong>τὸν</strong></span> <span class='ocrx_word' id='word_1_555' title='bbox 877 3217 960 3254; x_wconf 78' lang='grc' dir='ltr'>τάδε</span> 
     </span>
     <span class='ocr_line' id='line_1_80' title="bbox 116 3258 959 3343; baseline 0.004 -47.595"><span class='ocrx_word' id='word_1_556' title='bbox 116 3274 146 3295; x_wconf 91' lang='grc' dir='ltr'><strong>ν</strong></span> <span class='ocrx_word' id='word_1_557' title='bbox 171 3264 232 3296; x_wconf 70' lang='lat' dir='ltr'><strong>Pia.</strong></span> <span class='ocrx_word' id='word_1_558' title='bbox 257 3261 348 3295; x_wconf 87' lang='grc'>1114</span> <span class='ocrx_word' id='word_1_559' title='bbox 364 3274 408 3296; x_wconf 91' lang='lat' dir='ltr'><strong>m.</strong></span> <span class='ocrx_word' id='word_1_560' title='bbox 440 3258 490 3299; x_wconf 60' lang='lat'><strong>{50&#39;</strong></span> <span class='ocrx_word' id='word_1_561' title='bbox 519 3260 580 3310; x_wconf 75' lang='grc' dir='ltr'><strong>ἐφ’</strong></span> <span class='ocrx_word' id='word_1_562' title='bbox 606 3262 694 3343; x_wconf 52' lang='grc' dir='ltr'>ημῖν</span> <span class='ocrx_word' id='word_1_563' title='bbox 711 3259 959 3311; x_wconf 74' lang='grc' dir='ltr'>κάκ’ἐμήςιατο</span> 
     </span>
     <span class='ocr_line' id='line_1_81' title="bbox 21 3308 956 3356; baseline 0.006 -15"><span class='ocrx_word' id='word_1_564' title='bbox 21 3325 24 3356; x_wconf 67' lang='lat'><strong>¹,</strong></span> <span class='ocrx_word' id='word_1_565' title='bbox 43 3317 98 3341; x_wconf 68' lang='grc' dir='ltr'><strong>·ἰ.</strong></span> <span class='ocrx_word' id='word_1_566' title='bbox 125 3313 201 3347; x_wconf 73' lang='grc' dir='ltr'>πῶς</span> <span class='ocrx_word' id='word_1_567' title='bbox 211 3308 369 3355; x_wconf 81' lang='grc' dir='ltr'>ἐμήσατο</span> <span class='ocrx_word' id='word_1_568' title='bbox 386 3308 535 3350; x_wconf 79' lang='grc' dir='ltr'>θάνατον</span> <span class='ocrx_word' id='word_1_569' title='bbox 554 3311 611 3345; x_wconf 82' lang='lat' dir='ltr'><strong>Tr.</strong></span> <span class='ocrx_word' id='word_1_570' title='bbox 647 3308 693 3343; x_wconf 87' lang='grc'><strong>84</strong></span> <span class='ocrx_word' id='word_1_571' title='bbox 702 3312 758 3344; x_wconf 85' lang='lat' dir='ltr'><strong>ch.</strong></span> <span class='ocrx_word' id='word_1_572' title='bbox 785 3310 818 3345; x_wconf 87' lang='grc' dir='ltr'>τί</span> <span class='ocrx_word' id='word_1_573' title='bbox 831 3310 956 3354; x_wconf 63' lang='grc' dir='ltr'>πάθοις</span> 
     </span>
     <span class='ocr_line' id='line_1_82' title="bbox 22 3354 956 3401; baseline -0.001 -9"><span class='ocrx_word' id='word_1_574' title='bbox 22 3357 57 3399; x_wconf 54' lang='grc' dir='ltr'><strong>ἷς-</strong></span> <span class='ocrx_word' id='word_1_575' title='bbox 89 3354 329 3401; x_wconf 30' lang='grc' dir='ltr'>ήσομαιςι974</span> <span class='ocrx_word' id='word_1_576' title='bbox 345 3367 400 3390; x_wconf 90' lang='lat' dir='ltr'><strong>an.</strong></span> <span class='ocrx_word' id='word_1_577' title='bbox 436 3358 488 3390; x_wconf 79' lang='lat' dir='ltr'><strong>Cf.</strong></span> <span class='ocrx_word' id='word_1_578' title='bbox 509 3359 633 3392; x_wconf 69' lang='lat' dir='ltr'><strong>Iambe.</strong></span> <span class='ocrx_word' id='word_1_579' title='bbox 655 3359 694 3395; x_wconf 73' lang='lat' dir='ltr'><strong>ad</strong></span> <span class='ocrx_word' id='word_1_580' title='bbox 711 3359 754 3390; x_wconf 82' lang='lat' dir='ltr'><strong>A.</strong></span> <span class='ocrx_word' id='word_1_581' title='bbox 772 3360 845 3390; x_wconf 79' lang='lat' dir='ltr'><strong>Pal.</strong></span> <span class='ocrx_word' id='word_1_582' title='bbox 867 3356 900 3391; x_wconf 94' lang='lat'><strong>3.</strong></span> <span class='ocrx_word' id='word_1_583' title='bbox 920 3369 956 3400; x_wconf 88' lang='lat' dir='ltr'>p.</span> 
     </span>
     <span class='ocr_line' id='line_1_83' title="bbox 76 3401 589 3445; baseline -0.005 -7.281"><span class='ocrx_word' id='word_1_584' title='bbox 76 3402 204 3438; x_wconf 61' lang='lat' dir='ltr'><strong>Rinek.</strong></span> <span class='ocrx_word' id='word_1_585' title='bbox 225 3404 265 3438; x_wconf 74' lang='lat' dir='ltr'><strong>ad</strong></span> <span class='ocrx_word' id='word_1_586' title='bbox 280 3403 432 3444; x_wconf 84' lang='lat' dir='ltr'><strong>Euphor.</strong></span> <span class='ocrx_word' id='word_1_587' title='bbox 454 3414 487 3445; x_wconf 88' lang='lat' dir='ltr'><strong>p.</strong></span> <span class='ocrx_word' id='word_1_588' title='bbox 513 3401 589 3436; x_wconf 81' lang='lat'>162.</span> 
     </span>
    </p>
   </div>
   <div class='ocr_carea' id='block_1_7' title="bbox 633 139 1314 210">
    <p class='ocr_par' dir='ltr' id='par_1_7' title="bbox 633 139 1314 210">
     <span class='ocr_line' id='line_1_84' title="bbox 633 139 1314 210; baseline 0 -20"><span class='ocrx_word' id='word_1_589' title='bbox 633 139 860 208; x_wconf 77' lang='grc' dir='ltr'>Μήδομαι</span> <span class='ocrx_word' id='word_1_590' title='bbox 884 171 953 185; x_wconf 51' lang='grc' dir='ltr'><strong>-ε-</strong></span> <span class='ocrx_word' id='word_1_591' title='bbox 977 140 1314 210; x_wconf 82' lang='grc' dir='ltr'>Μηλοσφαγέω</span> 
     </span>
    </p>
   </div>
   <div class='ocr_carea' id='block_1_8' title="bbox 1907 145 1999 199">
    <p class='ocr_par' dir='ltr' id='par_1_8' title="bbox 1907 145 1999 199">
     <span class='ocr_line' id='line_1_85' title="bbox 1907 145 1999 199; baseline -0.043 -1"><span class='ocrx_word' id='word_1_592' title='bbox 1907 145 1999 199; x_wconf 79' lang='grc'><strong>451</strong></span> 
     </span>
    </p>
   </div>
   <div class='ocr_carea' id='block_1_9' title="bbox 991 253 2010 398">
    <p class='ocr_par' dir='ltr' id='par_1_9' title="bbox 991 253 2010 398">
     <span class='ocr_line' id='line_1_86' title="bbox 1061 253 2009 306; baseline 0 -13"><span class='ocrx_word' id='word_1_593' title='bbox 1061 255 1218 304; x_wconf 85' lang='grc' dir='ltr'>Μῆδος</span> <span class='ocrx_word' id='word_1_594' title='bbox 1248 260 1434 292; x_wconf 66' lang='lat' dir='ltr'><strong>milium.</strong></span> <span class='ocrx_word' id='word_1_595' title='bbox 1479 269 1521 292; x_wconf 87' lang='grc' dir='ltr'><strong>πε</strong></span> <span class='ocrx_word' id='word_1_596' title='bbox 1545 253 1627 292; x_wconf 80' lang='grc' dir='ltr'>ιώσι’</span> <span class='ocrx_word' id='word_1_597' title='bbox 1661 256 1800 306; x_wconf 77' lang='grc' dir='ltr'>ἅφυκτά</span> <span class='ocrx_word' id='word_1_598' title='bbox 1824 271 1861 294; x_wconf 84' lang='grc' dir='ltr'>τε</span> <span class='ocrx_word' id='word_1_599' title='bbox 1893 259 2009 306; x_wconf 83' lang='grc' dir='ltr'>μήδεα</span> 
     </span>
     <span class='ocr_line' id='line_1_87' title="bbox 991 270 2003 352; baseline -0.001 -12"><span class='ocrx_word' id='word_1_600' title='bbox 991 303 1167 352; x_wconf 79' lang='grc' dir='ltr'>ὑφαίνεται</span> <span class='ocrx_word' id='word_1_601' title='bbox 1185 302 1274 340; x_wconf 83' lang='grc' dir='ltr'>Αἷσα</span> <span class='ocrx_word' id='word_1_602' title='bbox 1291 306 1430 339; x_wconf 85' lang='lat' dir='ltr'><strong>Phaedr.</strong></span> <span class='ocrx_word' id='word_1_603' title='bbox 1461 307 1501 338; x_wconf 83' lang='lat' dir='ltr'><strong>fr.</strong></span> <span class='ocrx_word' id='word_1_604' title='bbox 1522 270 1604 347; x_wconf 76' lang='grc'>604,</span> <span class='ocrx_word' id='word_1_605' title='bbox 1632 315 1715 348; x_wconf 85' lang='lat' dir='ltr'><strong>quos</strong></span> <span class='ocrx_word' id='word_1_606' title='bbox 1733 317 1850 340; x_wconf 78' lang='lat' dir='ltr'><strong>versus</strong></span> <span class='ocrx_word' id='word_1_607' title='bbox 1867 318 1885 345; x_wconf 75' lang='lat' dir='ltr'><strong>a</strong></span> <span class='ocrx_word' id='word_1_608' title='bbox 1901 307 2003 349; x_wconf 86' lang='lat' dir='ltr'><strong>Soph.</strong></span> 
     </span>
     <span class='ocr_line' id='line_1_88' title="bbox 991 351 2010 398; baseline 0.001 -13"><span class='ocrx_word' id='word_1_609' title='bbox 991 353 1227 386; x_wconf 74' lang='lat' dir='ltr'><strong>abiudicandos</strong></span> <span class='ocrx_word' id='word_1_610' title='bbox 1245 363 1318 385; x_wconf 88' lang='lat' dir='ltr'><strong>esse</strong></span> <span class='ocrx_word' id='word_1_611' title='bbox 1335 354 1482 395; x_wconf 89' lang='lat' dir='ltr'><strong>suspicio</strong></span> <span class='ocrx_word' id='word_1_612' title='bbox 1498 358 1562 385; x_wconf 84' lang='lat' dir='ltr'><strong>est.</strong></span> <span class='ocrx_word' id='word_1_613' title='bbox 1733 353 1781 398; x_wconf 89' lang='grc' dir='ltr'><strong>(ΙΙ</strong></span> <span class='ocrx_word' id='word_1_614' title='bbox 1799 365 1832 396; x_wconf 89' lang='lat' dir='ltr'>p.</span> <span class='ocrx_word' id='word_1_615' title='bbox 1856 352 1935 396; x_wconf 84' lang='lat'>119,</span> <span class='ocrx_word' id='word_1_616' title='bbox 1955 351 2010 398; x_wconf 87' lang='grc'><strong>6.)</strong></span> 
     </span>
    </p>
   </div>
   <div class='ocr_carea' id='block_1_10' title="bbox 992 419 2009 658">
    <p class='ocr_par' dir='ltr' id='par_1_10' title="bbox 992 419 2009 658">
     <span class='ocr_line' id='line_1_89' title="bbox 1062 419 2009 469; baseline -0.002 -11"><span class='ocrx_word' id='word_1_617' title='bbox 1062 419 1219 469; x_wconf 84' lang='grc' dir='ltr'>Μηκάς</span> <span class='ocrx_word' id='word_1_618' title='bbox 1243 425 1404 464; x_wconf 76' lang='lat' dir='ltr'><strong>muyiem.</strong></span> <span class='ocrx_word' id='word_1_619' title='bbox 1451 424 1533 456; x_wconf 85' lang='lat' dir='ltr'><strong>Nam</strong></span> <span class='ocrx_word' id='word_1_620' title='bbox 1557 426 1597 458; x_wconf 83' lang='lat' dir='ltr'><strong>ab</strong></span> <span class='ocrx_word' id='word_1_621' title='bbox 1616 424 1791 457; x_wconf 77' lang='lat' dir='ltr'><strong>Homerica</strong></span> <span class='ocrx_word' id='word_1_622' title='bbox 1808 430 1841 456; x_wconf 90' lang='lat' dir='ltr'><strong>et</strong></span> <span class='ocrx_word' id='word_1_623' title='bbox 1858 425 2009 465; x_wconf 85' lang='lat' dir='ltr'><strong>legitima</strong></span> 
     </span>
     <span class='ocr_line' id='line_1_90' title="bbox 992 468 2008 512; baseline 0.001 -9"><span class='ocrx_word' id='word_1_624' title='bbox 992 471 1237 510; x_wconf 75' lang='lat' dir='ltr'><strong>significatione</strong></span> <span class='ocrx_word' id='word_1_625' title='bbox 1260 471 1403 504; x_wconf 86' lang='lat' dir='ltr'><strong>descivit</strong></span> <span class='ocrx_word' id='word_1_626' title='bbox 1421 471 1537 512; x_wconf 85' lang='lat' dir='ltr'><strong>Soph.⁷</strong></span> <span class='ocrx_word' id='word_1_627' title='bbox 1563 481 1640 504; x_wconf 90' lang='lat' dir='ltr'><strong>cum</strong></span> <span class='ocrx_word' id='word_1_628' title='bbox 1662 472 1698 503; x_wconf 92' lang='lat' dir='ltr'><strong>in</strong></span> <span class='ocrx_word' id='word_1_629' title='bbox 1723 472 1851 503; x_wconf 82' lang='lat' dir='ltr'><strong>Pastor.</strong></span> <span class='ocrx_word' id='word_1_630' title='bbox 1879 473 1919 503; x_wconf 82' lang='lat' dir='ltr'><strong>fr.</strong></span> <span class='ocrx_word' id='word_1_631' title='bbox 1943 468 2008 504; x_wconf 88' lang='grc'>122</span> 
     </span>
     <span class='ocr_line' id='line_1_91' title="bbox 992 515 2004 564; baseline 0 -14"><span class='ocrx_word' id='word_1_632' title='bbox 992 518 1081 550; x_wconf 86' lang='lat' dir='ltr'><strong>dixit</strong></span> <span class='ocrx_word' id='word_1_633' title='bbox 1103 516 1204 555; x_wconf 85' lang='grc' dir='ltr'>κυνὸς</span> <span class='ocrx_word' id='word_1_634' title='bbox 1227 515 1359 563; x_wconf 83' lang='grc' dir='ltr'>πέλλης</span> <span class='ocrx_word' id='word_1_635' title='bbox 1380 528 1416 551; x_wconf 85' lang='grc' dir='ltr'>τε</span> <span class='ocrx_word' id='word_1_636' title='bbox 1437 515 1594 564; x_wconf 69' lang='grc' dir='ltr'>μηκάδος</span> <span class='ocrx_word' id='word_1_637' title='bbox 1613 515 1702 562; x_wconf 80' lang='grc' dir='ltr'>ῥινὸν</span> <span class='ocrx_word' id='word_1_638' title='bbox 1721 516 1813 562; x_wconf 81' lang='grc' dir='ltr'>βοός.</span> <span class='ocrx_word' id='word_1_639' title='bbox 1858 518 1950 550; x_wconf 86' lang='lat' dir='ltr'><strong>Erot.</strong></span> <span class='ocrx_word' id='word_1_640' title='bbox 1972 529 2004 560; x_wconf 88' lang='lat' dir='ltr'><strong>p.</strong></span> 
     </span>
     <span class='ocr_line' id='line_1_92' title="bbox 992 562 2006 611; baseline 0 -14"><span class='ocrx_word' id='word_1_641' title='bbox 992 562 1060 597; x_wconf 92' lang='grc'><strong>306</strong></span> <span class='ocrx_word' id='word_1_642' title='bbox 1086 563 1166 610; x_wconf 82' lang='grc' dir='ltr'>βοὸς</span> <span class='ocrx_word' id='word_1_643' title='bbox 1193 563 1282 611; x_wconf 77' lang='grc' dir='ltr'>ῥινόν</span> <span class='ocrx_word' id='word_1_644' title='bbox 1304 562 1554 609; x_wconf 74' lang='lat' dir='ltr'><strong>[praecedentia</strong></span> <span class='ocrx_word' id='word_1_645' title='bbox 1572 566 1754 597; x_wconf 84' lang='lat' dir='ltr'><strong>Duentzer.</strong></span> <span class='ocrx_word' id='word_1_646' title='bbox 1776 566 1811 596; x_wconf 91' lang='lat' dir='ltr'><strong>in</strong></span> <span class='ocrx_word' id='word_1_647' title='bbox 1830 566 1950 597; x_wconf 87' lang='lat' dir='ltr'><strong>Philol.</strong></span> <span class='ocrx_word' id='word_1_648' title='bbox 1971 563 2006 605; x_wconf 89' lang='lat'><strong>3,</strong></span> 
     </span>
     <span class='ocr_line' id='line_1_93' title="bbox 995 609 1704 658; baseline 0.003 -14"><span class='ocrx_word' id='word_1_649' title='bbox 995 609 1062 645; x_wconf 91' lang='grc'><strong>138</strong></span> <span class='ocrx_word' id='word_1_650' title='bbox 1079 622 1160 644; x_wconf 85' lang='lat' dir='ltr'><strong>corr.</strong></span> <span class='ocrx_word' id='word_1_651' title='bbox 1177 624 1183 644; x_wconf 89' lang='lat'>:</span> <span class='ocrx_word' id='word_1_652' title='bbox 1205 610 1300 658; x_wconf 77' lang='grc' dir='ltr'>αἰγός</span> <span class='ocrx_word' id='word_1_653' title='bbox 1316 622 1353 644; x_wconf 89' lang='grc' dir='ltr'>τε</span> <span class='ocrx_word' id='word_1_654' title='bbox 1371 610 1502 657; x_wconf 85' lang='grc' dir='ltr'>πελλῆς</span> <span class='ocrx_word' id='word_1_655' title='bbox 1521 610 1704 658; x_wconf 61' lang='grc' dir='ltr'>μηκάδας]</span> 
     </span>
    </p>
   </div>
   <div class='ocr_carea' id='block_1_11' title="bbox 992 667 2010 2291">
    <p class='ocr_par' dir='ltr' id='par_1_11' title="bbox 992 667 2009 1188">
     <span class='ocr_line' id='line_1_94' title="bbox 1063 667 2006 716; baseline -0.003 -11"><span class='ocrx_word' id='word_1_656' title='bbox 1063 667 1239 716; x_wconf 82' lang='grc' dir='ltr'>Μηκέτι</span> <span class='ocrx_word' id='word_1_657' title='bbox 1271 679 1312 702; x_wconf 79' lang='lat' dir='ltr'><strong>nc</strong></span> <span class='ocrx_word' id='word_1_658' title='bbox 1345 675 1379 702; x_wconf 87' lang='lat' dir='ltr'><strong>et</strong></span> <span class='ocrx_word' id='word_1_659' title='bbox 1407 680 1477 702; x_wconf 79' lang='lat' dir='ltr'><strong>non</strong></span> <span class='ocrx_word' id='word_1_660' title='bbox 1507 681 1534 702; x_wconf 86' lang='lat' dir='ltr'><strong>s.</strong></span> <span class='ocrx_word' id='word_1_661' title='bbox 1568 670 1656 702; x_wconf 74' lang='lat' dir='ltr'><strong>haud</strong></span> <span class='ocrx_word' id='word_1_662' title='bbox 1681 671 1834 711; x_wconf 68' lang='lat' dir='ltr'><strong>anzplius.</strong></span> <span class='ocrx_word' id='word_1_663' title='bbox 1880 671 1931 702; x_wconf 85' lang='lat' dir='ltr'><strong>Ex</strong></span> <span class='ocrx_word' id='word_1_664' title='bbox 1956 670 2006 716; x_wconf 85' lang='grc' dir='ltr'>μὴ</span> 
     </span>
     <span class='ocr_line' id='line_1_95' title="bbox 993 715 2008 759; baseline -0.003 -7"><span class='ocrx_word' id='word_1_665' title='bbox 993 715 1108 752; x_wconf 81' lang='grc' dir='ltr'>οὐκέτι</span> <span class='ocrx_word' id='word_1_666' title='bbox 1131 721 1337 750; x_wconf 80' lang='lat' dir='ltr'><strong>contractum</strong></span> <span class='ocrx_word' id='word_1_667' title='bbox 1363 727 1437 749; x_wconf 86' lang='lat' dir='ltr'><strong>esse</strong></span> <span class='ocrx_word' id='word_1_668' title='bbox 1463 718 1547 749; x_wconf 88' lang='lat' dir='ltr'><strong>illud</strong></span> <span class='ocrx_word' id='word_1_669' title='bbox 1567 718 1766 749; x_wconf 86' lang='lat' dir='ltr'><strong>Buttmanni</strong></span> <span class='ocrx_word' id='word_1_670' title='bbox 1792 719 1939 759; x_wconf 86' lang='lat' dir='ltr'><strong>suspicio</strong></span> <span class='ocrx_word' id='word_1_671' title='bbox 1956 722 2008 750; x_wconf 87' lang='lat' dir='ltr'><strong>est</strong></span> 
     </span>
     <span class='ocr_line' id='line_1_96' title="bbox 993 763 2006 810; baseline -0.002 -13"><span class='ocrx_word' id='word_1_672' title='bbox 993 766 1172 808; x_wconf 84' lang='lat' dir='ltr'><strong>speciosior</strong></span> <span class='ocrx_word' id='word_1_673' title='bbox 1204 774 1304 806; x_wconf 85' lang='lat' dir='ltr'><strong>quam</strong></span> <span class='ocrx_word' id='word_1_674' title='bbox 1340 765 1464 805; x_wconf 83' lang='lat' dir='ltr'><strong>verior,</strong></span> <span class='ocrx_word' id='word_1_675' title='bbox 1501 766 1647 797; x_wconf 71' lang='lat' dir='ltr'><strong>refutata</strong></span> <span class='ocrx_word' id='word_1_676' title='bbox 1672 775 1691 796; x_wconf 85' lang='lat' dir='ltr'><strong>a</strong></span> <span class='ocrx_word' id='word_1_677' title='bbox 1708 765 1870 805; x_wconf 84' lang='lat' dir='ltr'><strong>Frankio‚</strong></span> <span class='ocrx_word' id='word_1_678' title='bbox 1900 776 1931 796; x_wconf 93' lang='lat' dir='ltr'><strong>v.</strong></span> <span class='ocrx_word' id='word_1_679' title='bbox 1957 763 2006 810; x_wconf 83' lang='grc' dir='ltr'>μή</span> 
     </span>
     <span class='ocr_line' id='line_1_97' title="bbox 992 808 2008 857; baseline 0.001 -13"><span class='ocrx_word' id='word_1_680' title='bbox 992 810 1090 857; x_wconf 90' lang='lat' dir='ltr'><strong>[Lob.</strong></span> <span class='ocrx_word' id='word_1_681' title='bbox 1107 812 1203 844; x_wconf 85' lang='lat' dir='ltr'><strong>Path.</strong></span> <span class='ocrx_word' id='word_1_682' title='bbox 1215 809 1250 851; x_wconf 91' lang='grc'><strong>2,</strong></span> <span class='ocrx_word' id='word_1_683' title='bbox 1271 808 1367 856; x_wconf 85' lang='grc'>219].</span> <span class='ocrx_word' id='word_1_684' title='bbox 1398 812 1510 851; x_wconf 86' lang='lat' dir='ltr'><strong>Longe</strong></span> <span class='ocrx_word' id='word_1_685' title='bbox 1528 813 1747 844; x_wconf 83' lang='lat' dir='ltr'><strong>verisimilius</strong></span> <span class='ocrx_word' id='word_1_686' title='bbox 1765 816 1817 843; x_wconf 85' lang='lat' dir='ltr'><strong>est</strong></span> <span class='ocrx_word' id='word_1_687' title='bbox 1833 812 1873 843; x_wconf 83' lang='lat' dir='ltr'><strong>ad</strong></span> <span class='ocrx_word' id='word_1_688' title='bbox 1891 810 2008 845; x_wconf 74' lang='grc' dir='ltr'>οὐκέτι</span> 
     </span>
     <span class='ocr_line' id='line_1_98' title="bbox 993 856 2007 904; baseline -0.002 -12"><span class='ocrx_word' id='word_1_689' title='bbox 993 861 1188 901; x_wconf 85' lang='lat' dir='ltr'><strong>exemplum</strong></span> <span class='ocrx_word' id='word_1_690' title='bbox 1213 860 1253 892; x_wconf 75' lang='lat' dir='ltr'><strong>ab</strong></span> <span class='ocrx_word' id='word_1_691' title='bbox 1278 860 1381 891; x_wconf 80' lang='lat' dir='ltr'><strong>altera</strong></span> <span class='ocrx_word' id='word_1_692' title='bbox 1398 859 1544 899; x_wconf 84' lang='lat' dir='ltr'><strong>negandi</strong></span> <span class='ocrx_word' id='word_1_693' title='bbox 1563 859 1726 901; x_wconf 81' lang='lat' dir='ltr'><strong>particula</strong></span> <span class='ocrx_word' id='word_1_694' title='bbox 1742 856 1868 904; x_wconf 85' lang='grc' dir='ltr'>μηκέτι</span> <span class='ocrx_word' id='word_1_695' title='bbox 1883 859 2007 900; x_wconf 86' lang='lat' dir='ltr'><strong>produ-</strong></span> 
     </span>
     <span class='ocr_line' id='line_1_99' title="bbox 993 903 2008 952; baseline 0 -13"><span class='ocrx_word' id='word_1_696' title='bbox 993 911 1096 940; x_wconf 87' lang='lat' dir='ltr'><strong>ctum.</strong></span> <span class='ocrx_word' id='word_1_697' title='bbox 1134 908 1174 938; x_wconf 94' lang='lat' dir='ltr'><strong>In</strong></span> <span class='ocrx_word' id='word_1_698' title='bbox 1192 907 1362 938; x_wconf 79' lang='lat' dir='ltr'><strong>sententia</strong></span> <span class='ocrx_word' id='word_1_699' title='bbox 1379 909 1527 941; x_wconf 66' lang='lat' dir='ltr'><strong>vetante:</strong></span> <span class='ocrx_word' id='word_1_700' title='bbox 1555 903 1681 952; x_wconf 80' lang='grc' dir='ltr'>μηκέτι</span> <span class='ocrx_word' id='word_1_701' title='bbox 1696 903 1779 940; x_wconf 74' lang='grc' dir='ltr'>τοῦδ</span> <span class='ocrx_word' id='word_1_702' title='bbox 1807 903 2008 951; x_wconf 85' lang='grc' dir='ltr'>ἀντιπέτρου</span> 
     </span>
     <span class='ocr_line' id='line_1_100' title="bbox 993 950 2008 1000; baseline -0.001 -13"><span class='ocrx_word' id='word_1_703' title='bbox 993 952 1151 999; x_wconf 77' lang='grc' dir='ltr'>βήματος</span> <span class='ocrx_word' id='word_1_704' title='bbox 1182 951 1246 993; x_wconf 80' lang='grc' dir='ltr'><strong>ἔξω</strong></span> <span class='ocrx_word' id='word_1_705' title='bbox 1275 950 1364 987; x_wconf 86' lang='grc' dir='ltr'>πόδα</span> <span class='ocrx_word' id='word_1_706' title='bbox 1389 950 1509 1000; x_wconf 78' lang='grc' dir='ltr'>κλίνης</span> <span class='ocrx_word' id='word_1_707' title='bbox 1535 953 1590 985; x_wconf 85' lang='lat' dir='ltr'><strong>OC</strong></span> <span class='ocrx_word' id='word_1_708' title='bbox 1615 950 1682 985; x_wconf 87' lang='grc'><strong>192</strong></span> <span class='ocrx_word' id='word_1_709' title='bbox 1704 963 1759 986; x_wconf 88' lang='lat' dir='ltr'><strong>an.</strong></span> <span class='ocrx_word' id='word_1_710' title='bbox 1804 951 1854 998; x_wconf 86' lang='grc' dir='ltr'>μή</span> <span class='ocrx_word' id='word_1_711' title='bbox 1881 951 1925 997; x_wconf 90' lang='grc' dir='ltr'><strong>μέ</strong></span> <span class='ocrx_word' id='word_1_712' title='bbox 1949 965 2008 987; x_wconf 91' lang='grc' dir='ltr'><strong>νυν</strong></span> 
     </span>
     <span class='ocr_line' id='line_1_101' title="bbox 995 996 2005 1047; baseline -0.002 -13"><span class='ocrx_word' id='word_1_713' title='bbox 995 1000 1120 1046; x_wconf 85' lang='grc' dir='ltr'>μηκέτι</span> <span class='ocrx_word' id='word_1_714' title='bbox 1136 1011 1183 1034; x_wconf 87' lang='grc' dir='ltr'>πα</span> <span class='ocrx_word' id='word_1_715' title='bbox 1208 1012 1229 1033; x_wconf 87' lang='grc' dir='ltr'>α</span> <span class='ocrx_word' id='word_1_716' title='bbox 1252 999 1338 1047; x_wconf 75' lang='grc' dir='ltr'><strong>ἄγῃς</strong></span> <span class='ocrx_word' id='word_1_717' title='bbox 1363 1000 1416 1033; x_wconf 89' lang='lat' dir='ltr'><strong>El.</strong></span> <span class='ocrx_word' id='word_1_718' title='bbox 1437 997 1506 1032; x_wconf 80' lang='grc'><strong>854</strong></span> <span class='ocrx_word' id='word_1_719' title='bbox 1524 1010 1568 1032; x_wconf 90' lang='lat' dir='ltr'><strong>m.</strong></span> <span class='ocrx_word' id='word_1_720' title='bbox 1613 997 1737 1046; x_wconf 79' lang='grc' dir='ltr'>μηκέτ’</span> <span class='ocrx_word' id='word_1_721' title='bbox 1765 997 1907 1047; x_wconf 72' lang='grc' dir='ltr'>ἐλπίσῃς</span> <span class='ocrx_word' id='word_1_722' title='bbox 1924 996 2005 1032; x_wconf 87' lang='grc'>963.</span> 
     </span>
     <span class='ocr_line' id='line_1_102' title="bbox 995 1011 2005 1094; baseline -0.002 -12"><span class='ocrx_word' id='word_1_723' title='bbox 995 1045 1117 1094; x_wconf 79' lang='grc' dir='ltr'>μηκέτ’</span> <span class='ocrx_word' id='word_1_724' title='bbox 1139 1011 1241 1082; x_wconf 56' lang='grc' dir='ltr'>ἄλλοί</span> <span class='ocrx_word' id='word_1_725' title='bbox 1254 1058 1289 1081; x_wconf 85' lang='grc' dir='ltr'><strong>εν</strong></span> <span class='ocrx_word' id='word_1_726' title='bbox 1314 1045 1410 1092; x_wconf 74' lang='grc' dir='ltr'>πύθῃ</span> <span class='ocrx_word' id='word_1_727' title='bbox 1440 1045 1540 1083; x_wconf 87' lang='grc'>1225.</span> <span class='ocrx_word' id='word_1_728' title='bbox 1586 1041 1708 1093; x_wconf 77' lang='grc' dir='ltr'>μηκέτ’</span> <span class='ocrx_word' id='word_1_729' title='bbox 1731 1045 1772 1081; x_wconf 82' lang='grc' dir='ltr'><strong>ἐκ</strong></span> <span class='ocrx_word' id='word_1_730' title='bbox 1800 1045 1883 1091; x_wconf 78' lang='grc' dir='ltr'>οβοῦ</span> <span class='ocrx_word' id='word_1_731' title='bbox 1903 1044 2005 1081; x_wconf 85' lang='grc'>1426.</span> 
     </span>
     <span class='ocr_line' id='line_1_103' title="bbox 995 1088 2009 1141; baseline 0 -13"><span class='ocrx_word' id='word_1_732' title='bbox 995 1089 1117 1141; x_wconf 81' lang='grc' dir='ltr'>μηκέτ’</span> <span class='ocrx_word' id='word_1_733' title='bbox 1142 1093 1269 1130; x_wconf 80' lang='grc' dir='ltr'>ἄλλοσε</span> <span class='ocrx_word' id='word_1_734' title='bbox 1295 1092 1415 1128; x_wconf 84' lang='grc' dir='ltr'>σκόπει</span> <span class='ocrx_word' id='word_1_735' title='bbox 1436 1092 1535 1131; x_wconf 82' lang='grc'>1474.</span> <span class='ocrx_word' id='word_1_736' title='bbox 1565 1095 1604 1126; x_wconf 91' lang='lat' dir='ltr'><strong>In</strong></span> <span class='ocrx_word' id='word_1_737' title='bbox 1629 1095 1744 1136; x_wconf 79' lang='lat' dir='ltr'><strong>finali:</strong></span> <span class='ocrx_word' id='word_1_738' title='bbox 1794 1104 1866 1132; x_wconf 82' lang='grc' dir='ltr'>πως</span> <span class='ocrx_word' id='word_1_739' title='bbox 1887 1088 2009 1140; x_wconf 71' lang='grc' dir='ltr'>μηκέτ’</span> 
     </span>
     <span class='ocr_line' id='line_1_104' title="bbox 994 1136 2008 1188; baseline -0.001 -13"><span class='ocrx_word' id='word_1_740' title='bbox 994 1139 1087 1188; x_wconf 82' lang='grc' dir='ltr'>ἆμαρ</span> <span class='ocrx_word' id='word_1_741' title='bbox 1103 1136 1180 1177; x_wconf 76' lang='grc' dir='ltr'>ἄλλ’</span> <span class='ocrx_word' id='word_1_742' title='bbox 1196 1139 1311 1175; x_wconf 79' lang='grc' dir='ltr'>εἰσίδω</span> <span class='ocrx_word' id='word_1_743' title='bbox 1329 1142 1410 1175; x_wconf 80' lang='lat' dir='ltr'><strong>Ant.</strong></span> <span class='ocrx_word' id='word_1_744' title='bbox 1434 1138 1524 1175; x_wconf 88' lang='grc'>1332</span> <span class='ocrx_word' id='word_1_745' title='bbox 1541 1151 1584 1174; x_wconf 90' lang='lat' dir='ltr'><strong>m.</strong></span> <span class='ocrx_word' id='word_1_746' title='bbox 1615 1141 1701 1174; x_wconf 86' lang='lat' dir='ltr'><strong>Cum</strong></span> <span class='ocrx_word' id='word_1_747' title='bbox 1718 1142 1903 1183; x_wconf 76' lang='lat' dir='ltr'><strong>infinitivo:</strong></span> <span class='ocrx_word' id='word_1_748' title='bbox 1922 1141 2008 1175; x_wconf 85' lang='grc' dir='ltr'>ὥστε</span> 
     </span>
    </p>

    <p class='ocr_par' dir='ltr' id='par_1_12' title="bbox 993 1182 2009 1471">
     <span class='ocr_line' id='line_1_105' title="bbox 1021 1182 2009 1235; baseline -0.001 -12"><span class='ocrx_word' id='word_1_749' title='bbox 1021 1187 1117 1235; x_wconf 81' lang='grc' dir='ltr'>ηκέτ’</span> <span class='ocrx_word' id='word_1_750' title='bbox 1134 1186 1175 1223; x_wconf 86' lang='grc' dir='ltr'><strong>ἂν</strong></span> <span class='ocrx_word' id='word_1_751' title='bbox 1192 1187 1228 1222; x_wconf 87' lang='grc' dir='ltr'>τέ</span> <span class='ocrx_word' id='word_1_752' title='bbox 1253 1200 1292 1226; x_wconf 86' lang='grc' dir='ltr'><strong>ας</strong></span> <span class='ocrx_word' id='word_1_753' title='bbox 1309 1186 1458 1233; x_wconf 79' lang='grc' dir='ltr'>νομίζειν</span> <span class='ocrx_word' id='word_1_754' title='bbox 1475 1186 1557 1222; x_wconf 81' lang='grc' dir='ltr'>αὐτό</span> <span class='ocrx_word' id='word_1_755' title='bbox 1577 1188 1629 1221; x_wconf 88' lang='lat' dir='ltr'><strong>El.</strong></span> <span class='ocrx_word' id='word_1_756' title='bbox 1652 1184 1754 1221; x_wconf 88' lang='lat'>1316.</span> <span class='ocrx_word' id='word_1_757' title='bbox 1784 1182 1906 1234; x_wconf 83' lang='grc' dir='ltr'>μηκέτ’</span> <span class='ocrx_word' id='word_1_758' title='bbox 1922 1186 2009 1222; x_wconf 86' lang='grc' dir='ltr'>εἶναι</span> 
     </span>
     <span class='ocr_line' id='line_1_106' title="bbox 994 1201 2008 1280; baseline -0.001 -10"><span class='ocrx_word' id='word_1_759' title='bbox 994 1201 1105 1275; x_wconf 57' lang='grc' dir='ltr'>εὗσαν</span> <span class='ocrx_word' id='word_1_760' title='bbox 1125 1237 1180 1269; x_wconf 88' lang='lat' dir='ltr'><strong>Tr.</strong></span> <span class='ocrx_word' id='word_1_761' title='bbox 1201 1233 1222 1268; x_wconf 88' lang='grc'>7</span> <span class='ocrx_word' id='word_1_762' title='bbox 1249 1234 1282 1268; x_wconf 86' lang='grc'><strong>5.</strong></span> <span class='ocrx_word' id='word_1_763' title='bbox 1313 1235 1397 1268; x_wconf 84' lang='lat' dir='ltr'><strong>Cum</strong></span> <span class='ocrx_word' id='word_1_764' title='bbox 1412 1237 1611 1277; x_wconf 75' lang='lat' dir='ltr'><strong>participio:</strong></span> <span class='ocrx_word' id='word_1_765' title='bbox 1630 1235 1678 1272; x_wconf 82' lang='grc' dir='ltr'><strong>ὡς</strong></span> <span class='ocrx_word' id='word_1_766' title='bbox 1696 1233 1818 1280; x_wconf 76' lang='grc' dir='ltr'>μηκέτ’</span> <span class='ocrx_word' id='word_1_767' title='bbox 1834 1233 1916 1270; x_wconf 84' lang='grc' dir='ltr'>ὄντα</span> <span class='ocrx_word' id='word_1_768' title='bbox 1931 1237 2008 1269; x_wconf 84' lang='grc' dir='ltr'>κεῖ-</span> 
     </span>
     <span class='ocr_line' id='line_1_107' title="bbox 993 1279 2008 1330; baseline -0.001 -13"><span class='ocrx_word' id='word_1_769' title='bbox 993 1294 1050 1317; x_wconf 88' lang='grc' dir='ltr'><strong>νον</strong></span> <span class='ocrx_word' id='word_1_770' title='bbox 1076 1281 1112 1318; x_wconf 89' lang='grc' dir='ltr'><strong>ἐν</strong></span> <span class='ocrx_word' id='word_1_771' title='bbox 1130 1281 1210 1330; x_wconf 73' lang='grc' dir='ltr'>φάει</span> <span class='ocrx_word' id='word_1_772' title='bbox 1225 1282 1296 1317; x_wconf 86' lang='grc' dir='ltr'>νόει</span> <span class='ocrx_word' id='word_1_773' title='bbox 1314 1282 1373 1315; x_wconf 87' lang='lat' dir='ltr'><strong>Ph.</strong></span> <span class='ocrx_word' id='word_1_774' title='bbox 1394 1279 1475 1314; x_wconf 84' lang='grc'>415.</span> <span class='ocrx_word' id='word_1_775' title='bbox 1520 1280 1648 1327; x_wconf 79' lang='grc' dir='ltr'>μηκέτι</span> <span class='ocrx_word' id='word_1_776' title='bbox 1666 1280 1814 1328; x_wconf 82' lang='grc' dir='ltr'>μηδενὸς</span> <span class='ocrx_word' id='word_1_777' title='bbox 1831 1279 2008 1328; x_wconf 76' lang='grc' dir='ltr'>κρατύνων</span> 
     </span>
     <span class='ocr_line' id='line_1_108' title="bbox 997 1327 2007 1375; baseline -0.001 -12"><span class='ocrx_word' id='word_1_778' title='bbox 997 1327 1086 1364; x_wconf 87' lang='grc'>1162</span> <span class='ocrx_word' id='word_1_779' title='bbox 1100 1340 1145 1362; x_wconf 83' lang='grc' dir='ltr'>ιιι.</span> <span class='ocrx_word' id='word_1_780' title='bbox 1175 1331 1366 1363; x_wconf 86' lang='lat' dir='ltr'><strong>Brunckius</strong></span> <span class='ocrx_word' id='word_1_781' title='bbox 1382 1330 1434 1362; x_wconf 90' lang='lat' dir='ltr'><strong>bis</strong></span> <span class='ocrx_word' id='word_1_782' title='bbox 1457 1327 1582 1375; x_wconf 83' lang='grc' dir='ltr'>μηκέτι</span> <span class='ocrx_word' id='word_1_783' title='bbox 1599 1335 1711 1362; x_wconf 77' lang='lat' dir='ltr'><strong>eontra</strong></span> <span class='ocrx_word' id='word_1_784' title='bbox 1723 1330 1831 1371; x_wconf 75' lang='lat' dir='ltr'><strong>Legem</strong></span> <span class='ocrx_word' id='word_1_785' title='bbox 1845 1330 2007 1363; x_wconf 85' lang='lat' dir='ltr'><strong>choriam-</strong></span> 
     </span>
     <span class='ocr_line' id='line_1_109' title="bbox 994 1374 2009 1423; baseline 0.001 -13"><span class='ocrx_word' id='word_1_786' title='bbox 994 1378 1059 1410; x_wconf 86' lang='lat' dir='ltr'><strong>bici</strong></span> <span class='ocrx_word' id='word_1_787' title='bbox 1092 1379 1226 1410; x_wconf 90' lang='lat' dir='ltr'><strong>numeri</strong></span> <span class='ocrx_word' id='word_1_788' title='bbox 1258 1382 1294 1410; x_wconf 91' lang='lat' dir='ltr'><strong>et</strong></span> <span class='ocrx_word' id='word_1_789' title='bbox 1326 1377 1427 1408; x_wconf 87' lang='lat' dir='ltr'><strong>libros</strong></span> <span class='ocrx_word' id='word_1_790' title='bbox 1460 1387 1587 1410; x_wconf 82' lang='lat' dir='ltr'><strong>omnes.</strong></span> <span class='ocrx_word' id='word_1_791' title='bbox 1631 1374 1797 1423; x_wconf 78' lang='grc' dir='ltr'>κρείσσων</span> <span class='ocrx_word' id='word_1_792' title='bbox 1830 1375 1894 1423; x_wconf 79' lang='grc' dir='ltr'>γὰρ</span> <span class='ocrx_word' id='word_1_793' title='bbox 1916 1374 2009 1421; x_wconf 74' lang='grc' dir='ltr'>ἦσθα</span> 
     </span>
     <span class='ocr_line' id='line_1_110' title="bbox 995 1421 1652 1471; baseline -0.003 -13"><span class='ocrx_word' id='word_1_794' title='bbox 995 1421 1117 1471; x_wconf 80' lang='grc' dir='ltr'>μηκέτ’</span> <span class='ocrx_word' id='word_1_795' title='bbox 1134 1423 1182 1458; x_wconf 83' lang='grc' dir='ltr'><strong>ὢν</strong></span> <span class='ocrx_word' id='word_1_796' title='bbox 1198 1422 1222 1469; x_wconf 87' lang='grc' dir='ltr'>ἢ</span> <span class='ocrx_word' id='word_1_797' title='bbox 1242 1423 1310 1464; x_wconf 79' lang='grc' dir='ltr'><strong>ζῶν</strong></span> <span class='ocrx_word' id='word_1_798' title='bbox 1327 1421 1458 1469; x_wconf 78' lang='grc' dir='ltr'>τυφλός</span> <span class='ocrx_word' id='word_1_799' title='bbox 1475 1424 1533 1459; x_wconf 82' lang='lat' dir='ltr'><strong>OR</strong></span> <span class='ocrx_word' id='word_1_800' title='bbox 1553 1421 1652 1457; x_wconf 85' lang='lat'>1368.</span> 
     </span>
    </p>

    <p class='ocr_par' dir='ltr' id='par_1_13' title="bbox 1065 1479 1518 1528">
     <span class='ocr_line' id='line_1_111' title="bbox 1065 1479 1518 1528; baseline -0.004 -10"><span class='ocrx_word' id='word_1_801' title='bbox 1065 1479 1293 1528; x_wconf 78' lang='grc' dir='ltr'>Μήκιστος</span> <span class='ocrx_word' id='word_1_802' title='bbox 1320 1494 1350 1514; x_wconf 90' lang='lat' dir='ltr'><strong>v.</strong></span> <span class='ocrx_word' id='word_1_803' title='bbox 1373 1480 1518 1527; x_wconf 84' lang='grc' dir='ltr'>μακρός.</span> 
     </span>
    </p>

    <p class='ocr_par' dir='ltr' id='par_1_14' title="bbox 993 1538 2010 1959">
     <span class='ocr_line' id='line_1_112' title="bbox 1065 1538 2009 1588; baseline -0.001 -12"><span class='ocrx_word' id='word_1_804' title='bbox 1065 1538 1194 1588; x_wconf 85' lang='grc' dir='ltr'>Μῆκο</span> <span class='ocrx_word' id='word_1_805' title='bbox 1206 1553 1221 1579; x_wconf 85' lang='grc' dir='ltr'>ς</span> <span class='ocrx_word' id='word_1_806' title='bbox 1239 1542 1370 1583; x_wconf 86' lang='lat' dir='ltr'><strong>proprie</strong></span> <span class='ocrx_word' id='word_1_807' title='bbox 1387 1541 1570 1581; x_wconf 78' lang='lat' dir='ltr'><strong>lonyitudo.</strong></span> <span class='ocrx_word' id='word_1_808' title='bbox 1599 1541 1641 1572; x_wconf 90' lang='lat' dir='ltr'><strong>de</strong></span> <span class='ocrx_word' id='word_1_809' title='bbox 1659 1544 1827 1583; x_wconf 84' lang='lat' dir='ltr'><strong>tempore:</strong></span> <span class='ocrx_word' id='word_1_810' title='bbox 1849 1539 1885 1575; x_wconf 86' lang='grc' dir='ltr'><strong>ἐν</strong></span> <span class='ocrx_word' id='word_1_811' title='bbox 1903 1540 2009 1587; x_wconf 82' lang='grc' dir='ltr'>μήκει</span> 
     </span>
     <span class='ocr_line' id='line_1_113' title="bbox 993 1586 2008 1636; baseline -0.001 -13"><span class='ocrx_word' id='word_1_812' title='bbox 993 1587 1119 1636; x_wconf 86' lang='grc' dir='ltr'>χρόνου</span> <span class='ocrx_word' id='word_1_813' title='bbox 1146 1589 1201 1621; x_wconf 88' lang='lat' dir='ltr'><strong>Tr.</strong></span> <span class='ocrx_word' id='word_1_814' title='bbox 1222 1586 1267 1620; x_wconf 90' lang='lat'>69</span> <span class='ocrx_word' id='word_1_815' title='bbox 1293 1589 1350 1620; x_wconf 83' lang='lat' dir='ltr'><strong>diu</strong></span> <span class='ocrx_word' id='word_1_816' title='bbox 1375 1598 1401 1619; x_wconf 78' lang='lat' dir='ltr'><strong>S.</strong></span> <span class='ocrx_word' id='word_1_817' title='bbox 1419 1589 1606 1629; x_wconf 81' lang='lat' dir='ltr'><strong>plurimum</strong></span> <span class='ocrx_word' id='word_1_818' title='bbox 1627 1591 1763 1629; x_wconf 74' lang='lat' dir='ltr'><strong>tempus.</strong></span> <span class='ocrx_word' id='word_1_819' title='bbox 1807 1589 1848 1620; x_wconf 85' lang='lat' dir='ltr'><strong>de</strong></span> <span class='ocrx_word' id='word_1_820' title='bbox 1865 1598 2008 1623; x_wconf 74' lang='lat' dir='ltr'><strong>sermone</strong></span> 
     </span>
     <span class='ocr_line' id='line_1_114' title="bbox 994 1633 2007 1681; baseline 0 -13"><span class='ocrx_word' id='word_1_821' title='bbox 994 1640 1176 1678; x_wconf 83' lang='lat' dir='ltr'><strong>protracto:</strong></span> <span class='ocrx_word' id='word_1_822' title='bbox 1214 1634 1246 1669; x_wconf 77' lang='grc' dir='ltr'>εἴ</span> <span class='ocrx_word' id='word_1_823' title='bbox 1277 1646 1309 1668; x_wconf 85' lang='grc' dir='ltr'><strong>τι</strong></span> <span class='ocrx_word' id='word_1_824' title='bbox 1335 1637 1448 1680; x_wconf 79' lang='grc' dir='ltr'>μῆκος</span> <span class='ocrx_word' id='word_1_825' title='bbox 1472 1638 1541 1668; x_wconf 81' lang='grc' dir='ltr'><strong>τῶν</strong></span> <span class='ocrx_word' id='word_1_826' title='bbox 1568 1633 1680 1681; x_wconf 79' lang='grc' dir='ltr'>λόγων</span> <span class='ocrx_word' id='word_1_827' title='bbox 1705 1633 1787 1669; x_wconf 79' lang='grc' dir='ltr'>ἔθου</span> <span class='ocrx_word' id='word_1_828' title='bbox 1817 1633 1922 1669; x_wconf 85' lang='grc' dir='ltr'>πλέον</span> <span class='ocrx_word' id='word_1_829' title='bbox 1952 1636 2007 1668; x_wconf 90' lang='lat' dir='ltr'><strong>OC</strong></span> 
     </span>
     <span class='ocr_line' id='line_1_115' title="bbox 996 1679 2010 1728; baseline 0.001 -13"><span class='ocrx_word' id='word_1_830' title='bbox 996 1680 1085 1716; x_wconf 88' lang='grc'>1139</span> <span class='ocrx_word' id='word_1_831' title='bbox 1111 1687 1146 1715; x_wconf 91' lang='lat' dir='ltr'><strong>et</strong></span> <span class='ocrx_word' id='word_1_832' title='bbox 1169 1683 1404 1714; x_wconf 83' lang='lat' dir='ltr'><strong>adverbialiter</strong></span> <span class='ocrx_word' id='word_1_833' title='bbox 1421 1679 1495 1715; x_wconf 82' lang='grc' dir='ltr'>εἶπέ</span> <span class='ocrx_word' id='word_1_834' title='bbox 1515 1693 1584 1726; x_wconf 89' lang='grc' dir='ltr'>μοι,</span> <span class='ocrx_word' id='word_1_835' title='bbox 1606 1680 1655 1727; x_wconf 85' lang='grc' dir='ltr'>μὴ</span> <span class='ocrx_word' id='word_1_836' title='bbox 1676 1685 1800 1728; x_wconf 80' lang='grc' dir='ltr'>μῆκος,</span> <span class='ocrx_word' id='word_1_837' title='bbox 1822 1680 1912 1716; x_wconf 81' lang='grc' dir='ltr'>ἀλλὰ</span> <span class='ocrx_word' id='word_1_838' title='bbox 1929 1681 2010 1716; x_wconf 75' lang='grc' dir='ltr'>σύν-</span> 
     </span>
     <span class='ocr_line' id='line_1_116' title="bbox 993 1726 2009 1786; baseline 0 -22"><span class='ocrx_word' id='word_1_839' title='bbox 993 1741 1084 1786; x_wconf 80' lang='grc' dir='ltr'>τομα</span> <span class='ocrx_word' id='word_1_840' title='bbox 1101 1731 1182 1763; x_wconf 86' lang='lat' dir='ltr'><strong>Ant.</strong></span> <span class='ocrx_word' id='word_1_841' title='bbox 1204 1726 1285 1762; x_wconf 85' lang='lat'>446.</span> <span class='ocrx_word' id='word_1_842' title='bbox 1314 1748 1360 1753; x_wconf 97' lang='lat'>—</span> <span class='ocrx_word' id='word_1_843' title='bbox 1402 1730 1519 1761; x_wconf 83' lang='lat' dir='ltr'><strong>traiate</strong></span> <span class='ocrx_word' id='word_1_844' title='bbox 1536 1730 1741 1769; x_wconf 80' lang='lat' dir='ltr'><strong>mnym’tudo.</strong></span> <span class='ocrx_word' id='word_1_845' title='bbox 1785 1727 1809 1774; x_wconf 85' lang='grc' dir='ltr'>ἡ</span> <span class='ocrx_word' id='word_1_846' title='bbox 1828 1728 1893 1776; x_wconf 81' lang='grc' dir='ltr'>γὰρ</span> <span class='ocrx_word' id='word_1_847' title='bbox 1911 1729 2009 1767; x_wconf 81' lang='grc' dir='ltr'>ἐκτὸς</span> 
     </span>
     <span class='ocr_line' id='line_1_117' title="bbox 993 1771 2008 1823; baseline 0 -13"><span class='ocrx_word' id='word_1_848' title='bbox 993 1789 1051 1810; x_wconf 86' lang='grc' dir='ltr'><strong>και</strong></span> <span class='ocrx_word' id='word_1_849' title='bbox 1082 1771 1162 1823; x_wconf 84' lang='grc' dir='ltr'>παρ’</span> <span class='ocrx_word' id='word_1_850' title='bbox 1196 1774 1335 1814; x_wconf 79' lang='grc' dir='ltr'>ἐλπίδας</span> <span class='ocrx_word' id='word_1_851' title='bbox 1367 1775 1460 1821; x_wconf 83' lang='grc' dir='ltr'>χαρὰ</span> <span class='ocrx_word' id='word_1_852' title='bbox 1492 1774 1604 1809; x_wconf 82' lang='grc' dir='ltr'>ἔοικεν</span> <span class='ocrx_word' id='word_1_853' title='bbox 1636 1774 1727 1821; x_wconf 80' lang='grc' dir='ltr'>ἄλλῃ</span> <span class='ocrx_word' id='word_1_854' title='bbox 1761 1779 1876 1822; x_wconf 84' lang='grc' dir='ltr'>μῆκος</span> <span class='ocrx_word' id='word_1_855' title='bbox 1908 1775 2008 1810; x_wconf 78' lang='grc' dir='ltr'>οὐδὲν</span> 
     </span>
     <span class='ocr_line' id='line_1_118' title="bbox 993 1821 2007 1871; baseline -0.001 -14"><span class='ocrx_word' id='word_1_856' title='bbox 993 1822 1105 1871; x_wconf 74' lang='grc' dir='ltr'>ἡδονῇ</span> <span class='ocrx_word' id='word_1_857' title='bbox 1122 1827 1202 1856; x_wconf 85' lang='lat' dir='ltr'><strong>Ant.</strong></span> <span class='ocrx_word' id='word_1_858' title='bbox 1225 1821 1305 1856; x_wconf 88' lang='lat'>393.</span> <span class='ocrx_word' id='word_1_859' title='bbox 1351 1824 1446 1858; x_wconf 81' lang='lat' dir='ltr'><strong>Hanc</strong></span> <span class='ocrx_word' id='word_1_860' title='bbox 1470 1824 1772 1865; x_wconf 80' lang='lat' dir='ltr'><strong>significationem,</strong></span> <span class='ocrx_word' id='word_1_861' title='bbox 1800 1833 1866 1865; x_wconf 82' lang='lat' dir='ltr'><strong>qua</strong></span> <span class='ocrx_word' id='word_1_862' title='bbox 1891 1825 2007 1858; x_wconf 87' lang='lat' dir='ltr'><strong>eadem</strong></span> 
     </span>
     <span class='ocr_line' id='line_1_119' title="bbox 993 1869 2004 1917; baseline 0 -14"><span class='ocrx_word' id='word_1_863' title='bbox 993 1873 1095 1904; x_wconf 82' lang='lat' dir='ltr'><strong>etiam</strong></span> <span class='ocrx_word' id='word_1_864' title='bbox 1121 1869 1251 1917; x_wconf 81' lang='grc' dir='ltr'>μακρός</span> <span class='ocrx_word' id='word_1_865' title='bbox 1276 1872 1402 1910; x_wconf 86' lang='lat' dir='ltr'><strong>utitur,</strong></span> <span class='ocrx_word' id='word_1_866' title='bbox 1431 1871 1598 1912; x_wconf 82' lang='lat' dir='ltr'><strong>exemplis</strong></span> <span class='ocrx_word' id='word_1_867' title='bbox 1621 1871 1864 1903; x_wconf 85' lang='lat' dir='ltr'><strong>adstruxerunt</strong></span> <span class='ocrx_word' id='word_1_868' title='bbox 1881 1871 2004 1911; x_wconf 79' lang='lat' dir='ltr'><strong>Musgr.</strong></span> 
     </span>
     <span class='ocr_line' id='line_1_120' title="bbox 993 1915 1888 1959; baseline 0 -9"><span class='ocrx_word' id='word_1_869' title='bbox 993 1923 1027 1950; x_wconf 88' lang='lat' dir='ltr'><strong>et</strong></span> <span class='ocrx_word' id='word_1_870' title='bbox 1045 1919 1117 1951; x_wconf 86' lang='lat' dir='ltr'>Erf.</span> <span class='ocrx_word' id='word_1_871' title='bbox 1139 1919 1160 1950; x_wconf 93' lang='lat' dir='ltr'><strong>l.</strong></span> <span class='ocrx_word' id='word_1_872' title='bbox 1183 1928 1226 1959; x_wconf 83' lang='lat' dir='ltr'><strong>c.,</strong></span> <span class='ocrx_word' id='word_1_873' title='bbox 1248 1919 1368 1959; x_wconf 87' lang='lat' dir='ltr'><strong>hisque</strong></span> <span class='ocrx_word' id='word_1_874' title='bbox 1386 1918 1515 1950; x_wconf 84' lang='lat' dir='ltr'><strong>doctius</strong></span> <span class='ocrx_word' id='word_1_875' title='bbox 1533 1918 1659 1958; x_wconf 82' lang='lat' dir='ltr'><strong>Reisig.</strong></span> <span class='ocrx_word' id='word_1_876' title='bbox 1679 1919 1719 1949; x_wconf 85' lang='lat' dir='ltr'><strong>ad</strong></span> <span class='ocrx_word' id='word_1_877' title='bbox 1735 1918 1792 1950; x_wconf 86' lang='lat' dir='ltr'><strong>OC</strong></span> <span class='ocrx_word' id='word_1_878' title='bbox 1809 1915 1888 1950; x_wconf 84' lang='grc'>479.</span> 
     </span>
    </p>

    <p class='ocr_par' dir='ltr' id='par_1_15' title="bbox 994 1969 2009 2291">
     <span class='ocr_line' id='line_1_121' title="bbox 1064 1969 2008 2022; baseline -0.003 -11"><span class='ocrx_word' id='word_1_879' title='bbox 1064 1972 1100 2011; x_wconf 89' lang='grc' dir='ltr'>Μ</span> <span class='ocrx_word' id='word_1_880' title='bbox 1111 1969 1218 2022; x_wconf 70' lang='grc' dir='ltr'>ηκόν</span> <span class='ocrx_word' id='word_1_881' title='bbox 1229 1990 1257 2009; x_wconf 87' lang='grc' dir='ltr'>ω</span> <span class='ocrx_word' id='word_1_882' title='bbox 1283 1978 1414 2018; x_wconf 86' lang='lat' dir='ltr'><strong>proprie</strong></span> <span class='ocrx_word' id='word_1_883' title='bbox 1427 1975 1575 2016; x_wconf 78' lang='lat' dir='ltr'><strong>produco</strong></span> <span class='ocrx_word' id='word_1_884' title='bbox 1594 1978 1629 2007; x_wconf 79' lang='lat' dir='ltr'><strong>in</strong></span> <span class='ocrx_word' id='word_1_885' title='bbox 1646 1976 1897 2016; x_wconf 72' lang='lat' dir='ltr'><strong>lonyitudinem.</strong></span> <span class='ocrx_word' id='word_1_886' title='bbox 1989 1996 2008 2001; x_wconf 92' lang='lat'>-</span> 
     </span>
     <span class='ocr_line' id='line_1_122' title="bbox 994 1988 2004 2070; baseline -0.002 -13"><span class='ocrx_word' id='word_1_887' title='bbox 994 2021 1106 2057; x_wconf 78' lang='grc' dir='ltr'>κύνειν</span> <span class='ocrx_word' id='word_1_888' title='bbox 1139 2021 1262 2070; x_wconf 73' lang='grc' dir='ltr'>λόγους</span> <span class='ocrx_word' id='word_1_889' title='bbox 1289 2024 1339 2055; x_wconf 85' lang='grc' dir='ltr'><strong>ΕΙ.</strong></span> <span class='ocrx_word' id='word_1_890' title='bbox 1370 2020 1471 2057; x_wconf 88' lang='grc'>1484.</span> <span class='ocrx_word' id='word_1_891' title='bbox 1517 2020 1663 2069; x_wconf 85' lang='grc' dir='ltr'>μηκύνω</span> <span class='ocrx_word' id='word_1_892' title='bbox 1691 2021 1794 2070; x_wconf 74' lang='grc' dir='ltr'>λόγον</span> <span class='ocrx_word' id='word_1_893' title='bbox 1819 2024 1875 2055; x_wconf 88' lang='lat' dir='ltr'><strong>OC</strong></span> <span class='ocrx_word' id='word_1_894' title='bbox 1904 1988 2004 2056; x_wconf 64' lang='grc'>11270.</span> 
     </span>
     <span class='ocr_line' id='line_1_123' title="bbox 996 2067 2008 2116; baseline 0 -13"><span class='ocrx_word' id='word_1_895' title='bbox 996 2071 1061 2103; x_wconf 87' lang='lat' dir='ltr'><strong>Sed</strong></span> <span class='ocrx_word' id='word_1_896' title='bbox 1078 2068 1212 2104; x_wconf 79' lang='grc' dir='ltr'>ἅπυστα</span> <span class='ocrx_word' id='word_1_897' title='bbox 1229 2074 1354 2116; x_wconf 80' lang='grc' dir='ltr'>φωνῶν</span> <span class='ocrx_word' id='word_1_898' title='bbox 1373 2068 1463 2115; x_wconf 87' lang='grc' dir='ltr'>μηδὲ</span> <span class='ocrx_word' id='word_1_899' title='bbox 1483 2068 1647 2115; x_wconf 76' lang='grc' dir='ltr'>μηκύνων</span> <span class='ocrx_word' id='word_1_900' title='bbox 1665 2067 1750 2115; x_wconf 83' lang='grc' dir='ltr'>βοήν</span> <span class='ocrx_word' id='word_1_901' title='bbox 1764 2070 1823 2103; x_wconf 86' lang='lat' dir='ltr'><strong>OC</strong></span> <span class='ocrx_word' id='word_1_902' title='bbox 1839 2068 1908 2103; x_wconf 87' lang='grc'><strong>489</strong></span> <span class='ocrx_word' id='word_1_903' title='bbox 1927 2080 2008 2103; x_wconf 89' lang='lat' dir='ltr'><strong>ean-</strong></span> 
     </span>
     <span class='ocr_line' id='line_1_124' title="bbox 994 2115 2009 2163; baseline 0 -13"><span class='ocrx_word' id='word_1_904' title='bbox 994 2119 1071 2150; x_wconf 89' lang='lat' dir='ltr'><strong>dem</strong></span> <span class='ocrx_word' id='word_1_905' title='bbox 1104 2128 1204 2159; x_wconf 85' lang='lat' dir='ltr'><strong>quam</strong></span> <span class='ocrx_word' id='word_1_906' title='bbox 1239 2115 1371 2163; x_wconf 87' lang='grc' dir='ltr'>μακρός</span> <span class='ocrx_word' id='word_1_907' title='bbox 1408 2121 1442 2149; x_wconf 85' lang='lat' dir='ltr'><strong>et</strong></span> <span class='ocrx_word' id='word_1_908' title='bbox 1475 2119 1590 2163; x_wconf 78' lang='grc' dir='ltr'>μῆκος</span> <span class='ocrx_word' id='word_1_909' title='bbox 1622 2118 1796 2158; x_wconf 77' lang='lat' dir='ltr'><strong>figuratam</strong></span> <span class='ocrx_word' id='word_1_910' title='bbox 1829 2119 2009 2150; x_wconf 85' lang='lat' dir='ltr'><strong>dictionem</strong></span> 
     </span>
     <span class='ocr_line' id='line_1_125' title="bbox 995 2165 2007 2207; baseline -0.001 -10"><span class='ocrx_word' id='word_1_911' title='bbox 995 2166 1106 2205; x_wconf 84' lang='lat' dir='ltr'><strong>habet,</strong></span> <span class='ocrx_word' id='word_1_912' title='bbox 1127 2165 1236 2206; x_wconf 86' lang='lat' dir='ltr'><strong>deque</strong></span> <span class='ocrx_word' id='word_1_913' title='bbox 1253 2174 1328 2195; x_wconf 76' lang='lat' dir='ltr'><strong>voce</strong></span> <span class='ocrx_word' id='word_1_914' title='bbox 1345 2165 1506 2196; x_wconf 70' lang='lat' dir='ltr'><strong>submissa</strong></span> <span class='ocrx_word' id='word_1_915' title='bbox 1522 2165 1814 2207; x_wconf 86' lang='lat' dir='ltr'><strong>interpretandum</strong></span> <span class='ocrx_word' id='word_1_916' title='bbox 1832 2169 1895 2197; x_wconf 81' lang='lat' dir='ltr'><strong>est.</strong></span> <span class='ocrx_word' id='word_1_917' title='bbox 1926 2165 2007 2197; x_wconf 86' lang='lat' dir='ltr'><strong>Per-</strong></span> 
     </span>
     <span class='ocr_line' id='line_1_126' title="bbox 995 2206 2008 2254; baseline 0 -11"><span class='ocrx_word' id='word_1_918' title='bbox 995 2222 1108 2254; x_wconf 85' lang='lat' dir='ltr'><strong>peram</strong></span> <span class='ocrx_word' id='word_1_919' title='bbox 1127 2212 1284 2244; x_wconf 89' lang='lat' dir='ltr'><strong>Doederl.</strong></span> <span class='ocrx_word' id='word_1_920' title='bbox 1306 2212 1341 2242; x_wconf 88' lang='lat' dir='ltr'><strong>in</strong></span> <span class='ocrx_word' id='word_1_921' title='bbox 1366 2221 1456 2252; x_wconf 88' lang='lat' dir='ltr'><strong>spec.</strong></span> <span class='ocrx_word' id='word_1_922' title='bbox 1478 2221 1511 2252; x_wconf 91' lang='lat' dir='ltr'><strong>p.</strong></span> <span class='ocrx_word' id='word_1_923' title='bbox 1525 2206 1569 2243; x_wconf 82' lang='grc'><strong>93</strong></span> <span class='ocrx_word' id='word_1_924' title='bbox 1588 2211 1628 2244; x_wconf 88' lang='lat' dir='ltr'><strong>de</strong></span> <span class='ocrx_word' id='word_1_925' title='bbox 1647 2212 1755 2251; x_wconf 87' lang='lat' dir='ltr'><strong>longis</strong></span> <span class='ocrx_word' id='word_1_926' title='bbox 1771 2213 1926 2253; x_wconf 86' lang='lat' dir='ltr'><strong>precibus</strong></span> <span class='ocrx_word' id='word_1_927' title='bbox 1944 2213 2008 2244; x_wconf 78' lang='lat' dir='ltr'><strong>dici</strong></span> 
     </span>
     <span class='ocr_line' id='line_1_127' title="bbox 995 2260 1178 2291; baseline 0 0"><span class='ocrx_word' id='word_1_928' title='bbox 995 2260 1178 2291; x_wconf 77' lang='lat' dir='ltr'><strong>existimat.</strong></span> 
     </span>
    </p>
   </div>
   <div class='ocr_carea' id='block_1_12' title="bbox 996 2313 2009 2455">
    <p class='ocr_par' dir='ltr' id='par_1_16' title="bbox 996 2313 2009 2455">
     <span class='ocr_line' id='line_1_128' title="bbox 1066 2313 2008 2398; baseline 0 -48"><span class='ocrx_word' id='word_1_929' title='bbox 1066 2314 1240 2363; x_wconf 82' lang='grc' dir='ltr'>Μηλιάς</span> <span class='ocrx_word' id='word_1_930' title='bbox 1270 2317 1447 2348; x_wconf 66' lang='lat' dir='ltr'><strong>Matienus.</strong></span> <span class='ocrx_word' id='word_1_931' title='bbox 1477 2313 1669 2398; x_wconf 63' lang='grc' dir='ltr'>Μηλιοίδων</span> <span class='ocrx_word' id='word_1_932' title='bbox 1686 2313 1839 2363; x_wconf 77' lang='grc' dir='ltr'>Νυμφᾶν</span> <span class='ocrx_word' id='word_1_933' title='bbox 1858 2318 1917 2350; x_wconf 88' lang='lat' dir='ltr'><strong>Ph.</strong></span> <span class='ocrx_word' id='word_1_934' title='bbox 1938 2315 2008 2350; x_wconf 74' lang='lat'><strong>725</strong></span> 
     </span>
     <span class='ocr_line' id='line_1_129' title="bbox 996 2360 2009 2412; baseline 0 -16"><span class='ocrx_word' id='word_1_935' title='bbox 996 2365 1048 2397; x_wconf 84' lang='lat' dir='ltr'><strong>cb.</strong></span> <span class='ocrx_word' id='word_1_936' title='bbox 1075 2365 1213 2411; x_wconf 77' lang='grc' dir='ltr'>νυμφᾶν</span> <span class='ocrx_word' id='word_1_937' title='bbox 1230 2367 1299 2397; x_wconf 80' lang='grc' dir='ltr'><strong>τῶν</strong></span> <span class='ocrx_word' id='word_1_938' title='bbox 1312 2360 1490 2410; x_wconf 86' lang='grc' dir='ltr'>Τραχίνων</span> <span class='ocrx_word' id='word_1_939' title='bbox 1505 2363 1521 2407; x_wconf 87' lang='grc'>(</span> <span class='ocrx_word' id='word_1_940' title='bbox 1553 2362 1732 2412; x_wconf 78' lang='grc' dir='ltr'>ραχινίων]</span> <span class='ocrx_word' id='word_1_941' title='bbox 1750 2365 1838 2396; x_wconf 78' lang='lat' dir='ltr'><strong>Rico.</strong></span> <span class='ocrx_word' id='word_1_942' title='bbox 1858 2374 1903 2397; x_wconf 78' lang='lat' dir='ltr'><strong>ex</strong></span> <span class='ocrx_word' id='word_1_943' title='bbox 1921 2366 2009 2405; x_wconf 83' lang='lat' dir='ltr'><strong>gios-</strong></span> 
     </span>
     <span class='ocr_line' id='line_1_130' title="bbox 996 2407 1343 2455; baseline -0.003 -12"><span class='ocrx_word' id='word_1_944' title='bbox 996 2417 1133 2444; x_wconf 68' lang='lat' dir='ltr'><strong>semme.</strong></span> <span class='ocrx_word' id='word_1_945' title='bbox 1164 2422 1194 2443; x_wconf 85' lang='lat' dir='ltr'><strong>v.</strong></span> <span class='ocrx_word' id='word_1_946' title='bbox 1216 2407 1343 2455; x_wconf 87' lang='grc' dir='ltr'>Μηλίς.</span> 
     </span>
    </p>
   </div>
   <div class='ocr_carea' id='block_1_13' title="bbox 994 2465 2010 2808">
    <p class='ocr_par' dir='ltr' id='par_1_17' title="bbox 996 2465 2010 2654">
     <span class='ocr_line' id='line_1_131' title="bbox 1066 2465 2004 2515; baseline -0.002 -13"><span class='ocrx_word' id='word_1_947' title='bbox 1066 2466 1270 2515; x_wconf 79' lang='grc' dir='ltr'>Μηλιεὺς</span> <span class='ocrx_word' id='word_1_948' title='bbox 1305 2469 1486 2501; x_wconf 76' lang='lat' dir='ltr'><strong>Maliensis.</strong></span> <span class='ocrx_word' id='word_1_949' title='bbox 1530 2465 1686 2514; x_wconf 86' lang='grc' dir='ltr'>Μηλιεὺς</span> <span class='ocrx_word' id='word_1_950' title='bbox 1719 2466 1810 2507; x_wconf 80' lang='grc' dir='ltr'>ἅπας</span> <span class='ocrx_word' id='word_1_951' title='bbox 1835 2467 1922 2507; x_wconf 82' lang='grc' dir='ltr'>λεώς</span> <span class='ocrx_word' id='word_1_952' title='bbox 1948 2470 2004 2501; x_wconf 89' lang='lat' dir='ltr'><strong>Tr.</strong></span> 
     </span>
     <span class='ocr_line' id='line_1_132' title="bbox 999 2512 2007 2561; baseline 0 -13"><span class='ocrx_word' id='word_1_953' title='bbox 999 2514 1076 2548; x_wconf 83' lang='lat'>194.</span> <span class='ocrx_word' id='word_1_954' title='bbox 1119 2515 1175 2550; x_wconf 86' lang='grc' dir='ltr'><strong>τὸν</strong></span> <span class='ocrx_word' id='word_1_955' title='bbox 1193 2512 1316 2561; x_wconf 83' lang='grc' dir='ltr'>Μηλιᾶ</span> <span class='ocrx_word' id='word_1_956' title='bbox 1339 2513 1499 2553; x_wconf 85' lang='grc' dir='ltr'>ποίαντος</span> <span class='ocrx_word' id='word_1_957' title='bbox 1517 2514 1590 2550; x_wconf 75' lang='grc' dir='ltr'>υἱόν</span> <span class='ocrx_word' id='word_1_958' title='bbox 1609 2517 1669 2549; x_wconf 89' lang='lat' dir='ltr'><strong>Ph.</strong></span> <span class='ocrx_word' id='word_1_959' title='bbox 1690 2513 1724 2548; x_wconf 90' lang='grc'><strong>4.</strong></span> <span class='ocrx_word' id='word_1_960' title='bbox 1761 2518 1792 2548; x_wconf 80' lang='grc' dir='ltr'><strong>Α</strong></span> <span class='ocrx_word' id='word_1_961' title='bbox 1807 2517 1929 2548; x_wconf 86' lang='lat' dir='ltr'><strong>Dorica</strong></span> <span class='ocrx_word' id='word_1_962' title='bbox 1946 2526 2007 2548; x_wconf 92' lang='lat' dir='ltr'><strong>no-</strong></span> 
     </span>
     <span class='ocr_line' id='line_1_133' title="bbox 996 2563 2007 2606; baseline 0 -10"><span class='ocrx_word' id='word_1_963' title='bbox 996 2565 1126 2596; x_wconf 90' lang='lat' dir='ltr'><strong>minum</strong></span> <span class='ocrx_word' id='word_1_964' title='bbox 1152 2564 1255 2595; x_wconf 88' lang='lat' dir='ltr'><strong>huius</strong></span> <span class='ocrx_word' id='word_1_965' title='bbox 1280 2564 1427 2595; x_wconf 82' lang='lat' dir='ltr'><strong>familiae</strong></span> <span class='ocrx_word' id='word_1_966' title='bbox 1452 2565 1556 2595; x_wconf 84' lang='lat' dir='ltr'><strong>forma</strong></span> <span class='ocrx_word' id='word_1_967' title='bbox 1581 2564 1717 2604; x_wconf 86' lang='lat' dir='ltr'><strong>tragici,</strong></span> <span class='ocrx_word' id='word_1_968' title='bbox 1746 2563 1833 2606; x_wconf 91' lang='lat' dir='ltr'><strong>quod</strong></span> <span class='ocrx_word' id='word_1_969' title='bbox 1851 2565 1888 2596; x_wconf 85' lang='lat' dir='ltr'><strong>in</strong></span> <span class='ocrx_word' id='word_1_970' title='bbox 1907 2574 2007 2596; x_wconf 89' lang='lat' dir='ltr'><strong>usum</strong></span> 
     </span>
     <span class='ocr_line' id='line_1_134' title="bbox 996 2607 2010 2654; baseline 0 -12"><span class='ocrx_word' id='word_1_971' title='bbox 996 2612 1166 2651; x_wconf 84' lang='lat' dir='ltr'><strong>vulgarem</strong></span> <span class='ocrx_word' id='word_1_972' title='bbox 1184 2614 1334 2652; x_wconf 82' lang='lat' dir='ltr'><strong>venerat,</strong></span> <span class='ocrx_word' id='word_1_973' title='bbox 1354 2611 1604 2644; x_wconf 88' lang='lat' dir='ltr'><strong>abstinuerunt.</strong></span> <span class='ocrx_word' id='word_1_974' title='bbox 1787 2608 1836 2653; x_wconf 87' lang='lat'><strong>(11</strong></span> <span class='ocrx_word' id='word_1_975' title='bbox 1854 2621 1887 2654; x_wconf 90' lang='lat' dir='ltr'><strong>p.</strong></span> <span class='ocrx_word' id='word_1_976' title='bbox 1909 2607 2010 2654; x_wconf 82' lang='lat'>120.)</span> 
     </span>
    </p>

    <p class='ocr_par' dir='ltr' id='par_1_18' title="bbox 994 2664 2009 2808">
     <span class='ocr_line' id='line_1_135' title="bbox 1066 2664 2008 2716; baseline -0.002 -14"><span class='ocrx_word' id='word_1_977' title='bbox 1066 2665 1210 2716; x_wconf 89' lang='grc' dir='ltr'>Μηλίς</span> <span class='ocrx_word' id='word_1_978' title='bbox 1238 2669 1418 2710; x_wconf 76' lang='lat' dir='ltr'><strong>Maliemis.</strong></span> <span class='ocrx_word' id='word_1_979' title='bbox 1463 2664 1606 2714; x_wconf 87' lang='grc' dir='ltr'>Μηλίδα</span> <span class='ocrx_word' id='word_1_980' title='bbox 1630 2666 1699 2714; x_wconf 83' lang='grc' dir='ltr'><strong>πὰρ</strong></span> <span class='ocrx_word' id='word_1_981' title='bbox 1722 2666 1844 2714; x_wconf 85' lang='grc' dir='ltr'>λίμναν</span> <span class='ocrx_word' id='word_1_982' title='bbox 1863 2669 1919 2701; x_wconf 87' lang='lat' dir='ltr'><strong>Tr.</strong></span> <span class='ocrx_word' id='word_1_983' title='bbox 1940 2666 2008 2701; x_wconf 89' lang='lat'>636</span> 
     </span>
     <span class='ocr_line' id='line_1_136' title="bbox 995 2715 2009 2756; baseline -0.001 -8"><span class='ocrx_word' id='word_1_984' title='bbox 995 2717 1047 2749; x_wconf 86' lang='lat' dir='ltr'><strong>ch.</strong></span> <span class='ocrx_word' id='word_1_985' title='bbox 1086 2715 1206 2748; x_wconf 87' lang='lat' dir='ltr'><strong>Sinum</strong></span> <span class='ocrx_word' id='word_1_986' title='bbox 1230 2717 1410 2749; x_wconf 84' lang='lat' dir='ltr'><strong>Maliacum</strong></span> <span class='ocrx_word' id='word_1_987' title='bbox 1436 2716 1529 2749; x_wconf 87' lang='lat' dir='ltr'><strong>dicit.</strong></span> <span class='ocrx_word' id='word_1_988' title='bbox 1564 2717 1617 2749; x_wconf 89' lang='lat' dir='ltr'><strong>De</strong></span> <span class='ocrx_word' id='word_1_989' title='bbox 1642 2717 1747 2747; x_wconf 84' lang='lat' dir='ltr'><strong>forma</strong></span> <span class='ocrx_word' id='word_1_990' title='bbox 1763 2727 1794 2747; x_wconf 89' lang='lat' dir='ltr'><strong>v.</strong></span> <span class='ocrx_word' id='word_1_991' title='bbox 1816 2716 2009 2756; x_wconf 83' lang='lat' dir='ltr'><strong>Bernhardy</strong></span> 
     </span>
     <span class='ocr_line' id='line_1_137' title="bbox 994 2759 1732 2808; baseline -0.001 -13"><span class='ocrx_word' id='word_1_992' title='bbox 994 2764 1034 2796; x_wconf 89' lang='lat' dir='ltr'><strong>ad</strong></span> <span class='ocrx_word' id='word_1_993' title='bbox 1052 2764 1153 2796; x_wconf 89' lang='lat' dir='ltr'><strong>Dion.</strong></span> <span class='ocrx_word' id='word_1_994' title='bbox 1174 2764 1302 2803; x_wconf 86' lang='lat' dir='ltr'><strong>Perieg.</strong></span> <span class='ocrx_word' id='word_1_995' title='bbox 1323 2760 1393 2795; x_wconf 89' lang='grc'><strong>914</strong></span> <span class='ocrx_word' id='word_1_996' title='bbox 1412 2760 1508 2807; x_wconf 82' lang='lat' dir='ltr'>[Lob.</span> <span class='ocrx_word' id='word_1_997' title='bbox 1529 2763 1614 2795; x_wconf 88' lang='lat' dir='ltr'><strong>Prol.</strong></span> <span class='ocrx_word' id='word_1_998' title='bbox 1635 2759 1732 2808; x_wconf 89' lang='grc'>467].</span> 
     </span>
    </p>
   </div>
   <div class='ocr_carea' id='block_1_14' title="bbox 995 2818 2008 2916">
    <p class='ocr_par' dir='ltr' id='par_1_19' title="bbox 995 2818 2008 2916">
     <span class='ocr_line' id='line_1_138' title="bbox 1064 2818 2008 2869; baseline -0.002 -12"><span class='ocrx_word' id='word_1_999' title='bbox 1064 2818 1219 2868; x_wconf 85' lang='grc' dir='ltr'>Μῆλον</span> <span class='ocrx_word' id='word_1_1000' title='bbox 1243 2823 1380 2855; x_wconf 73' lang='lat' dir='ltr'><strong>mulum.</strong></span> <span class='ocrx_word' id='word_1_1001' title='bbox 1424 2821 1481 2856; x_wconf 84' lang='grc' dir='ltr'><strong>τὸν</strong></span> <span class='ocrx_word' id='word_1_1002' title='bbox 1507 2819 1664 2869; x_wconf 72' lang='grc' dir='ltr'>χρυσέων</span> <span class='ocrx_word' id='word_1_1003' title='bbox 1691 2819 1860 2867; x_wconf 82' lang='grc' dir='ltr'>δράκοντα</span> <span class='ocrx_word' id='word_1_1004' title='bbox 1885 2819 2008 2867; x_wconf 78' lang='grc' dir='ltr'>μήλων</span> 
     </span>
     <span class='ocr_line' id='line_1_139' title="bbox 995 2866 1330 2916; baseline -0.003 -13"><span class='ocrx_word' id='word_1_1005' title='bbox 995 2866 1133 2916; x_wconf 72' lang='grc' dir='ltr'>φύλακα</span> <span class='ocrx_word' id='word_1_1006' title='bbox 1150 2870 1205 2901; x_wconf 90' lang='lat' dir='ltr'><strong>Tr.</strong></span> <span class='ocrx_word' id='word_1_1007' title='bbox 1228 2866 1330 2903; x_wconf 79' lang='lat'>1100.</span> 
     </span>
    </p>
   </div>
   <div class='ocr_carea' id='block_1_15' title="bbox 995 2923 2009 3346">
    <p class='ocr_par' dir='ltr' id='par_1_20' title="bbox 995 2923 2009 3346">
     <span class='ocr_line' id='line_1_140' title="bbox 1065 2923 2004 2973; baseline -0.003 -12"><span class='ocrx_word' id='word_1_1008' title='bbox 1065 2923 1219 2973; x_wconf 85' lang='grc' dir='ltr'>Μῆλον</span> <span class='ocrx_word' id='word_1_1009' title='bbox 1241 2937 1352 2968; x_wconf 74' lang='lat' dir='ltr'><strong>pecus.</strong></span> <span class='ocrx_word' id='word_1_1010' title='bbox 1379 2924 1546 2972; x_wconf 66' lang='grc' dir='ltr'>λειμωνία</span> <span class='ocrx_word' id='word_1_1011' title='bbox 1564 2923 1646 2972; x_wconf 82' lang='grc' dir='ltr'>ποίᾳ</span> <span class='ocrx_word' id='word_1_1012' title='bbox 1663 2924 1785 2971; x_wconf 68' lang='grc' dir='ltr'>μήλων</span> <span class='ocrx_word' id='word_1_1013' title='bbox 1801 2927 1857 2959; x_wconf 85' lang='lat' dir='ltr'><strong>Ai.</strong></span> <span class='ocrx_word' id='word_1_1014' title='bbox 1871 2923 1935 2962; x_wconf 80' lang='grc'><strong>601</strong></span> <span class='ocrx_word' id='word_1_1015' title='bbox 1951 2927 2004 2960; x_wconf 84' lang='lat' dir='ltr'><strong>ch.</strong></span> 
     </span>
     <span class='ocr_line' id='line_1_141' title="bbox 997 2970 2003 3019; baseline -0.003 -11"><span class='ocrx_word' id='word_1_1016' title='bbox 997 2977 1117 3019; x_wconf 80' lang='grc' dir='ltr'>μηνῶν</span> <span class='ocrx_word' id='word_1_1017' title='bbox 1148 2975 1267 3008; x_wconf 76' lang='lat' dir='ltr'><strong>Herm.</strong></span> <span class='ocrx_word' id='word_1_1018' title='bbox 1297 2978 1404 3006; x_wconf 78' lang='lat' dir='ltr'><strong>totum</strong></span> <span class='ocrx_word' id='word_1_1019' title='bbox 1438 2975 1547 3009; x_wconf 82' lang='lat' dir='ltr'><strong>locum</strong></span> <span class='ocrx_word' id='word_1_1020' title='bbox 1582 2975 1761 3013; x_wconf 77' lang='lat' dir='ltr'><strong>refingens.</strong></span> <span class='ocrx_word' id='word_1_1021' title='bbox 1798 2974 1840 3004; x_wconf 82' lang='lat' dir='ltr'><strong>cs.</strong></span> <span class='ocrx_word' id='word_1_1022' title='bbox 1870 2970 2003 3010; x_wconf 78' lang='grc' dir='ltr'>Ἰδαῖος.</span> 
     </span>
     <span class='ocr_line' id='line_1_142' title="bbox 995 3017 2007 3074; baseline -0.001 -20"><span class='ocrx_word' id='word_1_1023' title='bbox 995 3021 1079 3066; x_wconf 88' lang='grc' dir='ltr'>πρὸς</span> <span class='ocrx_word' id='word_1_1024' title='bbox 1097 3019 1194 3067; x_wconf 83' lang='grc' dir='ltr'>μῆλα</span> <span class='ocrx_word' id='word_1_1025' title='bbox 1210 3019 1269 3053; x_wconf 84' lang='grc' dir='ltr'><strong>καὶ</strong></span> <span class='ocrx_word' id='word_1_1026' title='bbox 1286 3019 1434 3074; x_wconf 54' lang='grc' dir='ltr'>ποίμνας</span> <span class='ocrx_word' id='word_1_1027' title='bbox 1450 3022 1565 3055; x_wconf 84' lang='grc' dir='ltr'>πεσεῖν</span> <span class='ocrx_word' id='word_1_1028' title='bbox 1584 3017 1685 3053; x_wconf 87' lang='grc'>1061.</span> <span class='ocrx_word' id='word_1_1029' title='bbox 1714 3018 1813 3074; x_wconf 55' lang='grc' dir='ltr'>γονον</span> <span class='ocrx_word' id='word_1_1030' title='bbox 1831 3031 1866 3053; x_wconf 86' lang='grc' dir='ltr'>τε</span> <span class='ocrx_word' id='word_1_1031' title='bbox 1885 3018 2007 3064; x_wconf 76' lang='grc' dir='ltr'>μήλων</span> 
     </span>
     <span class='ocr_line' id='line_1_143' title="bbox 996 3064 2009 3145; baseline 0 -46"><span class='ocrx_word' id='word_1_1032' title='bbox 996 3069 1082 3125; x_wconf 64' lang='lat' dir='ltr'><strong>Dan.</strong></span> <span class='ocrx_word' id='word_1_1033' title='bbox 1104 3069 1143 3123; x_wconf 61' lang='lat' dir='ltr'><strong>fr.</strong></span> <span class='ocrx_word' id='word_1_1034' title='bbox 1165 3065 1245 3103; x_wconf 84' lang='grc'>178.</span> <span class='ocrx_word' id='word_1_1035' title='bbox 1267 3079 1298 3101; x_wconf 68' lang='grc' dir='ltr'><strong>ν.</strong></span> <span class='ocrx_word' id='word_1_1036' title='bbox 1320 3078 1347 3099; x_wconf 89' lang='lat' dir='ltr'><strong>s.</strong></span> <span class='ocrx_word' id='word_1_1037' title='bbox 1378 3064 1598 3145; x_wconf 58' lang='grc' dir='ltr'>Αὲρροδίσιος.</span> <span class='ocrx_word' id='word_1_1038' title='bbox 1632 3085 1672 3091; x_wconf 91' lang='grc'>-</span> <span class='ocrx_word' id='word_1_1039' title='bbox 1707 3077 1774 3105; x_wconf 84' lang='grc' dir='ltr'><strong>παν</strong></span> <span class='ocrx_word' id='word_1_1040' title='bbox 1801 3064 1918 3122; x_wconf 36' lang='grc' dir='ltr'>μῆλον.</span> <span class='ocrx_word' id='word_1_1041' title='bbox 1939 3064 2009 3111; x_wconf 76' lang='grc' dir='ltr'><strong>θη-</strong></span> 
     </span>
     <span class='ocr_line' id='line_1_144' title="bbox 996 3110 2007 3171; baseline -0.003 -24"><span class='ocrx_word' id='word_1_1042' title='bbox 996 3125 1109 3160; x_wconf 82' lang='grc' dir='ltr'>ρωντα</span> <span class='ocrx_word' id='word_1_1043' title='bbox 1133 3124 1200 3146; x_wconf 77' lang='lat' dir='ltr'><strong>inc.</strong></span> <span class='ocrx_word' id='word_1_1044' title='bbox 1221 3111 1302 3146; x_wconf 87' lang='lat'>911.</span> <span class='ocrx_word' id='word_1_1045' title='bbox 1329 3124 1381 3156; x_wconf 83' lang='lat' dir='ltr'><strong>ap.</strong></span> <span class='ocrx_word' id='word_1_1046' title='bbox 1436 3117 1502 3170; x_wconf 73' lang='lat' dir='ltr'><strong>nst.</strong></span> <span class='ocrx_word' id='word_1_1047' title='bbox 1532 3123 1568 3171; x_wconf 71' lang='lat' dir='ltr'><strong>p</strong></span> <span class='ocrx_word' id='word_1_1048' title='bbox 1592 3111 1693 3153; x_wconf 85' lang='grc'>1648,</span> <span class='ocrx_word' id='word_1_1049' title='bbox 1713 3110 1759 3145; x_wconf 90' lang='grc'>20</span> <span class='ocrx_word' id='word_1_1050' title='bbox 1784 3123 1832 3170; x_wconf 53' lang='lat' dir='ltr'><strong>sic</strong></span> <span class='ocrx_word' id='word_1_1051' title='bbox 1857 3116 2007 3171; x_wconf 51' lang='lat' dir='ltr'><strong>scriben—</strong></span> 
     </span>
     <span class='ocr_line' id='line_1_145' title="bbox 996 3157 2008 3244; baseline 0 -3"><span class='ocrx_word' id='word_1_1052' title='bbox 996 3166 1099 3241; x_wconf 61' lang='lat'>2‘3123.</span> <span class='ocrx_word' id='word_1_1053' title='bbox 1115 3157 1170 3241; x_wconf 54' lang='lat' dir='ltr'><strong>{a</strong></span> <span class='ocrx_word' id='word_1_1054' title='bbox 1194 3158 1521 3240; x_wconf 55' lang='lat' dir='ltr'>·..30?:.2.ff0²⁶‘2f22</span> <span class='ocrx_word' id='word_1_1055' title='bbox 1542 3157 1889 3244; x_wconf 48' lang='grc' dir='ltr'><strong>ςχῑλλ-ξῖὲεαφοιῑῑ</strong></span> <span class='ocrx_word' id='word_1_1056' title='bbox 1903 3158 2008 3241; x_wconf 54' lang='grc' dir='ltr'><strong>Ξὲῑῒὲ</strong></span> 
     </span>
     <span class='ocr_line' id='line_1_146' title="bbox 996 3217 2003 3303; baseline -0.003 -15"><span class='ocrx_word' id='word_1_1057' title='bbox 996 3240 1102 3301; x_wconf 68' lang='grc' dir='ltr'>θηρία</span> <span class='ocrx_word' id='word_1_1058' title='bbox 1118 3225 1230 3287; x_wconf 48' lang='grc' dir='ltr'>πάιντοί</span> <span class='ocrx_word' id='word_1_1059' title='bbox 1242 3239 1343 3303; x_wconf 78' lang='grc' dir='ltr'>μῆλα</span> <span class='ocrx_word' id='word_1_1060' title='bbox 1358 3219 1507 3291; x_wconf 52' lang='grc' dir='ltr'><strong>κιέιλέῑᾯ.Α</strong></span> <span class='ocrx_word' id='word_1_1061' title='bbox 1522 3217 1693 3291; x_wconf 60' lang='grc' dir='ltr'>Ημέορεεο.</span> <span class='ocrx_word' id='word_1_1062' title='bbox 1715 3232 1888 3293; x_wconf 69' lang='lat' dir='ltr'><strong>Aristop&#39;h.</strong></span> <span class='ocrx_word' id='word_1_1063' title='bbox 1908 3254 2003 3293; x_wconf 80' lang='lat' dir='ltr'><strong>ByZ.⁷</strong></span> 
     </span>
     <span class='ocr_line' id='line_1_147' title="bbox 996 3298 1450 3346; baseline -0.002 -13"><span class='ocrx_word' id='word_1_1064' title='bbox 996 3305 1034 3333; x_wconf 88' lang='lat' dir='ltr'><strong>ut</strong></span> <span class='ocrx_word' id='word_1_1065' title='bbox 1048 3302 1161 3336; x_wconf 84' lang='lat' dir='ltr'><strong>elucet</strong></span> <span class='ocrx_word' id='word_1_1066' title='bbox 1177 3310 1219 3333; x_wconf 83' lang='lat' dir='ltr'><strong>ex</strong></span> <span class='ocrx_word' id='word_1_1067' title='bbox 1232 3310 1271 3346; x_wconf 86' lang='lat' dir='ltr'><strong>p.</strong></span> <span class='ocrx_word' id='word_1_1068' title='bbox 1291 3298 1373 3341; x_wconf 88' lang='grc'>877,</span> <span class='ocrx_word' id='word_1_1069' title='bbox 1393 3298 1450 3332; x_wconf 90' lang='grc'><strong>51.</strong></span> 
     </span>
    </p>
   </div>
   <div class='ocr_carea' id='block_1_16' title="bbox 996 3355 2007 3494">
    <p class='ocr_par' dir='ltr' id='par_1_21' title="bbox 996 3355 2007 3494">
     <span class='ocr_line' id='line_1_148' title="bbox 1066 3355 2007 3405; baseline -0.002 -13"><span class='ocrx_word' id='word_1_1070' title='bbox 1066 3355 1134 3404; x_wconf 58' lang='lat' dir='ltr'><strong>Mn</strong></span> <span class='ocrx_word' id='word_1_1071' title='bbox 1144 3356 1165 3391; x_wconf 94' lang='grc' dir='ltr'>λ</span> <span class='ocrx_word' id='word_1_1072' title='bbox 1175 3370 1192 3392; x_wconf 93' lang='grc' dir='ltr'><strong>ο</strong></span> <span class='ocrx_word' id='word_1_1073' title='bbox 1202 3356 1377 3405; x_wconf 66' lang='grc' dir='ltr'>σφαχέω</span> <span class='ocrx_word' id='word_1_1074' title='bbox 1402 3358 1548 3399; x_wconf 66' lang='lat' dir='ltr'><strong>sacrifico</strong></span> <span class='ocrx_word' id='word_1_1075' title='bbox 1558 3383 1566 3394; x_wconf 82' lang='lat'>,</span> <span class='ocrx_word' id='word_1_1076' title='bbox 1595 3368 1656 3390; x_wconf 83' lang='lat' dir='ltr'><strong>ove</strong></span> <span class='ocrx_word' id='word_1_1077' title='bbox 1671 3359 1898 3400; x_wconf 83' lang='lat' dir='ltr'><strong>potissimum.</strong></span> <span class='ocrx_word' id='word_1_1078' title='bbox 1934 3369 2007 3402; x_wconf 77' lang='grc' dir='ltr'>μτ-</span> 
     </span>
     <span class='ocr_line' id='line_1_149' title="bbox 996 3380 2003 3450; baseline -0.002 -12"><span class='ocrx_word' id='word_1_1079' title='bbox 996 3403 1164 3450; x_wconf 71' lang='grc' dir='ltr'>λοσφαγεῖ</span> <span class='ocrx_word' id='word_1_1080' title='bbox 1182 3403 1310 3438; x_wconf 74' lang='grc' dir='ltr'>θεοῖσιν</span> <span class='ocrx_word' id='word_1_1081' title='bbox 1329 3398 1455 3449; x_wconf 81' lang='grc' dir='ltr'>ἔμμην’</span> <span class='ocrx_word' id='word_1_1082' title='bbox 1474 3402 1545 3449; x_wconf 81' lang='grc' dir='ltr'>ἱερὰ</span> <span class='ocrx_word' id='word_1_1083' title='bbox 1562 3407 1635 3441; x_wconf 85' lang='grc' dir='ltr'>τοῖς</span> <span class='ocrx_word' id='word_1_1084' title='bbox 1654 3403 1833 3450; x_wconf 83' lang='grc' dir='ltr'>σωτηρίοις</span> <span class='ocrx_word' id='word_1_1085' title='bbox 1850 3405 1905 3441; x_wconf 76' lang='grc' dir='ltr'><strong>ΕΙ.</strong></span> <span class='ocrx_word' id='word_1_1086' title='bbox 1922 3380 2003 3436; x_wconf 89' lang='grc'>280.</span> 
     </span>
     <span class='ocr_line' id='line_1_150' title="bbox 1653 3459 1727 3494; baseline 0 0"><span class='ocrx_word' id='word_1_1087' title='bbox 1653 3459 1699 3494; x_wconf 85' lang='grc'>29</span> <span class='ocrx_word' id='word_1_1088' title='bbox 1709 3460 1727 3481; x_wconf 74' lang='grc'><strong><em>*</em></strong></span> 
     </span>
    </p>
   </div>
  </div>
 </body>
</html>
