2288 3600
250 145 349 194 408

253 274 319 303 σα,
352 263 441 304 quod
466 263 507 293 de
532 262 633 294 Furia
658 264 741 295 mire
767 263 894 295 dictum
924 265 1021 295 foret.
1068 262 1180 298 πολλὰ
1207 263 1266 298 καὶ

993 146 1294 214 Λαξπάτητος
1322 177 1383 183 -
1413 148 1571 215 Λάχος

2147 77 2153 81 ’
2276 71 2288 114 ³

2033 160 2083 208 [11
2099 174 2133 207 p.
2154 124 2288 200 11--13ἆ

1364 263 1410 309 [A
1421 278 1442 299 α
1453 276 1470 310 ρ
1482 277 1491 298 ι
1503 276 1520 298 σ
1531 279 1552 299 α
1560 269 1575 300 ῖ
1585 278 1603 300 ο
1612 277 1622 299 ι
1630 268 1875 301 inscribabatur
1886 255 2219 310 Soph.fabula‚cuius
2232 257 2288 305 suff

250 308 372 344 λαθεῖν
390 307 496 343 καλόν
513 309 629 341 Alead.
653 306 730 341 104.
761 329 802 333 —
830 306 993 344 λανθάνει
1010 309 1140 357 στήλην
1157 309 1265 366 ὀίκραν
1300 322 1352 353 ap.
1376 313 1478 345 Dind.
1494 314 1532 345 fr.
1547 311 1686 347 66-70
1696 319 1730 347 et
1739 313 1794 348 80.
1815 317 1857 347 cf.
1872 311 2044 361 Ἀκρίσιος
2062 318 2096 348 in
2110 317 2266 350 Addendi

252 355 375 394 παίσας
394 357 447 388 El.
468 354 537 388 744
554 358 677 388 inscius
694 361 723 388 et
740 359 864 389 invitus
881 358 1031 399 offendit.
1070 356 1146 392 οὔτε
1165 356 1265 404 ορῶσ’

252 402 439 438 ἐλάνθανεν
465 400 544 435 914.
592 402 698 436 πάλαι
722 402 827 442 ξυνών
856 399 889 449 μ’
914 402 1039 450 ἔληθες
1067 403 1168 438 1358.
1214 405 1263 451 μὴ

251 449 344 497 λάθῃ
365 449 480 495 μολὼν
500 448 567 483 ἔσω
589 448 689 482 1403.
720 451 768 496 μὴ
785 449 985 496 διαφθαρεὶς
999 449 1090 498 λάθῃ
1106 454 1166 485 Ph.
1181 450 1260 486 506.

252 497 321 532 ε’ίτε
343 509 393 535 τις
416 495 466 534 εἷς
488 496 535 531 ὢν
551 495 700 543 λέληθεν
719 498 775 530 OR
792 496 873 531 247.
918 497 1103 545 λεληθέναι
1121 511 1156 532 σε
1174 512 1223 546 φη
1253 499 1265 533 ὶ

252 539 397 592 αἴσχιστ’
426 542 613 589 ὁμιλοῦντα
641 541 720 577 366.
780 543 933 591 λέληθας
964 544 1089 593 ἐχθρὸς
1120 547 1166 580 ὤν
1195 513 1263 579 4175

251 595 366 626 nescis.
410 589 559 637 λέληθεν
586 589 686 625 αὑτὸν
712 595 786 630 τοῖς
813 591 964 632 ξυνοῦσιν
982 594 1029 628 ὢν
1048 592 1152 639 βαρύς
1171 595 1260 626 Alet.

252 643 292 673 fr.
314 637 375 680 90,
396 637 430 671 2.
479 639 626 671 Medium
650 640 817 679 significat
840 641 987 673 oblivisci
1012 642 1163 683 soletque
1190 653 1264 674 cum

252 689 399 730 genitivo
429 687 505 719 dici.
560 685 576 719 ὁ
608 685 645 719 δὲ
674 684 817 720 λάθεται
843 687 889 721 ὧν
914 685 940 721 τ’
968 686 1075 723 ἔπαθε
1100 690 1152 721 El.
1184 687 1261 722 167.

252 733 359 769 δεινόν
378 745 413 766 σε
429 732 542 767 κείνου
560 731 730 778 λελῆσθαι
747 732 825 767 342.
868 734 1034 782 πρόσοψιν
1053 734 1091 774 ἇς
1110 734 1178 782 ἐγὼ
1196 734 1266 770 οὐδ’

252 781 292 817 ἂν
312 781 346 816 ἐν
363 783 487 818 κακοῖς
503 777 675 825 λαθοίμαν
692 779 792 814 1287.
822 780 992 816 λαθέσθαι
1005 787 1073 817 τῶν
1087 784 1267 825 παρεστώ-

250 841 318 864 των
344 833 463 862 κακῶν
480 828 563 867 MyS.
590 829 631 859 fr.
654 825 733 869 358,
755 826 788 860 2.
835 830 871 862 G.
900 840 1008 862 accus.
1035 828 1267 865 λανθάνεσθαι

252 879 319 910 dici
342 885 518 918 perperam
542 875 712 907 credidere
739 877 863 916 Musgr.
892 878 933 909 ad
949 879 1030 910 Eur.
1050 879 1124 910 Alo.
1148 875 1214 910 196
1232 882 1267 910 et

253 925 383 959 Schaef.
406 924 482 954 mel.
504 933 548 955 cr.
571 933 604 964 p.
621 919 686 954 91:
717 934 748 955 v.
770 924 842 955 Erf.
865 925 905 956 ad
923 924 980 956 ΟΒ
997 922 1076 957 904.
1098 926 1150 957 De
1168 927 1267 958 verbo

253 973 361 1005 activo
386 982 414 1003 c.
441 971 559 1011 partic.
587 971 742 1010 ponendo
760 982 790 1003 v,
812 972 958 1004 Brunck.
981 973 1021 1004 ad
1039 973 1120 1004 Eur.
1142 973 1262 1004 Bacch.

255 1017 334 1051 184.
370 1019 535 1057 Krueger.
565 1018 605 1048 ad
623 1018 731 1049 Anab.
754 1028 786 1059 p.
809 1015 864 1050 30.
902 1019 937 1051 G.
960 1020 997 1050 F.
1018 1020 1204 1052 Hermann.
1227 1020 1268 1051 ad

254 1068 336 1099 Luc.
366 1066 406 1097 de
430 1074 556 1096 consor.
584 1065 663 1096 hist.
693 1075 726 1106 p.
751 1062 828 1097 189.
861 1085 900 1089 -
936 1067 1011 1099 Uno
1037 1068 1106 1099 loco
1123 1068 1268 1098 medium

255 1116 379 1153 forma,
413 1113 658 1151 significatione
685 1114 858 1152 passivum
889 1114 1031 1154 legitur:
1071 1112 1152 1147 οὐδέ
1185 1125 1267 1147 ποτε

253 1159 444 1206 λησόμενον
462 1157 628 1204 ἁμέτερον
646 1156 720 1192 οἷον
738 1157 801 1205 ἔφυ
819 1159 928 1193 κακόν
946 1162 999 1193 El.
1024 1158 1124 1193 1249.
1155 1162 1264 1194 Schol.

252 1206 368 1254 λήθης
392 1209 510 1252 τυχεῖν
531 1205 579 1251 μὴ
599 1205 800 1251 δυνάμενον.
831 1208 953 1240 Tricl.:
985 1206 1267 1254 έπιλησθησόμε-

253 1267 323 1290 νον.
353 1255 396 1287 cf.
417 1254 535 1286 Matth.
559 1254 616 1286 Gr.
638 1264 686 1294 gr.
708 1252 742 1297 §.
763 1251 831 1286 495
849 1265 878 1286 e.
900 1265 934 1296 p.
956 1252 1037 1288 931.

325 1318 614 1369 Λαξπόιτητος
652 1325 883 1364 proculcatus,
927 1336 1003 1358 cum
1049 1328 1263 1358 contumelia.

254 1370 332 1410 θεὸς
363 1370 500 1406 ἔπαισεν
593 1369 809 1417 λαξπάτητον
839 1370 1015 1418 ἀντρέπων
1044 1373 1155 1420 χαράν
1182 1375 1262 1406 Ant.

258 1418 346 1452 1275
372 1430 417 1452 m.
479 1419 549 1450 Hoc
575 1419 662 1459 quod
691 1419 816 1450 habent
843 1421 899 1451 LB
926 1421 985 1452 alii
1011 1422 1201 1461 agnoscitur
1230 1423 1268 1453 ab

254 1468 354 1499 Eust.
376 1477 409 1508 p.
431 1463 510 1506 796,
531 1463 551 1498 5
571 1470 605 1498 et
623 1463 701 1506 625,
719 1463 784 1497 22:
806 1476 871 1507 quo
889 1468 958 1500 loco
976 1469 1022 1500 ait
1040 1466 1057 1501 ὅ
1075 1479 1162 1505 τινες
1179 1466 1268 1502 λακ-

254 1513 406 1560 πάτητον
441 1512 496 1547 διὰ
525 1515 585 1546 τοῦ
611 1524 634 1545 κ
662 1511 866 1560 γράφουσιν,
903 1519 942 1546 ut
968 1520 1019 1547 est
1044 1517 1079 1547 in
1106 1516 1163 1547 LA
1189 1517 1263 1548 Vat.

255 1563 376 1601 Tric1.‚
413 1562 601 1603 profectum
633 1561 718 1592 illud
749 1572 767 1592 a
790 1563 1048 1603 correctoribus,
1077 1560 1119 1601 ξπ
1144 1563 1268 1595 Atticis

254 1610 406 1651 componi
432 1618 499 1640 non
521 1608 801 1640 concedentibus:
831 1620 862 1640 v.
884 1610 919 1640 in
938 1607 1125 1657 ἑξπηχυστί
1142 1611 1268 1642 adscri-

252 1660 321 1698 pta.
359 1656 460 1688 schol.
482 1656 575 1687 Rom.
597 1652 818 1700 λακπάτητον
843 1657 1008 1688 exhibens
1035 1652 1182 1698 explicat
1205 1657 1269 1704 τὴν

256 1698 333 1749 μεθ’
361 1700 491 1748 ὕβρεως
511 1699 778 1747 άπωθουρένην,
808 1700 831 1746 ἢ
850 1702 914 1748 τὴν
934 1702 1092 1749 μεγάλως
1110 1716 1270 1737 καταπα-

253 1749 436 1796 τουμένην.
481 1750 580 1782 Eust.
617 1750 691 1781 iure
725 1760 801 1782 cum
824 1751 1010 1784 Homericis
1034 1750 1098 1791 λὰξ
1123 1750 1270 1797 ἐμβῆναι

254 1800 329 1835 τοῖς
356 1794 497 1843 στήθεσι
519 1800 553 1828 et
579 1794 641 1835 λὰξ
663 1799 803 1841 κινῆσαι
828 1803 1005 1839 comparat.
1049 1800 1166 1831 Altera
1187 1801 1269 1831 scri-

253 1849 353 1886 ptura
368 1842 658 1889 λεωπάτητον
676 1846 712 1876 in
730 1845 788 1876 PA
805 1846 947 1886 aliisque
965 1847 1081 1878 multis
1099 1847 1192 1878 libris
1207 1857 1268 1878 ex-

254 1896 331 1933 stat,
353 1893 492 1925 defensa
509 1902 527 1923 a
544 1891 704 1924 Seidlero.

323 1959 552 2006 [Λαοκόων
579 1963 825 1995 inscribebatur
867 1962 968 2004 Soph.
1002 1964 1135 2003 fabula,
1172 1965 1269 1995 cuius

255 2014 335 2042 sunt
353 2020 404 2051 ap.
426 2010 529 2041 Dind.
552 2010 593 2040 fr.
615 2006 832 2054 340-344,]

325 2077 354 2114 A
366 2077 387 2113 ἆ
397 2091 414 2113 ο
425 2091 450 2124 μ
459 2078 476 2113 έ
487 2077 504 2112 δ
515 2093 543 2113 ω
553 2091 569 2111 ν
597 2089 629 2112 n.
651 2090 701 2121 pr.
724 2078 878 2124 βασίλεια
891 2108 899 2122 ,
928 2078 1171 2125 Λαομέδοντος
1188 2079 1271 2124 (θυ-

255 2125 383 2174 γάτηρ)
400 2128 454 2159 Ai.
479 2123 569 2159 1302
585 2127 747 2160 Hesione.

326 2182 442 2222 Λᾶος
461 2197 492 2217 V.
521 2183 620 2223 λᾶας.

326 2253 357 2290 Λ
377 2254 450 2293 αός
476 2258 512 2288 et
528 2254 628 2293 λεώς.
672 2257 760 2288 Illud
787 2258 885 2297 longe
910 2258 1016 2289 rarius
1040 2258 1168 2289 duobus
1193 2258 1271 2289 solis

259 2305 377 2345 eisque
401 2304 624 2335 diverbiorum
651 2304 730 2335 locis
755 2305 922 2345 reperitur
947 2305 1008 2336 Ph.
1039 2301 1127 2336 1243
1155 2308 1190 2336 et
1214 2305 1272 2337 ΟΒ

259 2348 338 2384 144.
375 2351 530 2383 Alterum
553 2351 712 2382 diverbiis
737 2355 772 2382 et
794 2352 923 2383 melicis
941 2361 1128 2383 commune.
1158 2349 1273 2395 [Syni-

259 2400 372 2438 zesin,
400 2401 440 2429 ut
464 2398 534 2429 fere
560 2407 657 2429 voces
682 2399 861 2438 iambicae‚
892 2409 943 2440 ap.
972 2403 1075 2439 tragg.
1105 2400 1272 2430 rarissime

260 2442 392 2489 habet]
419 2444 584 2485 PopuLum
601 2445 778 2485 significat,
801 2447 946 2477 maxime
965 2446 1069 2486 stirpe
1086 2449 1120 2477 et
1138 2447 1273 2478 natione

258 2493 499 2533 adsignificata.
529 2489 662 2535 ξύμπας
673 2488 818 2538 Ἀχαιῶν
831 2490 914 2529 λαός
928 2493 987 2524 Ph.
1004 2490 1103 2524 1243.
1125 2489 1273 2537 Κάδμου

258 2537 342 2573 λαόν
357 2553 400 2567 =
415 2535 614 2582 Καδμείους
631 2539 688 2570 OR
706 2537 772 2571 144
788 2540 883 2571 velut
899 2541 967 2576 πᾶς
982 2535 1167 2585 Καδμείων
1184 2537 1273 2576 λεώς

259 2586 315 2619 OG
342 2583 421 2617 741.
474 2582 594 2631 Θήβης
626 2583 723 2631 τῆσδ’
752 2584 936 2630 ὁμόπτολις
963 2584 1049 2624 λεώς
1074 2587 1156 2619 Ant.
1188 2584 1269 2618 733.

259 2629 416 2679 Μηλιεὺς
434 2629 524 2669 ἅπας
541 2630 630 2669 λεώς
648 2633 704 2665 Tr.
729 2630 806 2665 194.
842 2634 906 2666 Sed
925 2634 1109 2674 indiyenae,
1132 2635 1269 2673 incolae,

259 2681 389 2712 accolae
406 2680 657 2719 significantur:
681 2677 814 2717 ἐνάλιος
831 2678 919 2717 λεώς
937 2682 990 2712 Ai.
1013 2676 1080 2713 565
1099 2681 1274 2714 Salaminii

260 2731 358 2766 sunt,
390 2727 549 2758 maritimi
572 2727 737 2759 homines.
782 2725 798 2760 ὅ
822 2724 850 2773 γ’
878 2725 991 2760 ἐνθάδ’
1017 2725 1056 2760 ἂν
1078 2725 1273 2764 ε’ίποιλεώς

259 2773 315 2806 OG
332 2771 390 2806 43.
436 2771 476 2806 ἰὼ
501 2775 568 2810 πᾶς
591 2770 679 2810 λεώς
705 2771 775 2806 884
799 2775 851 2806 ch.
895 2773 1005 2807 πάντα
1021 2773 1108 2808 λεὼν
1126 2773 1273 2808 ἄνιππον

261 2819 409 2866 ἱππότην
431 2831 468 2853 τε
494 2817 574 2852 898.
619 2821 712 2852 Inest
735 2823 893 2853 ezercz'tus
917 2823 1026 2854 notio:
1054 2820 1143 2855 λεῶν
1171 2819 1274 2861 ἔξεστ’

260 2865 416 2901 ἀνάσσειν
441 2867 488 2900 ὧν
507 2865 555 2900 ὅδ’
571 2861 680 2912 ἡγεῖτ’
698 2865 835 2902 οἴκοθεν
853 2869 908 2900 Ai.
932 2865 1032 2901 1100.
1078 2865 1168 2906 ἅπας
1184 2866 1273 2906 λεώς

751 2915 930 2947 Multitudo
954 2917 1132 2948 universe:
1161 2917 1228 2953 πᾶς
1254 2914 1272 2950 ὁ

259 2958 427 3008 χειρῶναξ
451 2958 539 2998 λεώς
564 2962 631 2993 inc.
653 2959 732 3002 724,
757 2959 787 2993 1.
809 2980 853 2984 —-
888 2963 1018 2994 Tonum
1043 2964 1181 2995 alterius
1206 2964 1272 2995 for-

261 2915 316 2947 Tr.
339 2911 408 2946 783
433 2915 515 2946 socii
537 2915 703 2946 Herculis.

261 3018 334 3040 mae
351 3009 428 3040 Arc.
450 3009 579 3040 notavit
595 3018 628 3049 p.
651 3006 706 3049 36,
728 3006 791 3050 243
821 3010 960 3041 alterius
977 3020 1011 3051 p.
1033 3007 1089 3050 94,
1111 3007 1145 3041 4.

330 3061 551 3111 Λᾶπέρσα.
598 3067 726 3099 Nomen
757 3068 995 3100 Dioscurorum
1025 3078 1077 3110 ap.
1106 3069 1272 3100 Lacedae-

262 3115 390 3146 monios
415 3115 588 3146 usitatum.
626 3125 657 3145 ν.
687 3114 793 3147 Strab.
820 3112 853 3146 8.
882 3124 916 3156 p.
933 3111 1002 3147 364
1019 3119 1053 3146 et
1069 3117 1182 3156 Intpp.
1204 3116 1274 3147 He-

260 3161 365 3200 sychii
383 3172 415 3192 v.
430 3157 619 3205 Λαπέρσαι.
637 3179 678 3184 -
696 3159 740 3206 νὴ
758 3162 807 3194 τὼ
824 3158 989 3207 Λαπέρσα
1000 3163 1076 3194 Lac.
1088 3163 1129 3194 fr.
1145 3159 1269 3202 339,1.

334 3215 527 3257 Λαπίζω.
571 3216 673 3264 Λέγει
699 3217 737 3252 δὲ
759 3218 819 3252 καὶ
843 3217 1059 3266 (Ἀριστοφάν
1087 3232 1103 3257 ς
1128 3218 1274 3266 ὁγραμ-

264 3264 424 3309 ματικὸς)
440 3263 599 3304 λαπίζε
613 3277 646 3298 ιν
672 3265 764 3311 παρὰ
784 3264 869 3312 Σοφ.
892 3268 934 3298 fr.
954 3268 1021 3299 inc.
1042 3265 1063 3299 9
1089 3265 1126 3310 3)
1142 3267 1180 3301 τὸ
1203 3277 1275 3300 συ-

1000 3312 1050 3358 (H
1066 3325 1100 3355 P·
1125 3311 1177 3356 12,
1202 3311 1277 3358 14·)
1310 3326 1527 3357 durissimum
1544 3327 1636 3357 inest
1652 3335 1807 3366 zeugma,
1838 3322 1940 3370 λέχος
1959 3325 1999 3356 de
2017 3324 2164 3364 Megareo
2192 3363 2194 3366 .
2207 3337 2225 3370 ,κς

332 3363 538 3415 Λᾶπίθης
550 3371 700 3411 Lapitha.
723 3369 740 3404 ὁ
759 3367 908 3408 Δωτιεὺς
926 3369 1088 3417 Λαπίθης
1107 3368 1271 3417 Κορωνός
1311 3382 1408 3404 mone
1434 3381 1536 3404 sensu
1561 3373 1706 3404 maxime
1731 3372 1855 3413 dispari
1882 3372 1989 3412 dicto3
2018 3372 2052 3402 in
2071 3371 2130 3403 hoc
2145 3377 2193 3402 es
2209 3396 2233 3417 ἢ,

266 3417 383 3448 Lemn.
412 3418 453 3448 fr.
485 3415 564 3458 345,
586 3415 618 3450 2.
651 3419 700 3450 De
718 3422 795 3451 tono
813 3420 888 3460 quis
907 3420 1126 3461 praeceperit,
1145 3420 1270 3460 ignoro.
1311 3422 1422 3461 potest
1438 3419 1506 3451 nisi
1523 3419 1564 3451 de
1582 3419 1712 3451 infelici
1730 3419 1915 3458 Antigones
1937 3417 2146 3450 matrimonio
2161 3417 2199 3448 ἰ·
2218 3448 2224 3470 ,

265 3310 409 3357 ρίζειν
427 3313 525 3344 Eust.
546 3323 580 3354 p.
604 3310 706 3354 1761,
726 3311 784 3346 27.

1371 369 1427 405 *Λ
1440 371 1542 417 αρός
1569 372 1737 414 Scriptum
1755 375 1806 405 bis
1824 375 1892 406 loco
1910 375 2093 407 Herodiani
2110 386 2144 408 π.
2168 387 2205 420 μ.
2225 306 2288 421 >eff

1302 416 1358 458 35,
1382 415 1424 450 10
1443 420 1490 451 ita
1507 424 1670 460 corrupto,
1686 424 1725 452 ut
1743 430 1854 462 neque
1871 422 1911 453 de
1929 431 2033 454 sensu
2051 426 2192 464 constet,
2206 423 2288 473 neq}

1302 469 1416 497 utrum
1433 468 1683 499 substantivum
1702 478 1743 499 an
1763 469 2099 510 adiectivumapoeta
2118 473 2286 511 usurpat

1302 513 1364 544 sit:
1389 514 1446 545 sed
1464 514 1505 546 de
1522 524 1583 545 ave
1608 516 1684 555 quis
1708 519 1841 556 propter
1867 517 1968 548 verba
1993 514 2048 549 ἐπὶ
2071 519 2168 562 κῦμα
2193 515 2280 561 ἐκρ

1302 561 1434 600 cogitet,
1456 564 1495 592 ut
1512 566 1669 593 accentus
1687 563 1918 594 immutandus
1936 564 2102 596 videatur.
2137 562 2256 608 (Inach
2278 562 2286 589 ἶ

1301 604 1402 650 266.)
1421 605 1522 651 [Vbb.
1545 606 1649 654 λαρὸς
1667 605 1781 642 ebra?
1803 607 1859 643 ἐπὶ
1875 612 1971 655 κῦμα
1989 609 2112 656 ἐκροὰς
2130 611 2248 644 Lehrs.
2274 617 2284 640 ί

1303 655 1497 686 constituit:
1524 654 1629 702 ναράς
1646 667 1682 688 τε
1708 655 1835 702 πατρὸς
1853 656 2015 702 κυμάτων
2035 656 2226 704 ἐπιρροάς]
2277 664 2279 666 ’

1372 710 1567 758 Λάρτιος
1593 726 1625 746 v.
1646 711 1818 761 Λαέρτης.
2276 712 2278 715 ’

1373 769 1402 806 Λ
1414 768 1435 805 ἅ
1449 783 1467 804 σ
1479 770 1546 806 ιαύ
1556 784 1612 820 χη
1622 785 1640 806 ν
1667 775 1808 806 iubatus.
1837 772 2046 823 λασιαύχενα
2061 773 2085 810 θ
2108 773 2213 810 ἵππον
2243 790 2246 795 ¹

1303 816 1371 851 350
1389 820 1440 851 ch.

1374 871 1542 915 Λάσιος
1565 880 1710 920 pilosus,
1738 882 1827 913 villis
1853 881 1995 913 horrens.
2042 886 2186 916 στικτῶν
2213 879 2236 927 ἢ

1304 923 1383 958 σίων
1404 924 1490 969 μετὰ
1508 922 1625 971 θηρῶν
1643 927 1703 958 Ph.
1730 924 1796 960 184
1813 928 1865 960 ch.

1374 981 1534 1018 Λάσκω
1565 994 1676 1016 vocem
1703 986 1774 1018 edo.
1819 987 1893 1018 Non
1922 988 2047 1027 legitur
2071 989 2137 1019 nisi
2161 989 2272 1030 ειοιὶενι

1305 1026 1485 1076 μηπώποτ’
1514 1029 1613 1065 αὐτὸν
1639 1030 1765 1077 ψεῦδος
1794 1031 1829 1071 ἐς
1854 1032 1954 1067 πόλιν
1977 1032 2096 1068 λακεῖν
2123 1035 2205 1067 Ant.
2228 1030 2273 1079 1ῡῖ

1301 1080 1430 1118 publice
1455 1079 1591 1110 edidisse
1614 1081 1835 1112 mendacium.
1879 1078 2007 1119 τοῦπος
2032 1081 2071 1115 τὸ
2089 1079 2273 1128 θεοπρόπο

1303 1119 1330 1158 τ’
1349 1124 1469 1159 ἔλακεν
1489 1127 1543 1157 Tr.
1565 1123 1634 1158 822
1651 1128 1717 1167 oh.,
1746 1129 1806 1159 ubi
1831 1126 1952 1162 ἔλακεν
1977 1130 2105 1161 dictum
2128 1131 2225 1170 quasi

1304 1183 1371 1204 non
1389 1171 1471 1210 ἔπος
1490 1170 1683 1219 θεοπρόπον
1702 1177 1952 1216 praecessisset,
1972 1174 2062 1209 κατὰ
2079 1174 2240 1211 διάνοιαν.

1375 1225 1519 1270 Λόιταξ
1544 1233 1641 1265 lateas.
1687 1230 1906 1279 Λάταγεςῖ
1935 1232 1967 1267 οἱ
1990 1232 2149 1280 κότταβοι
2166 1236 2268 1274 Phot.

1303 1276 1384 1319 209,
1405 1276 1461 1311 22.
1505 1277 1657 1318 λάταξ;
1688 1278 1810 1326 ψόφος,
1832 1279 2011 1326 κότταβος,
2033 1280 2050 1315 ὁ
2068 1279 2135 1316 ἀπὸ
2153 1293 2255 1328 ποτη

1303 1325 1483 1372 γενόμενος
1502 1327 1645 1366 Hesych.
1691 1326 1714 1372 ἡ
1741 1326 1875 1374 μεγάλη
1893 1329 2025 1374 σταγών
2045 1330 2137 1371 Suid.
2183 1330 2246 1364 Pro
2256 1337 2268 1372 ξ

1304 1379 1416 1405 tamen
1438 1375 1555 1405 vinum
1573 1375 1663 1406 unde
1681 1377 1809 1407 cottabo
1825 1376 2005 1415 ludebant,
2036 1378 2084 1409 sic
2099 1377 2228 1410 dictum
2252 1393 2255 1404 =

1305 1422 1441 1453 clarum.
1487 1417 1593 1466 ξανθὴ
1622 1419 1650 1453 δ’
1673 1420 1855 1468 άφροδισία
1871 1420 1977 1462 λάταξ
1994 1421 2210 1458 ἐπεισκύπτει
2227 1422 2263 1469 [»ἶ

1305 1471 1427 1502 κτυπεῖ
1446 1466 1612 1512 Meinek.]
1639 1467 1757 1514 δόμοις
1775 1470 1888 1502 Inach.
1918 1471 1959 1502 fr.
1985 1467 2067 1503 257.
2112 1473 2222 1504 Verba
2248 1487 2260 1510 ρ,

1305 1519 1358 1547 tae
1377 1517 1416 1547 ab
1435 1516 1560 1547 Athen.
1585 1513 1638 1547 15.
1659 1527 1692 1557 p.
1715 1513 1783 1549 668
1800 1518 1822 1548 b
1847 1518 1918 1549 suis
1944 1519 2187 1551 accommodata
2202 1520 2238 1552 in
2263 1552 2265 1555 ,

1305 1567 1428 1594 metros
1453 1563 1580 1602 redegit
1605 1564 1709 1605 Toup.
1737 1565 1773 1595 in
1798 1564 1891 1596 Suid.
1918 1561 1951 1596 2.
1985 1575 2018 1606 p.
2049 1562 2115 1597 471
2151 1563 2223 1605 ξαν
2256 1561 2257 1564 ¹

1305 1607 1383 1654 ξένη
1410 1613 1536 1641 mutato
1561 1613 1595 1641 et
1620 1611 1829 1652 improbabili
1855 1614 1889 1643 et
1906 1613 2020 1643 inutili
2039 1615 2266 1647 correctione.

1307 1658 1436 1689 Tonum
1455 1659 1640 1698 generatim
1657 1660 1785 1690 notavit
1802 1659 1877 1690 Arc.
1899 1669 1933 1700 p.
1950 1656 2003 1700 18,
2021 1656 2075 1692 18.
2259 1657 2265 1671 ²

1376 1725 1571 1772 Λατρεία
1603 1727 1832 1768 famulitium,
1862 1731 2011 1761 servitus.
2057 1727 2133 1768 οἵας
2163 1729 2247 1764 λατ

1307 1772 1380 1808 ἀνθ’
1399 1772 1479 1807 ὅσου
1499 1771 1606 1818 ζήλου
1623 1774 1739 1820 τρέφει
1755 1775 1800 1806 Ai
1817 1772 1885 1808 503
1902 1786 1995 1809 nerva
2011 1781 2070 1810 est.
2093 1795 2134 1800 —
2161 1779 2212 1810 De
2251 1780 2257 1814 J

1306 1823 1398 1854 ribus
1424 1822 1581 1853 Herculis
1607 1823 1734 1853 dictum
1759 1826 1811 1853 est
1828 1823 1884 1854 Tr.
1905 1821 1975 1856 827
1993 1824 2044 1856 ch.
2090 1829 2164 1862 πῶς

1307 1868 1324 1903 ὁ
1344 1869 1392 1915 μὴ
1411 1867 1562 1901 λεύσσων
1581 1873 1653 1914 φῶς
1672 1863 1716 1901 ἔτ’
1735 1867 1896 1903 ἐπίπονον
1915 1867 1991 1917 ἔχοι
2009 1869 2124 1905 θανὼν
2137 1869 2202 1905 λατ
2226 1877 2273 1911 >Ῐ

1314 1934 1353 1939 —-
1374 1928 1395 1948 α
1414 1917 1450 1947 in
1470 1916 1558 1947 thesi
1576 1917 1766 1956 corripitur.
2089 1917 2121 1962 (Ι
2137 1929 2172 1960 p.
2215 1915 2259 1952 3⁵

1378 1983 1406 2020 A
1418 1985 1494 2031 άτρ
1504 1997 1545 2019 ευ
1559 1998 1614 2031 μα
1638 1986 1856 2025 famulitium.
1901 1986 1972 2021 οὐδ’
1997 1986 2049 2022 ἐπ’
2066 1985 2226 2037 Ὀμφάλῃ
2248 2022 2250 2024 ,

1306 2045 1374 2067 νων
1392 2031 1611 2078 λατρεύματα
1630 2034 1685 2066 Tr.
1707 2031 1787 2066 357.
2240 2064 2244 2066 .

1378 2089 1406 2125 Α
1420 2103 1468 2124 ατ
1479 2103 1495 2136 ρ
1507 2090 1549 2124 εύ
1561 2105 1588 2124 ω
1614 2094 1729 2124 servio.
1767 2091 1820 2126 ἀεὶ
1843 2092 1899 2127 τὸν
1917 2088 2009 2139 ἄνδρ’
2028 2091 2159 2140 ἔπεμπε
2176 2092 2220 2128 λα
2248 2134 2251 2139 .

1309 2138 1391 2173 οντά
1414 2151 1462 2184 τῳ
1490 2139 1544 2170 Tr.
1567 2136 1611 2171 35
1637 2140 1829 2172 Herculem.
1876 2138 2023 2187 μόχθοις
2047 2139 2250 2188 λατρεύων1

1308 2184 1508 2232 ὑπερτάτοις
1535 2184 1664 2231 βροτῶν
1690 2186 1745 2219 OC
1774 2184 1851 2220 105.
1896 2188 2009 2220 Priore
2032 2189 2120 2230 loco,
2151 2192 2190 2222 ut
2215 2194 2246 2217 -ἶ

1307 2235 1435 2266 vocales
1453 2235 1626 2273 ambiguae
1645 2237 1722 2265 ante
1739 2245 1779 2279 τρ
1796 2245 1838 2280 κρ
1857 2233 1897 2280 βρ
1910 2262 1918 2276 ‚
1937 2236 1973 2267 in
1991 2237 2055 2267 arsi
2074 2248 2094 2268 α
2111 2237 2253 2283 produ»-

1378 2289 1542 2338 Λάτρις
1568 2292 1730 2332 Γαιηαιιιιι,
1750 2302 1871 2324 servus.
1908 2290 2008 2339 Λυδῇ
2025 2292 2159 2340 γυναικί
2189 2312 2211 2323 ἰ

1307 2338 1423 2385 λάτριν
1443 2341 1558 2372 πονεῖν
1579 2340 1634 2370 Tr.
1656 2337 1713 2371 70.
1760 2340 1926 2372 Accentus
1945 2345 2016 2382 est,
2031 2342 2172 2382 'qualem
2187 2347 2248 2384 cof*

1309 2388 1365 2418 siti
1385 2390 1514 2427 oportet
1533 2396 1616 2418 esse.
1646 2397 1677 2418 v,
1699 2387 1765 2418 EM
1781 2397 1815 2427 p.
1838 2385 1917 2426 557,
1941 2384 1996 2419 36.
2232 2388 2233 2393 ’

1380 2442 1409 2478 A
1421 2442 1443 2478 ἇ
1454 2437 1500 2477 τύ
1511 2456 1535 2477 π
1545 2456 1563 2478 ο
1574 2456 1589 2482 ς
1608 2445 1762 2485 lapicida.
1785 2443 1957 2483 λατύπους
1972 2444 2010 2479 δὲ
2025 2443 2111 2491 Σοφ.
2129 2445 2186 2490 (fr.
2209 2450 2236 2478 'z-

1309 2490 1405 2535 477),
1431 2490 1517 2525 ὅπου
1534 2490 1593 2524 καὶ
1612 2490 1771 2538 ἐργαλεῖα
1788 2496 1856 2525 τῶν
1873 2490 2035 2526 λατύπων
2054 2491 2212 2538 ὀνομάζει
2234 2491 2247 2521 3”

1310 2537 1369 2572 καὶ
1386 2537 1547 2584 γλαρίδας
1564 2540 1646 2570 Poll.
1669 2537 1702 2579 7,
1725 2536 1802 2571 118.

1380 2594 1408 2630 A
1421 2590 1443 2630 ἅ
1453 2609 1477 2643 φ
1487 2594 1506 2629 ὖ
1519 2609 1536 2642 ρ
1547 2608 1614 2630 ον,
1634 2598 1759 2630 Plurali
1777 2608 1916 2630 numero
1933 2599 2000 2630 dici
2017 2599 2152 2630 solitum
2162 2607 2215 2639 ρι’
2240 2596 2246 2608 ³

1310 2645 1390 2676 bello
1413 2648 1547 2684 partam
1571 2645 1749 2684 significat.
1794 2643 1905 2682 πάσας
1935 2643 2057 2690 ἀρετᾶς
2082 2641 2240 2691 λάφυρ’,,,

1310 2692 1365 2723 Tr.
1393 2688 1461 2722 646
1479 2691 1530 2722 ch.
1577 2691 1614 2724 σὲ
1639 2690 1849 2738 παγχρύσοις
1873 2690 1988 2736 στέψω
2011 2690 2177 2739 λαφύροις
2275 2720 2278 2726 .

1309 2748 1388 2771 auro
1406 2748 1449 2770 ex
1465 2739 1586 2778 praeda
1603 2739 1744 2779 redacto,
1768 2749 1885 2771 corona
1902 2749 2013 2770 aurea.
2237 2742 2240 2744 ’

1380 2789 1477 2843 Ad‘ty⁶
1485 2807 1535 2842 νη
1569 2799 1668 2828 villus
1702 2799 1808 2829 lanae.
1855 2795 2012 2830 σπάσασα
2044 2795 2185 2843 κτησίου
2218 2826 2236 2845 β

1308 2842 1441 2890 λάχνην
1461 2846 1515 2877 Tr.
1539 2841 1618 2876 690.
1642 2862 1682 2867 —
1710 2845 1762 2876 De
1780 2848 1856 2876 tono
1873 2855 1904 2876 v.
1928 2845 2004 2876 Arc.
2024 2854 2058 2885 p.
2083 2839 2235 2886 110,1;·-ι

1379 2895 1575 2948 **Λο“ἰχος
1601 2912 1680 2935 sore.
1724 2900 1911 2935 κωκύσασα
1937 2901 1999 2947 μὲν
2023 2904 2084 2936 τοῦ
2102 2899 2178 2948 πρὶν
2202 2904 2230 2936 ’νὴ

1308 2961 1366 2987 τος
1390 2946 1578 2995 Μεγαρέως
1601 2947 1734 2983 κλεινὸν
1761 2947 1888 2996 λάχος,
1925 2947 2024 2986 αὖθις
2050 2947 2088 2982 δὲ
2113 2946 2233 2993 τοῦδξΙ

1312 2994 1413 3029 1303.
1458 2997 1512 3029 Sic
1537 2997 1652 3028 Herm.
1682 2995 1731 3040 [et
1755 2995 1877 3041 Dind.]
1911 3006 1954 3028 ex
1979 2996 2092 3028 Bothii
2119 2993 2233 3032 coni->J

1310 3045 1501 3084 Megareum
1520 3044 1665 3076 eundem
1682 3045 1795 3085 Intpp.
1818 3053 1891 3076 esse
1907 3046 2088 3084 putarunt,
2109 3043 2168 3084 qui
2190 3040 2232 3082 si]

1310 3101 1389 3123 ceus
1407 3091 1563 3131 Euripidi
1587 3092 1696 3122 dictus
1723 3100 1803 3123 ense
1829 3100 1889 3132 per
1906 3100 2024 3130 corpus
2041 3091 2178 3130 traiecto
2266 3126 2267 3130 Ἰ

1310 3139 1460 3170 draconis
1485 3148 1621 3179 specum
1648 3139 1864 3179 praecipitem
1888 3138 2041 3178 dederat;
2070 3137 2111 3168 de
2135 3146 2156 3178 q
2177 3142 2229 3180 ¹⁸]

1309 3186 1595 3226 interpretantur,
1624 3185 1711 3226 quod
1737 3185 1774 3215 in
1798 3185 1892 3219 libris
1910 3185 2064 3216 omnibus
2083 3187 2146 3224 est,
2170 3178 2216 3222 λ’

1311 3232 1356 3263 Et
1380 3230 1479 3276 εὐνήν
1505 3233 1553 3263 sic
1576 3232 1643 3263 dici
1661 3235 1788 3263 certum
1801 3257 1808 3271 ,
1836 3229 1940 3278 λέχος
1960 3231 1999 3262 de
2018 3230 2094 3262 nido
2111 3230 2175 3275 avi>
2283 3233 2286 3238 '

1311 3280 1402 3310 nime
1420 3279 1460 3310 de
1476 3279 1663 3310 belluarum
1682 3279 1849 3310 cubilibus
1868 3279 2042 3309 usitatum.
2064 3274 2224 3320 ΑοοθᾱίΓ
