2288 3600
297 135 392 183 140

291 253 350 285 hos
367 253 548 285 versiculos
572 256 631 286 aut
654 254 691 285 in
709 263 817 285 unum
834 254 1092 295 contrahendos,
1122 257 1180 286 aut
1202 253 1305 294 priori

291 300 517 332 adiiciendum
541 311 579 346 γε
600 310 720 333 censeo
735 326 742 341 ,
764 301 851 333 sicut
867 303 903 333 in
921 301 1159 343 antistrophico
1175 295 1236 335 τάν
1253 298 1305 347 [γε

290 348 361 380 loco
385 349 494 379 alieno
519 349 559 380 ab
585 353 765 380 correctore
781 349 928 389 positum
955 350 1073 388 videri,
1102 349 1200 389 Soph.
1229 358 1305 380 vero

291 396 431 427 fortasse
449 396 623 436 scripsisse
641 397 701 429 σοῦ
725 392 753 441 γ’
779 394 1022 442 ἀμπεφηνότος
1048 397 1183 428 adnotat
1199 396 1302 428 Dind.

291 442 385 476 PSG.
416 443 468 474 ed.
498 439 546 485 5].
583 443 629 474 At
661 453 739 475 vere
773 441 971 488 ὑπερβάτως
1004 444 1151 483 positum
1185 443 1238 474 his
1271 444 1306 474 in

292 491 459 530 exemplis
475 491 661 531 reperitur:
692 488 755 524 οὐκ
773 488 840 535 ἐρῶ
859 487 989 535 Φοίβου
1007 484 1036 536 γ’
1055 487 1111 523 ἀπ’
1129 488 1233 523 αὐτοῦ
1252 490 1308 521 OR

292 534 372 569 712.
401 538 530 569 Debuit
546 539 637 569 enim
656 531 713 570 ἀπ’
738 536 842 571 αὐτοῦ
866 549 902 584 γε
920 539 997 578 dici,
1026 548 1102 570 cum
1120 539 1238 579 Apollo
1254 539 1307 578 ip-

293 585 364 616 sius
381 588 567 626 opponatur
584 586 826 626 interpretibus
851 596 878 618 s.
899 583 1112 631 ὑποφήταις,
1141 586 1201 626 qui
1218 582 1307 628 ὑπη-

295 630 387 676 ρέται
411 633 484 664 illic
511 632 683 664 dicuntur.
710 631 824 678 ὥσπερ
848 625 878 678 γ’
906 631 929 678 ἡ
956 632 1055 679 φάτις
1076 634 1199 678 κρατεῖ
1224 629 1304 665 715.

293 680 460 719 Legitima
477 681 651 712 verborum
669 681 788 721 positio
802 681 883 712 haec
901 685 988 712 erat:
1011 679 1125 723 ὥσπερ
1142 677 1165 725 ἥ
1185 691 1222 724 γε
1241 679 1309 725 φά-

291 737 354 764 τις.
391 725 523 760 ἐκείνου
552 724 581 772 γ’
613 725 697 761 οὖσα
719 725 890 773 παντελὴς
923 726 1036 773 δάμαρ
1070 724 1149 759 930.
1194 729 1309 760 Potest

293 774 429 816 quidem
447 774 487 806 ad
503 784 684 814 pronomen
702 776 821 807 referri
837 776 1011 816 particula,
1029 775 1087 807 sed
1103 775 1193 806 haud
1209 776 1309 816 paulo

294 826 407 853 tamen
426 822 554 862 gravior
570 822 652 854 haec
669 826 720 854 est
738 824 907 854 sententia
924 820 1095 867 παντελής
1112 820 1159 867 ῗγε
1177 820 1309 855 ἐκείνου

293 867 407 915 δάμαρ
425 866 520 902 οὖσα.
540 873 614 906 πῶς
634 863 662 902 δ’
677 867 756 915 οὐχί
773 867 894 914 (οἶδα),
914 872 997 903 παῖς
1012 866 1040 914 γ’
1064 868 1094 903 εἰ
1108 868 1217 903 τῶνδε
1233 880 1310 915 γεν-

291 920 404 962 νητῶν
423 913 525 963 ἔφυν;
550 914 652 949 1015.
675 918 803 949 Debuit
813 919 925 958 potius
943 918 1007 949 dici
1017 914 1049 950 εἴ
1065 928 1102 962 γε
1116 920 1197 954 παῖς
1212 915 1307 963 ἔφυν,

293 964 452 1004 siquidem
484 964 572 1005 filius
603 974 676 995 sum
688 975 698 995 :
733 974 796 997 nec
830 966 921 996 enim
947 966 1029 1001 παῖς
1062 965 1311 1005 pronuntiando

293 1011 501 1051 erigendum.
522 1009 581 1044 καὶ
601 1010 669 1056 μὴν
689 1010 862 1057 φρονοῦσά
879 1006 908 1058 γ’
925 1010 961 1045 εὖ
978 1010 1021 1044 τὰ
1039 1010 1155 1057 λῷστά
1178 1023 1230 1045 σοι
1253 1009 1311 1045 λέ-

292 1070 344 1104 γω
364 1055 465 1090 1066.
496 1059 560 1090 Vel
584 1057 643 1091 καὶ
670 1058 740 1104 μήν
757 1070 794 1105 γε
819 1061 873 1091 vel
890 1057 927 1092 εὖ
952 1071 989 1104 γε
1007 1061 1179 1105 φρονοῦσα
1196 1060 1311 1091 dicen-

292 1108 373 1138 dum
391 1107 468 1137 fuit.
506 1104 569 1152 οὐγ
598 1105 684 1138 ὥστε
707 1100 736 1152 γ’
762 1105 869 1140 εἰπεῖν
894 1105 928 1140 ἐν
952 1106 1051 1153 τάγει
1070 1106 1219 1153 μνήμης
1246 1104 1311 1140 ὕπο

295 1150 397 1186 1131.
425 1154 548 1185 Verius
564 1148 642 1185 'erat
667 1151 705 1187 οὔ
724 1165 772 1199 γε,
802 1153 889 1187 ὥστε
906 1149 1025 1194 εἰπεῖν’,
1047 1164 1238 1195 quanquam
1255 1156 1311 1185 in-

295 1202 459 1232 usitatum
477 1201 622 1241 videtur,
652 1205 691 1232 ut
709 1203 784 1241 quis
803 1202 995 1243 suspicetur
1012 1202 1226 1233 scribendum
1246 1199 1309 1247 οὐγ

294 1247 382 1281 ὥστε
401 1241 434 1292 μ’
459 1246 581 1281 εἰπεῖν.
604 1266 645 1271 -
673 1246 770 1294 εἴπερ
797 1247 868 1282 ἐστί
885 1246 913 1294 γ’
941 1247 1159 1294 ἐξοικήσιμος
1177 1249 1232 1282 OC
1250 1242 1312 1281 27.¹

292 1296 440 1327 Brunck.
470 1292 566 1340 εἴπερ
584 1295 614 1341 γ’
642 1293 742 1329 ἐστίν.
771 1297 916 1329 Probum
934 1300 1029 1328 vocat
1045 1298 1218 1337 vulgatum
1235 1307 1312 1328 ver-

291 1344 409 1375 borum
426 1343 576 1375 ordinem
597 1342 744 1384 Schaef.,
771 1347 805 1375 et
822 1347 923 1384 recte,
946 1345 973 1375 si
988 1354 1100 1384 usum,
1130 1354 1195 1376 non
1213 1354 1310 1376 seve-

292 1392 412 1422 riorem
430 1391 529 1431 paulo
546 1391 707 1422 rationem
727 1392 925 1423 consideres.
955 1393 995 1423 In
1013 1392 1093 1423 Ant.
1109 1388 1189 1431 736,
1212 1389 1309 1435 ἄλλῳ

292 1435 356 1483 γὰρ
373 1434 396 1482 ἢ
415 1431 484 1482 ’μοὶ
499 1436 570 1484 γρή
589 1448 627 1484 γε
649 1437 708 1479 [sic
727 1439 804 1470 LA:
835 1450 878 1482 με
896 1439 999 1470 Dind.
1022 1449 1049 1470 c.
1071 1436 1193 1482 Dobr.]
1214 1435 1310 1482 τῆσδ’

291 1483 410 1532 ἄρχειν
441 1479 570 1531 χθονός
604 1485 706 1517 nolim
730 1497 768 1531 γε
791 1486 831 1518 ad
853 1484 924 1532 χρή
952 1487 1088 1526 referre,
1118 1496 1204 1527 quae
1221 1487 1308 1518 Her-

292 1534 408 1565 manni
427 1533 597 1564 sententia
614 1535 666 1564 est
682 1532 805 1573 Opusc.
828 1530 862 1574 3,
882 1530 970 1574 2543
994 1543 1070 1565 nam
1088 1537 1217 1573 oportet
1229 1534 1310 1566 adeo

293 1581 358 1611 iam
378 1581 469 1612 inest
485 1581 519 1611 in
538 1577 601 1624 γὰρ
617 1577 700 1625 χρή,
730 1581 783 1612 Ad
801 1578 878 1624 ἐμοί
896 1582 996 1612 refer.
1035 1578 1146 1626 μάτην
1164 1579 1240 1626 γάρ,
1270 1579 1309 1614 ἂν

293 1624 393 1674 εἴπῃς
415 1638 471 1673 γε,
499 1625 595 1661 πάντ’
619 1627 791 1673 εἰρήσεται
814 1628 874 1660 Ph.
899 1625 1002 1668 1276,
1031 1625 1072 1661 ἅν
1097 1639 1134 1674 γε
1161 1638 1203 1659 ex
1221 1639 1310 1660 more

293 1675 418 1706 usitato
436 1676 621 1715 copulanda
639 1677 745 1707 fuere.
775 1672 850 1708 ἴσθι
873 1687 925 1710 τοι
942 1673 1083 1709 τίσουσά
1100 1669 1129 1721 γ’
1146 1673 1240 1714 ἀξίαν
1259 1673 1310 1708 δί-

293 1732 360 1767 κην
382 1722 436 1754 El.
458 1718 539 1754 290.
576 1723 646 1754 Aut
670 1720 765 1762 ἀξίαν
794 1733 831 1767 γε
854 1727 912 1754 aut
937 1720 1036 1768 δίκην
1063 1724 1307 1763 coniungenda.

1037 135 1224 202 Γέγωνα
1253 165 1315 172 -

2231 0 2288 33 1:⁷³⁸.

1343 135 1443 184 Γείν
1450 135 1588 192 ασθαι
2047 149 2075 192 [1
2086 159 2121 191 p.
2142 144 2288 183 348—*34

1343 254 1443 286 schol.
1465 254 1582 294 Rom.;
1612 254 1671 286 LA
1694 247 1755 291 τάς
1777 265 1807 287 τ.
1855 253 1902 292 ὡς
1920 253 1969 300 μή
1996 248 2026 302 γ’
2042 252 2175 300 ἄτιμον,
2195 252 2288 292 root

1342 312 1379 347 γε
1402 299 1594 347 προστάτην
1612 299 1686 347 ἀφῇ
1705 312 1743 348 γε
1763 298 1864 335 1278.
1893 303 1996 335 Dind.
2017 311 2044 334 c.
2061 303 2120 335 LA
2134 305 2168 335 et
2185 303 2286 336 Tricl.

1345 343 1379 394 μ’
1404 346 1577 393 ἄτιμον...
1592 346 1666 397 ἀφῇ
1692 359 1746 394 με,
1772 359 1854 390 quos
1879 351 2032 390 sequitur
2046 350 2172 389 Reisig.
2201 351 2288 383 itera*

1344 405 1523 437 pronomen
1544 407 1586 440 με
1603 397 1731 438 aliquot
1747 398 1914 437 exemplis
1922 397 2119 430 defendens.
2150 394 2262 444 Ἰόλην
2279 395 2288 432 ί

1346 442 1414 484 ξας,
1437 442 1483 480 ὥς
1500 442 1530 489 γ’
1558 437 1748 482 ἐπεικάζειν
1766 441 1829 488 ἐμέ
1848 444 1904 476 Tr.
1920 441 2021 476 1220.
2043 444 2098 478 Sic
2115 444 2263 484 Schaet,
2281 445 2288 478 1

1345 490 1443 523 ὥστε.
1460 509 1500 514 -
1514 491 1635 522 Contra
1649 492 1729 523 alibi
1741 492 1854 523 minus
1867 495 1957 523 recte
1969 502 2008 537 γε
2023 492 2060 524 in
2074 493 2169 524 libris
2183 493 2288 534 script

1347 531 1477 584 ἐγῷδα,
1504 536 1608 582 τῆσδε
1625 549 1662 571 τε
1681 532 1816 583 μαντεῖ’
1839 536 1976 572 άκοὺων·
1992 549 2029 572 τε
2045 536 2106 578 τάξ
2131 537 2217 584 ἐμοῦ
2234 537 2288 574 πα]

1347 597 1438 631 φατα
1454 585 1510 618 OC
1528 583 1607 617 452.
1631 586 1690 618 LA
1706 583 1811 630 τῆσδε
1833 597 1888 631 γε,
1916 587 2004 627 quod
2026 587 2177 619 idoneam
2195 587 2288 620 ratio:

1347 642 1412 665 non
1424 633 1534 664 habet.
1551 644 1587 666 τε
1597 634 1744 665 Brunck.
1775 631 1870 667 αἰτοῦ
1882 631 1922 666 σύ
1938 627 1966 666 τ’
1984 631 2096 672 αὐτός,
2116 632 2172 667 κεῖ
2186 644 2237 672 τις
2254 631 2288 668 ἅ)

1347 679 1419 713 ἀντὶ
1437 682 1498 713 σοῦ
1515 677 1596 712 488.
1627 681 1681 713 Sic
1697 683 1787 712 recte
1806 690 1848 712 ex
1866 681 1995 713 duobus
2012 681 2106 713 codd.
2128 682 2218 713 Reis.
2239 681 2288 714 He

1347 728 1465 759 Elmsl.
1483 728 1586 760 Dind.
1618 728 1676 759 LA
1694 726 1734 760 σύ
1751 724 1780 773 γ’
1798 725 1910 768 αὐτός,
1931 729 2019 769 quod
2037 739 2055 760 a
2072 738 2173 760 sensu
2191 729 2288 761 alieni

1349 785 1451 806 mum.
1474 772 1574 812 αὐτός
1587 769 1616 806 τ’
1635 773 1784 820 ἐμαυτοῦ
1798 769 1989 821 ξυμμάχων
2005 786 2042 808 τε
2057 779 2127 809 τῶν
2145 774 2240 821 ἐμῶν
2255 772 2288 809 1Ξ

1348 823 1514 864 Apertum
1532 823 1693 854 mendum
1718 833 1755 868 γε
1781 832 1895 854 omnes
1913 823 1989 855 libri
2013 826 2154 855 tuentur
2171 824 2212 855 de
2230 824 2288 856 Rei

1347 871 1516 902 sententia
1542 871 1722 901 sublatum.
1753 868 1801 915 μή
1830 869 1866 903 σέ
1890 863 1918 903 τ’
1943 867 2044 904 αὐτὸν
2069 869 2128 904 καὶ
2151 868 2250 904 πόλιν
2267 868 2285 904 δ

1347 916 1434 964 γάσῃ
1456 914 1546 948 1417
1563 921 1653 949 recte
1672 918 1775 949 Dind.
1794 921 1869 959 post
1886 917 2112 949 Brunckium:
2133 919 2210 950 libri
2227 928 2288 950 run

1349 963 1397 1010 μή
1425 962 1462 997 σέ
1485 975 1539 1010 γε,
1569 965 1747 996 defensum
1773 975 1791 996 a
1817 965 1947 997 Schaef.
1968 965 2123 998 advocata
2139 966 2280 998 formula

1349 1010 1397 1057 μή
1411 1023 1459 1058 γε,
1477 1012 1531 1043 cui
1545 1012 1654 1043 locum
1668 1012 1723 1043 hic
1736 1021 1801 1043 non
1815 1022 1888 1044 esse
1901 1013 2054 1044 observat
2066 1013 2183 1044 Elmsl.
2214 1010 2288 1060 orel:

1349 1070 1409 1104 μεν
1435 1057 1505 1104 ἤδη
1533 1056 1612 1104 μηδ’
1640 1053 1685 1092 ἔτ’
1709 1057 1954 1104 ἐντρεπώμεθα
1981 1056 2082 1092 1541.
2104 1060 2163 1092 LA
2189 1057 2277 1106 μηδέ

1348 1117 1414 1139 non
1432 1107 1518 1138 male
1544 1110 1703 1147 tanquam
1721 1104 1976 1153 προσληπτικόν
1993 1110 2109 1139 tuetur
2127 1108 2252 1148 Reisig.
2274 1115 2288 1150 1

1349 1155 1451 1195 lisper
1475 1157 1637 1185 mutatam
1661 1155 1753 1186 illam
1779 1155 1978 1195 scripturam
2006 1153 2054 1199 μὴ
2083 1152 2120 1188 δέ
2135 1165 2191 1200 γε,
2221 1163 2288 1196 quo*

1347 1203 1440 1233 libris
1457 1202 1630 1242 plerisque
1648 1205 1717 1242 est3
1740 1202 1797 1232 PA
1817 1199 1925 1247 μηδέν
1949 1212 1997 1246 γε.
2022 1195 2102 1247 μηδ’
2120 1198 2168 1234 ἔτι
2185 1203 2225 1234 ab
2242 1201 2288 1235 He

1349 1253 1382 1281 et
1401 1250 1491 1280 Reis.
1506 1252 1568 1280 est.
1601 1246 1694 1286 ὅπως
1714 1244 1831 1295 μάθῃς
1848 1245 2002 1282 οὕστινάς
2018 1242 2046 1281 τ’
2062 1246 2154 1295 ἄγεις
2168 1246 2248 1290 ἔσω,
2268 1248 2288 1284 d

1349 1294 1447 1329 οὐδὲν
1465 1294 1670 1340 εἰσήκουσας
1687 1293 1846 1343 ἐκμάθῃς
1861 1295 1891 1341 γ’
1918 1293 1940 1328 ἃ
1958 1293 2010 1329 δεῖ
2027 1297 2082 1328 Tr.
2105 1293 2184 1328 337.
2215 1294 2288 1332 Sici

1347 1345 1474 1384 triplici
1490 1354 1545 1388 γε,
1574 1345 1661 1384 quod
1679 1345 1716 1375 in
1732 1344 1827 1375 libris
1844 1347 1896 1375 est
1923 1343 1994 1385 [LA
2011 1339 2058 1385 θ’,
2077 1344 2180 1376 Dind.
2203 1347 2288 1377 neufl

1347 1389 1446 1435 rec.]‚
1467 1393 1626 1432 offensus,
1649 1391 1740 1432 quod
1757 1401 1818 1432 per
1842 1401 1877 1422 se
1895 1391 2031 1432 quidem
2048 1391 2288 1431 vituperabile¹

1347 1442 1410 1478 est,
1431 1439 1489 1470 sed
1507 1448 1573 1470 non
1592 1439 1751 1470 convenit
1768 1439 1808 1470 ad
1825 1439 2029 1470 sententiam
2047 1435 2202 1476 οὕστινας
2225 1430 2288 1473 ‘t’d

1347 1489 1381 1517 et
1407 1483 1566 1531 ἐκμάθῃς
1592 1486 1639 1519 ὧν
1666 1483 1764 1518 οὐδὲν
1790 1484 1995 1531 εἰσήκουσας
2013 1487 2170 1525 coniungi
2187 1486 2288 1528 postu!

1347 1538 1428 1565 tem.
1458 1532 1487 1566 εἰ
1505 1531 1542 1567 δέ
1559 1544 1608 1570 τις
1626 1530 1716 1567 θεῶν
1735 1530 1890 1576 βλάπτοι,
1914 1530 2015 1578 φύγοι
2031 1529 2092 1565 τᾶν
2109 1532 2165 1579 χώ
2181 1523 2288 1576 κακὸέζ

1347 1578 1526 1626 κρείσσονα
1544 1582 1598 1613 Ai.
1620 1577 1700 1612 456.
1723 1581 1783 1612 LA
1808 1576 1834 1626 γ’
1863 1577 1927 1613 ἄν.
1955 1577 2017 1613 τᾶν
2043 1580 2288 1622 scribendumi>¹¹

1348 1629 1480 1660 monuit
1497 1629 1614 1660 Elmsl.
1637 1625 1702 1664 ἕως
1731 1626 1793 1671 μὲν
1810 1626 1867 1661 τὸν
1884 1626 2089 1672 κασίγνητον
2107 1626 2171 1674 βίῳ
2190 1623 2288 1669 &dm

1347 1670 1376 1708 τ’
1401 1674 1582 1720 εἰσήκουον
1611 1676 1664 1707 El.
1686 1671 1766 1715 952,
1796 1685 1895 1716 quam
1923 1677 2122 1716 scripturam
2146 1679 2236 1707 recte
2259 1672 2288 1709 Ἧι

1349 1724 1513 1764 explicuit
1538 1721 1572 1756 ἐν
1600 1721 1683 1768 βίῳ,
1706 1732 1767 1754 nec
1784 1726 1897 1754 tamen
1915 1732 2010 1764 opus,
2033 1724 2128 1763 quasi
2147 1715 2288 1765 pueruli}

293 1769 349 1802 Sic
366 1770 496 1811 explico
510 1770 611 1801 etiam
629 1769 723 1816 σφῷν
741 1763 770 1802 δ’
787 1768 919 1804 ἐννέπω
936 1781 973 1816 γε
989 1772 1063 1803 τοῖν
1082 1771 1311 1816 παρεστώτοιν
1349 1771 1451 1810 gendi
1484 1771 1651 1811 imperitis
1685 1770 1801 1809 tragici
1836 1770 1996 1808 edantur,
2034 1774 2109 1810 post
2142 1768 2206 1815 βίῳ
2237 1770 2288 1851 ing

295 1812 396 1855 1367,
419 1817 479 1848 ubi
493 1818 596 1849 Dind.
618 1828 645 1849 c.
663 1818 779 1849 Herm.
802 1815 932 1851 ἐννέπω
958 1817 1009 1862 γώ
1027 1818 1137 1857 dedit,
1159 1819 1311 1850 referen-
1349 1819 1495 1850 Brunck.
1510 1822 1544 1850 et
1555 1818 1684 1850 Schaef.
1703 1813 1878 1850 θάλλοντά
1894 1827 1943 1862 γε,
1960 1818 2074 1849 Reisk.
2093 1818 2171 1849 olim
2185 1815 2276 1861 [etDv

293 1863 374 1895 dum
388 1867 499 1896 autem
513 1875 551 1910 γε
564 1865 605 1896 ad
620 1866 705 1898 τοῖν.
723 1864 750 1897 ὦ
768 1862 903 1910 τλῆμον
919 1859 1059 1906 Ἑλλάς,
1075 1863 1195 1911 ἀνδρὸς
1212 1863 1313 1898 τοῦδέ
1348 1859 1509 1899 θάλλοντ’
1536 1861 1579 1898 ἔτ’
1608 1863 1788 1908 εἰσήκουον
1807 1866 1970 1896 tentabat.
2008 1865 2060 1896 De
2077 1865 2230 1896 formulis
2249 1856 2288 1931 *req

293 1905 324 1956 γ’
347 1909 377 1943 εἰ
403 1909 614 1958 σφαλήσεται
638 1913 694 1944 Tr.
718 1909 820 1944 1113.
860 1913 999 1944 Rectius
1017 1916 1088 1945 erat
1105 1910 1136 1945 εἴ
1158 1924 1196 1957 γε
1221 1906 1313 1946 τοῦδ’
1347 1907 1376 1945 τ’
1395 1911 1527 1958 ἀνάγκη
1547 1916 1581 1944 et
1597 1909 1711 1956 πολλή
1731 1905 1761 1957 γ’
1785 1910 1931 1958 ἀνάγκη,
1960 1921 2102 1952 quorum
2118 1912 2203 1944 illud
2220 1911 2288 1948 El..

293 1956 417 2002 ἀνδρός
433 1962 492 1990 aut
509 1957 538 1992 εἰ
563 1956 684 2005 ἀνδρός
702 1970 739 2005 γε
755 1956 866 1992 τοῦδε.
888 1958 917 1993 εἰ
941 1961 1002 1993 σοῦ
1020 1956 1049 2005 γ’
1074 1953 1122 1993 ὅδ’
1148 1958 1236 2006 ἁνήρ
1254 1961 1308 1992 Ai.
1348 1970 1366 1991 a
1383 1961 1479 1992 libris
1496 1961 1668 2000 plerisque
1685 1959 1868 1990 exhibetur
1885 1969 1986 1991 sensu
2005 1968 2148 1998 cassum,
2170 1947 2288 2000 dicuni

295 2002 396 2038 1268.
427 2006 482 2039 Sic
498 2006 646 2047 denique
663 2009 752 2038 recte
771 2007 872 2039 habet
888 2008 947 2039 ille
964 2017 1081 2039 versus
1099 2008 1214 2039 inutili
1232 2017 1311 2039 con·
1349 2009 1384 2039 in
1411 2019 1443 2039 v,
1465 2005 1611 2052 ἀνάγκη.
1647 2008 1686 2038 In
1706 2007 1762 2038 Tr.
1788 2003 1889 2039 1211.
1915 2003 2027 2040 τᾶλλα
2052 2003 2081 2052 γ’
2105 2003 2244 2052 ἔργασαι

292 2054 472 2086 iectatione
497 2055 537 2085 ab
561 2054 677 2086 Herm.
706 2057 857 2086 tentatus
890 2055 946 2087 Ai.
966 2051 1055 2086 812:
1085 2053 1232 2094 *σώζειν
1251 2050 1312 2087 θέ-

292 2098 411 2138 λοντες
433 2097 540 2145 ἄνδρα
563 2097 590 2146 γ’
621 2099 657 2138 ὃς
675 2098 805 2149 σπεύδῃ
824 2098 941 2135 θανεῖν
969 2099 1062 2145 [secl.
1091 2100 1226 2146 Dind.].
1253 2099 1313 2135 θε-

294 2145 413 2185 λοντές
429 2159 467 2193 γε
490 2152 571 2180 sunt
595 2149 784 2188 iungenda,
816 2159 881 2190 quo
899 2150 984 2181 facto
1001 2150 1196 2181 offensionis
1216 2159 1313 2181 causa

295 2195 436 2227 tollitur.
481 2195 546 2228 Sed
564 2205 629 2228 non
654 2199 734 2227 sunt
759 2205 836 2227 cum
858 2196 1042 2237 hyperbato
1067 2197 1156 2228 dicta
1175 2197 1231 2228 Tr.
1253 2193 1309 2228 67.

294 2242 347 2274 EI.
371 2238 473 2274 1221.
495 2243 550 2275 Ai.
570 2240 628 2275 84.
648 2261 753 2275 —.—
772 2242 787 2284 ss
805 2243 923 2275 Multis
940 2245 1020 2275 locis
1038 2245 1192 2284 ambigua
1210 2248 1260 2276 est
1277 2245 1311 2275 in

294 2290 356 2321 hac
372 2290 550 2330 particula,
571 2294 630 2322 aut
646 2294 757 2322 tamen
778 2291 955 2322 sollicitata
968 2289 1145 2332 scriptura.
1166 2292 1314 2323 Maximo

296 2337 458 2368 confundi
475 2338 583 2369 solent
600 2338 635 2369 in
653 2338 748 2369 libris
773 2349 818 2381 γε
834 2342 869 2369 et
884 2349 940 2371 τε.
968 2335 1039 2370 τόδ’
1057 2335 1233 2383 ἐξύπερθε,
1253 2336 1313 2371 καὶ

297 2381 412 2426 στίβου
426 2377 455 2429 γ’
473 2381 585 2422 οὐδεὶς
602 2382 733 2422 κτύπος
750 2385 812 2416 Ph.
834 2381 891 2417 29.
922 2386 976 2418 Sic
994 2386 1094 2417 Tricl.
1117 2389 1218 2418 recte.
1254 2386 1313 2417 LA

296 2428 413 2475 στίβου
428 2441 477 2472 τε,
498 2432 586 2472 quod
602 2432 763 2464 vitiosum
775 2458 783 2473 ,
810 2442 877 2464 non
895 2433 985 2474 quod
1008 2433 1175 2464 indictum
1193 2433 1237 2464 sit
1254 2430 1314 2466 καὶ

298 2497 339 2503 -
357 2489 394 2511 τε
406 2504 414 2518 ,
444 2479 503 2510 sed
520 2479 608 2520 quod
629 2489 666 2511 τε
691 2489 768 2511 cum
785 2481 962 2519 negatione
980 2481 1164 2512 coalescere
1182 2482 1216 2511 in
1237 2477 1314 2513 οὔτε

297 2526 392 2557 solet.
421 2523 522 2559 ποίου
539 2537 578 2572 γε
592 2524 715 2559 τούτου
734 2523 825 2572 πλήν
842 2523 871 2572 γ’
899 2520 1091 2564 Ὀδυσσέως
1109 2525 1218 2573 ἐρεῖς;
1247 2527 1309 2558 Ph.

295 2569 376 2604 441.
409 2572 457 2614 [τε
481 2574 623 2605 absurde
651 2574 730 2614 LA,
759 2571 797 2606 δὲ
824 2584 850 2605 c.
880 2574 967 2606 Flor.
999 2575 1188 2606 Christiano
1212 2575 1308 2606 Brck.

296 2620 379 2652 ch.
402 2620 522 2662 Dind.]
545 2638 586 2643 —
607 2618 711 2664 μόνον
728 2617 804 2654 θεοὶ
830 2619 969 2659 σώζοιεν
996 2618 1036 2655 ἔκ
1060 2632 1098 2667 γε
1119 2619 1225 2667 τῆσδε
1248 2623 1313 2667 γῆς

296 2663 377 2698 528.
407 2667 478 2699 Erf.
507 2677 551 2699 ex
578 2667 766 2700 Gernhardi
791 2668 958 2709 quondam
984 2669 1173 2701 coniectura
1200 2666 1247 2702 ἔκ
1271 2679 1313 2701 τε

298 2723 366 2745 non
382 2714 480 2751 male,
502 2715 561 2746 sed
574 2718 708 2755 praeter
725 2717 973 2748 necessitatem.
1004 2713 1117 2755 ἔξοιδα
1135 2713 1163 2748 δ’
1182 2715 1229 2753 ὡς
1249 2713 1314 2760 μέ-

295 2758 348 2793 λει
367 2771 405 2806 γε
425 2757 525 2793 1037.
556 2759 670 2801 ἔξοιδά
693 2772 731 2808 γε
755 2762 828 2794 edd.
850 2766 933 2794 vett.
970 2763 1071 2802 Illud,
1101 2764 1189 2804 quod
1213 2763 1312 2794 unice

296 2817 415 2839 verum
431 2812 493 2848 est,
515 2810 645 2849 primus
662 2810 791 2850 recepit
808 2819 851 2841 ex
869 2810 956 2841 calce
975 2810 1027 2841 ed.
1047 2810 1152 2841 Turn.
1175 2810 1309 2842 Canter.

296 2852 418 2899 ἀνδρός
434 2848 462 2887 τ’
479 2853 617 2901 ἀρίστου
636 2853 804 2900 βασιλέως
821 2850 850 2889 τ’
867 2854 1040 2894 ὀλωλότος
1057 2858 1116 2889 OR
1132 2853 1202 2889 257
1226 2858 1313 2889 bene

296 2902 426 2933 editum
445 2912 487 2934 ex
505 2913 616 2944 apogr.
633 2915 639 2934 :
670 2906 748 2935 ante
766 2904 837 2935 Erf.
859 2914 925 2935 sec.
949 2904 1008 2935 LA
1025 2901 1148 2949 ἀνδρός
1163 2914 1212 2949 γε,
1246 2913 1312 2935 non

297 2949 402 2990 male,
439 2950 497 2980 sed
527 2954 567 2981 ut
596 2950 682 2982 illud
710 2954 824 2982 tamen
850 2951 947 2990 longe
973 2951 1018 2982 sit
1050 2951 1311 2991 significantius.

296 2995 401 3028 Plane
418 2996 466 3027 ita
481 2994 541 3029 καὶ
559 2994 612 3029 σοί
628 3007 664 3029 τε
681 2994 823 3043 τοῦργον
841 2994 934 3030 τοῦτ’
950 2995 968 3035 ἐ
997 2995 1030 3030 οί
1045 2994 1072 3030 τ’
1091 2995 1184 3031 ἔσται
1203 2995 1313 3044 βραγύ

298 3042 354 3075 OC
369 3039 460 3075 1118
477 3053 520 3075 ex
537 3044 653 3075 Herm.
676 3044 809 3076 emend.
831 3045 871 3076 ad
889 3045 944 3076 Tr.
963 3009 1031 3077 5²28
1049 3046 1217 3085 scribitur,
1238 3037 1314 3077 cuin

297 3090 359 3121 LA
375 3090 495 3122 habeat
510 3087 654 3136 τοῦργον
671 3089 798 3136 τούμὸν
816 3089 910 3124 ἔσται
947 3091 995 3138 [γε
1016 3089 1160 3138 τοῦργον
1184 3089 1313 3135 τούμὸν

299 3134 433 3182 εἴρηται
451 3135 628 3181 Spengel]
648 3138 746 3170 Tricl.
764 3149 801 3183 γε
817 3135 961 3185 τοῦργον
985 3136 1114 3184 τούμὸν
1141 3136 1236 3172 ἔσται
1253 3136 1311 3180 δή,

299 3184 424 3223 Reisig.
445 3187 553 3215 totum
571 3185 681 3216 locum
699 3185 936 3217 vehementius
954 3186 1104 3217 refinxit.
1133 3187 1174 3217 In
1193 3187 1253 3218 σοῦ
1272 3182 1311 3226 δ’,

298 3230 327 3264 ὦ
342 3228 476 3271 τέκνον,
497 3229 612 3277 σωτήρ
630 3242 667 3276 γε
683 3231 732 3278 τῷ
747 3226 816 3266 τότ’
834 3230 868 3266 ἐν
886 3230 1002 3279 γρόνῳ
1021 3232 1079 3265 OR
1095 3229 1184 3264 1030
1201 3233 1314 3264 malim

297 3287 344 3310 τε.
367 3277 426 3309 LA
452 3278 512 3310 σοῦ
537 3271 578 3321 γ’,
608 3279 667 3310 sed
692 3280 881 3320 copulativa
897 3273 1073 3320 particula,
1093 3283 1133 3311 ut
1150 3280 1263 3322 nuntii
1281 3283 1315 3311 et

298 3324 418 3365 Oedipi
436 3324 524 3356 dicta
541 3326 630 3357 inter
648 3335 683 3357 se
701 3326 935 3366 concilientur,
956 3327 1074 3367 utique
1089 3335 1184 3367 opus,
1205 3326 1314 3364 Quare

299 3371 403 3403 Dind.
426 3381 453 3402 c.
475 3371 593 3404 Elmsl.
616 3369 665 3412 δέ,
688 3383 717 3404 v.
739 3373 855 3404 Herm.
883 3373 959 3404 adn.
987 3366 1092 3410 εἰτάς
1109 3367 1139 3419 γ’
1162 3367 1315 3416 Ἀθήνας

299 3416 380 3466 φασὶ
406 3412 672 3466 θεοσεβεστάτας
699 3419 753 3456 OC
771 3417 841 3453 260
865 3423 954 3455 recte
971 3420 1120 3455 Brunck.
1143 3420 1247 3457 edidit
1271 3429 1314 3453 ex

1351 2052 1490 2100 ἔργασαι
1517 2055 1617 2086 Tricl.
1646 2054 1789 2085 mutavit
1819 2053 1865 2095 [in
1884 2054 1944 2085 LA
1970 2063 2103 2094 quoque
2121 2065 2146 2098 μ
2163 2005 2288 2135 est],·3

1350 2104 1451 2134 etiam
1468 2103 1585 2144 inepta
1602 2102 1759 2133 correctio
1777 2104 1829 2132 est
1854 2096 1922 2134 οὐδ’
1943 2098 2125 2147 ὑφηγητοῦ
2142 2093 2172 2146 γ’
2197 2098 2255 2134 άνε

1351 2151 1463 2181 minus
1480 2158 1656 2190 perversae
1676 2149 1858 2189 scripturae
1876 2149 2036 2180 librorum
2062 2145 2241 2194 ὑφηγητοῦ
2262 2130 2288 2227 5

1350 2194 1430 2229 502.
1459 2197 1652 2229 Hermanno
1677 2193 1864 2242 ὑφηγητῶν
1889 2193 1969 2229 ἄνευ
1994 2199 2052 2227 aut
2077 2192 2286 2241 ocpny’q‘tossff.)

1351 2242 1453 2287 [quod
1473 2254 1538 2276 rec.
1553 2243 1673 2284 Dind.]
1695 2243 1910 2275 scribendum
1927 2243 2115 2274 videbatur.
2136 2243 2277 2274 Vitiosn‘

1350 2295 1449 2333 ptura
1465 2296 1618 2323 veterum
1636 2291 1711 2322 edd.
1740 2294 1792 2322 est
1816 2287 1855 2323 οὐ
1880 2287 1944 2334 γὰρ
1971 2287 2014 2335 δὴ
2031 2287 2071 2322 τό
2088 2282 2118 2334 γ’
2143 2287 2268 2336 ἀρχαῖ’

1353 2345 1418 2383 μας
1435 2338 1489 2371 OC
1506 2336 1583 2377 110,
1601 2347 1792 2379 quanquam
1807 2339 1847 2369 ab
1860 2338 1979 2368 Elmsl.
2000 2340 2035 2368 et
2046 2337 2193 2377 Reisigio
2209 2346 2244 2368 re
2269 2375 2271 2378 Α

1351 2387 1398 2418 sic
1415 2388 1506 2418 enim
1533 2383 1719 2430 οἰκτείρατε
1746 2385 2015 2416 subaudiendum
2034 2388 2141 2424 esset,
2170 2384 2211 2416 ad
2228 2393 2243 2415 s
2260 2383 2270 2385 ”

1350 2435 1478 2474 inepte.
1508 2434 1610 2465 Recte
1628 2442 1706 2464 vero
1723 2433 1798 2463 libri
1826 2429 1865 2465 οὐ
1889 2428 1953 2477 γὰρ
1972 2429 2014 2476 δὴ
2040 2426 2109 2465 τόδ’
2136 2428 2244 2477 ἀρχαῖ

1352 2487 1428 2526 μας,
1458 2481 1534 2512 haec
1551 2482 1654 2520 enim,
1683 2489 1782 2520 quam
1798 2478 1935 2518 videtis,
1956 2480 2094 2519 antiqua
2116 2478 2232 2518 Oedipi

1349 2538 1418 2560 ‘non
1434 2531 1491 2559 est.
1520 2525 1613 2567 ἄξιος
1628 2525 1692 2572 γὰρ
1711 2524 1768 2559 ὅδε
1784 2519 1814 2572 γ’
1831 2524 1919 2572 ἀνήρ
1937 2525 1994 2558 OR
2007 2522 2076 2557 763
2093 2525 2200 2557 edidit
2215 2525 2241 2556 B

1352 2569 1416 2621 [ὅγ’
1435 2574 1505 2616 LA]
1539 2575 1648 2606 Aldus
1674 2567 1732 2607 ὧδ’
1757 2571 1865 2618 ἀνήρ,
1894 2574 2022 2614 inepte.
2067 2572 2230 2604 Brunckfi
2269 2611 2276 2615 1

1350 2624 1514 2663 scriptura
1547 2623 1752 2653 sententiam
1778 2621 1883 2652 efficit
1915 2621 1988 2660 ipsa
2013 2620 2118 2660 glacie
2141 2611 2288 2663 frigidffi

1351 2664 1394 2703 οἷ’
1411 2667 1498 2714 ἀνήρ
1517 2669 1617 2700 schol.
1639 2669 1732 2708 legit,
1754 2668 1882 2708 recepit
1899 2667 2019 2699 Elmsl.
2036 2664 2135 2700 τοῦδε
2148 2658 2288 2710 τάνδρω

1350 2718 1484 2757 vulgato
1509 2710 1539 2762 γ’
1564 2714 1685 2759 ἀνδρός
1711 2715 1769 2748 OR
1786 2711 1854 2747 815
1879 2715 2012 2746 inutilis
2037 2714 2194 2746 correctio
2212 2704 2288 2758 Elffl

1349 2768 1401 2796 est
1419 2765 1458 2796 ad
1475 2764 1563 2795 Med.
1592 2760 1682 2795 1334
1700 2766 1768 2794 not.
1790 2763 1822 2802 f,
1844 2763 2015 2793 confutata
2032 2762 2072 2793 ab
2089 2761 2203 2792 Herm.
2225 2754 2288 2806 Sej

1350 2808 1415 2843 821
1436 2811 1601 2842 Fritzsch.
1622 2810 1837 2842 emendatum
1854 2809 1963 2840 dedit:
1994 2819 2025 2839 v.
2046 2809 2084 2840 in
2101 2805 2139 2841 δέ
2155 2817 2204 2854 γε.
2258 2799 2288 2894 *g

1423 2900 1601 2949 Γέγωνα
1626 2905 1739 2944 loquor
1756 2900 1803 2946 [v.
1826 2903 1908 2934 Lob.
1929 2901 2025 2933 Path.
2050 2898 2080 2941 1,
2105 2897 2182 2933 188.
2212 2899 2267 2943 (31Ὶ

1351 2952 1451 2983 Beob.
1474 2953 1531 2982 iib.
1560 2951 1647 2983 hom.
1679 2950 1855 2991 Sprchgbr.
1885 2946 1918 2981 3.
1946 2959 1980 2990 p.
2004 2945 2062 2992 17]
2079 2945 2113 2980 τί
2129 2946 2288 2996 γεγώναὶρξ

1351 2995 1419 3030 213
1437 3008 1482 3030 m.
1519 2999 1618 3038 vulgo
1651 3001 1802 3043 γεγωνῶ.
1846 2999 1973 3027 Verum
1997 2999 2049 3027 est
2073 2996 2109 3026 in
2134 2994 2212 3034 LA,
2240 2991 2288 3030 dn

1351 3049 1497 3077 testante
1514 3046 1603 3077 idem
1619 3045 1716 3076 Eust.
1738 3055 1771 3085 p.
1787 3040 1867 3082 709,
1882 3040 1938 3074 43.
1960 3039 2089 3088 γέγωνέ
2108 3051 2166 3085 μοι
2183 3039 2288 3080 πᾶνεμ

1351 3093 1412 3124 Ph.
1424 3089 1505 3124 238.
1528 3093 1630 3133 Apud
1643 3093 1739 3123 Hom.
1761 3094 1851 3122 recte
1867 3091 2062 3122 inflectebat
2074 3078 2288 3128 Aristarchffgl

1352 3141 1450 3171 vabat
1463 3140 1603 3171 Ptolem.
1626 3139 1734 3170 Ascal.
1757 3148 1810 3178 ap.
1832 3138 1933 3169 schol.
1953 3137 1992 3168 Il.
2015 3148 2040 3180 μ
2064 3132 2151 3175 3373
2181 3135 2224 3166 cf.
2243 3130 2288 3172 Ιξ

1351 3187 1391 3218 de
1406 3187 1509 3218 Arist.
1530 3197 1563 3227 p.
1585 3183 1664 3217 315.
1695 3185 1761 3217 Sed
1785 3195 1803 3215 a
1828 3184 1948 3216 ceteris
1965 3184 2074 3224 poetis
2103 3180 2288 3224 utramqtffi⁴

1352 3243 1438 3265 mam
1455 3237 1624 3274 receptam
1643 3241 1715 3264 esse
1740 3233 1829 3263 idem
1848 3231 1994 3262 scholion
2014 3230 2212 3262 documento
2228 3223 2288 3259 en&

1423 3321 1674 3357 Γείνασθαι.
1706 3319 2015 3367 [Curt.Et.160].
2060 3322 2111 3353 De
2129 3324 2240 3361 patre:
2268 3319 2288 3353 ὓ

1352 3366 1492 3417 ἐγείνατ’
1515 3365 1583 3404 οὔτ’
1601 3369 1732 3407 ἐκεῖνος
1751 3364 1820 3403 οὔτ’
1838 3368 1905 3415 ἐγώ
1923 3368 1980 3400 OR
2002 3365 2101 3399 1020.
2123 3361 2288 3419 πατρόςὶΪί

1352 3416 1503 3465 ἐγείνατο
1539 3419 1594 3452 Ai.
1616 3414 1717 3452 1172.
1763 3418 1814 3449 De
1840 3421 1963 3453 matre:
2002 3412 2142 3460 μητρός,
2168 3411 2191 3461 ἥ
2218 3408 2288 3473 μὲἒ

2250 3508 2251 3511 ’
2283 3504 2288 3531 ί

2258 3533 2288 3600 Ι
