2288 3600
225 155 227 157 ’
260 167 360 216 334

258 281 323 322 54,
352 292 437 324 quae
462 283 611 314 doctrina
636 285 744 325 petita
768 287 821 315 est
845 293 887 315 ex
913 284 1015 316 schol.
1044 285 1084 315 Il.
1107 295 1124 318 ο
1153 280 1232 316 365.
1254 294 1274 317 υ

260 327 346 371 152,
376 332 403 362 is
422 331 652 362 Herodianum
677 335 792 362 autem
808 331 1035 362 adversarium
1061 336 1179 363 nactus
1207 336 1271 372 est,

259 379 318 418 qui
343 378 407 409 etsi
434 378 689 417 originationem
705 379 797 410 illam
815 387 882 410 non
906 379 1133 420 improbabat,
1162 382 1274 410 tamen

258 423 353 469 ἦιος,
382 426 454 456 sive
471 428 647 465 asperetur
672 426 743 456 sive
770 426 893 457 leniter
907 427 1147 467 pronuntietur
1172 424 1273 470 ἰήιος,

258 476 432 513 utcunque
456 472 526 504 leni
558 473 680 514 spiritu
698 473 883 504 notandum
901 483 944 504 ex
961 474 1130 513 analogiae
1146 475 1276 505 ratione

261 520 384 551 docuit.
421 520 486 561 Ap.
509 519 608 561 Soph.
638 520 691 551 bis
717 523 771 551 est
787 521 957 561 Apollinis
975 530 1178 561 cognomen:
1209 518 1276 565 ἰήιε

259 563 365 600 Δάλιε
390 563 499 600 Παιάν
517 566 574 599 OR
594 564 660 599 154
677 567 727 600 ch.
749 571 784 599 et
802 565 870 613 ἰήιε
888 563 996 612 Φοῖβε
1015 564 1105 599 1096
1119 569 1169 599 ch.
1186 580 1193 609 3
1222 569 1275 599 bis

260 614 301 645 de
326 624 361 646 re
379 614 585 646 lamentabili
609 611 687 647 οὔτε
710 613 858 647 τόκοισιν
886 613 986 660 ἱηίων
1011 613 1177 660 καμάτων
1194 612 1276 648 ἀνέ-

259 671 359 708 χουσι
399 663 538 694 υναῖκες
554 661 612 693 OR
632 659 697 693 173
712 662 763 693 ch.
785 665 820 693 et
839 660 937 706 ἰήιον,
961 663 1050 703 quod
1067 672 1166 704 supra
1183 666 1275 694 attu-

259 710 360 740 limus
376 673 469 752 ἔΤι-ο.
492 710 531 740 i'r.
549 706 644 753 558).
673 709 763 740 Haec
781 711 892 741 omnia
908 711 1033 751 optime
1050 710 1091 741 ad
1108 710 1275 741 exclama-

260 757 386 788 tionem
398 757 657 788 lamentantium
672 760 872 788 revocantur
885 755 932 803 ἰή,
951 758 1040 789 unde
1054 751 1170 802 Ἰήιος,
1189 758 1276 788 sicut

260 804 300 835 ab
318 801 394 837 εύοῖ
408 800 531 841 Effice:
554 804 759 844 Apollinem,
782 805 909 846 quippe
927 805 1144 845 pestilentiae
1163 808 1197 836 et
1213 814 1275 836 au-

260 854 383 882 ctorem
409 854 444 883 et
467 860 691 882 averruncum
716 860 754 882 eo
778 853 914 883 nomine
940 853 1175 893 compellatum
1203 861 1276 883 esse

260 899 383 930 mirum
401 907 467 930 non
487 901 549 930 est.
995 897 1029 942 (Ι
1046 909 1079 940 p.
1097 896 1180 939 833,
1203 896 1278 943 12.)

325 983 543 1037 ”1ημι(ι“).
574 992 600 1024 I.
631 993 781 1025 Formae.
810 993 920 1024 Activi
939 998 1096 1033 praesens
1119 991 1194 1040 ἵης
1219 994 1273 1027 El.

260 1035 340 1071 596.
371 1039 456 1071 Cum
475 1040 533 1070 LA
550 1040 704 1081 plerique
721 1037 802 1080 ἵεις,
831 1041 931 1081 pauci
948 1049 1060 1072 veram
1078 1043 1277 1083 scripturam

263 1088 456 1128 retinuere,
486 1087 680 1119 Brunckius
705 1085 815 1125 τιθεῖς
834 1086 895 1125 ἱεῖς
914 1088 1081 1129 Atticam,
1103 1086 1204 1135 τίθης
1220 1086 1277 1135 ἵης

261 1143 475 1165 communem
492 1135 631 1166 formam
649 1136 847 1176 arbitratus,
880 1135 966 1167 illud
988 1136 1121 1168 invexit
1137 1137 1274 1178 ubique,

260 1182 356 1213 libris
374 1186 434 1213 aut
450 1182 486 1213 in
506 1182 670 1222 scriptura
688 1187 747 1214 aut
764 1184 800 1213 in
818 1186 896 1214 tono
912 1183 1202 1225 discrepantibus,
1230 1185 1279 1215 ita

260 1233 300 1261 ut
315 1226 433 1270 τιθείς,
453 1226 584 1270 τιθεῖσ’,
604 1227 710 1267 τίθεις
728 1231 891 1271 scriptum
909 1231 1106 1271 reperiatur.
1136 1231 1182 1263 Et
1193 1231 1278 1263 hanc

261 1278 459 1318 scripturam
473 1278 623 1309 veritatis
640 1278 765 1309 indicio
778 1287 871 1318 esse,
894 1287 923 1310 ει
941 1282 974 1309 et
990 1289 1013 1323 η
1032 1289 1050 1310 a
1068 1280 1183 1311 scribis
1198 1288 1277 1310 con-

262 1324 369 1364 fusis,
404 1324 584 1366 iudicavit,
614 1326 672 1366 qui
693 1325 780 1356 hanc
806 1326 1039 1366 quaestionem
1064 1327 1195 1367 primus
1221 1335 1277 1366 ag-

261 1380 396 1412 gressus
415 1375 466 1403 est
483 1371 574 1404 Pors.
596 1372 636 1403 ad
653 1372 708 1404 Or.
733 1369 809 1413 141,
832 1372 1011 1405 dummodo
1029 1382 1072 1404 ne
1089 1370 1197 1410 τιθεῖς
1217 1371 1278 1411 ἱεῖς

263 1428 302 1450 ea
325 1419 367 1450 de
393 1428 493 1451 causa
510 1419 719 1460 damnasset,
749 1420 837 1461 quod
862 1421 911 1451 sic
927 1421 1029 1451 etiam
1045 1417 1209 1466 τιθοῢμεν
1226 1432 1279 1454 τι-
1297 1420 1300 1477 Ι

260 1462 354 1499 θεῖτε
371 1466 551 1498 dicendum
569 1467 692 1499 Atticis
710 1467 845 1499 fuisset.
882 1467 973 1499 Haec
990 1469 1082 1499 enim
1107 1478 1150 1500 ne
1167 1470 1207 1500 ab
1224 1469 1278 1500 Io-

263 1514 348 1545 nicis
374 1514 511 1554 quidem
535 1515 752 1556 scriptoribus
777 1515 984 1556 praesidium
1008 1515 1153 1556 habent,
1191 1516 1279 1557 apud

263 1570 346 1602 quos
373 1558 436 1598 ἱεῖς
458 1558 567 1594 τιθεῖς
588 1562 786 1603 pervulgata
810 1565 901 1594 sunt.
940 1562 1178 1601 Quaestionem
1203 1571 1280 1604 per-

261 1609 344 1639 fecit
367 1608 528 1640 Matthiae
554 1609 612 1640 Gr.
643 1609 699 1641 Gr.
727 1606 852 1653 3210,
886 1606 902 1641 1
939 1613 1009 1641 not.
1039 1611 1081 1643 cf.
1111 1608 1132 1653 S
1156 1607 1237 1649 212,
1258 1608 1280 1642 7

263 1655 325 1687 hoc
341 1656 487 1687 maxime
505 1660 712 1698 argumento,
735 1657 763 1688 si
782 1654 844 1694 ἱεῖς
860 1654 982 1698 τιθεῖς,
1004 1658 1105 1689 etiam
1131 1655 1176 1691 ἱεῖ
1190 1654 1281 1690 τιθεῖ

261 1703 420 1735 debuisse
434 1703 518 1743 dici;
541 1713 626 1744 quae
641 1714 718 1735 cum
731 1713 900 1745 nusquam
913 1709 1136 1746 compareant,
1154 1706 1280 1747 quippe

263 1759 349 1792 quae
375 1761 394 1782 a
416 1751 596 1790 trisyllabis
620 1747 736 1797 τίθησι
760 1748 832 1796 ἵησι
858 1753 958 1783 metri
981 1752 1105 1784 indicio
1128 1753 1282 1784 seiuncta

262 1798 474 1830 librariorum
497 1798 635 1830 levitate
662 1799 716 1831 vel
741 1808 850 1831 errore
874 1800 1007 1831 obtrudi
1030 1800 1139 1841 poetis
1157 1801 1281 1832 Atticis

263 1854 330 1877 non
344 1847 527 1887 potuerint,
549 1847 723 1886 concidere
741 1847 843 1878 etiam
859 1847 928 1879 illa.
959 1847 1010 1879 Of.
1027 1848 1142 1879 Herm.
1159 1848 1199 1879 ad
1216 1847 1276 1878 Ph.

265 1889 345 1924 980.
369 1910 410 1916 —
428 1893 558 1925 Buttm.
579 1894 659 1925 olim
677 1894 735 1925 Gr.
755 1891 784 1934 1,
808 1890 876 1925 524
902 1892 962 1931 ἱεῖς
986 1891 1095 1932 τιθεῖς
1120 1896 1280 1936 probatu-

264 1949 322 1971 rus
339 1943 422 1980 erat,
441 1941 567 1982 quippe
580 1941 639 1981 qui
656 1950 698 1972 ne
717 1941 799 1972 Eur.
821 1941 958 1982 quidem
974 1941 1063 1981 Cycl.
1080 1938 1149 1974 524
1163 1952 1281 1983 suspe-

264 1990 355 2018 ctum
372 1987 502 2027 habuit,
525 1997 590 2029 quo
607 1989 676 2020 loco
692 1989 750 2019 lex
767 1988 902 2028 linguae
920 1989 1106 2021 certissima
1122 1986 1205 2036 τιθῇ
1220 1999 1280 2031 po-

265 2035 378 2075 stulat,
407 2033 547 2067 Porsoni
564 2036 800 2067 emendatione
817 2037 1015 2076 repositum.
1045 2036 1110 2069 Sed
1129 2038 1280 2068 omnium

262 2081 473 2123 levissimus,
510 2083 569 2123 qui
592 2083 633 2114 de
657 2083 799 2115 dialecto
823 2083 1024 2123 tragicorum
1050 2084 1213 2125 quaedam
1238 2093 1282 2115 ex

264 2128 461 2161 adversariis
486 2130 624 2171 effudit,
654 2129 812 2162 Kuehlst.
842 2130 885 2162 de
909 2130 988 2162 dial.
1015 2134 1056 2162 tr.
1085 2141 1118 2172 p.
1142 2127 1220 2163 118.
1249 2132 1282 2163 1s

265 2176 357 2207 enim
375 2186 450 2208 cum
468 2186 534 2208 non
553 2178 758 2210 abiudicaret
773 2188 792 2209 a
808 2178 942 2217 tragicis
960 2179 1081 2210 formas
1098 2179 1192 2218 illas,
1221 2178 1280 2210 do-

265 2225 416 2255 cumenti
440 2224 548 2256 instar
571 2234 633 2266 per
651 2227 798 2256 saturam
822 2234 945 2266 paucos
963 2226 1114 2267 protulit,
1144 2226 1202 2267 qui
1219 2226 1280 2257 de-

265 2270 462 2312 fenderent,
496 2271 595 2312 longe
628 2273 762 2314 plures,
799 2273 859 2313 qui
890 2273 1148 2314 impugnarent,
1186 2273 1282 2313 quasi

264 2326 380 2349 omnes
397 2319 538 2351 eandem
555 2322 715 2351 tueantur
732 2320 947 2351 sententiam.
967 2317 1061 2364 ἵησι
1077 2320 1159 2351 Ant.
1176 2316 1277 2352 1211.

267 2362 350 2402 ἱείς
368 2363 567 2398 Ai.154an.
599 2364 738 2404 ἱέντες
757 2363 1022 2399 OG133ch.—
1043 2367 1160 2398 Γαῖαν.
1180 2364 1282 2412 ἥσει

264 2412 320 2443 Ai.
343 2409 411 2444 629
429 2413 480 2444 ch.
510 2410 590 2445 851.
610 2431 658 2440 ·--
681 2414 761 2445 Aor.
790 2411 871 2459 ἧκε
896 2413 952 2445 Tr.
973 2410 1053 2446 273.
1082 2412 1166 2458 ἧκεν
1191 2410 1276 2446 567:

264 2459 393 2491 incerta
423 2460 522 2492 lectio
555 2460 610 2492 OC
630 2457 721 2493 1506
752 2461 841 2492 infra
873 2462 1080 2493 tractabitur.
1111 2479 1152 2485 —
1181 2460 1282 2492 Medii

262 2512 371 2546 praes.
401 2505 576 2552 ἱέμενοι
595 2508 650 2540 Tr.
671 2504 741 2540 514
753 2507 805 2539 ch.
836 2505 970 2552 ἱέμενον
987 2509 1029 2540 fr.
1049 2509 1117 2540 inc.
1138 2505 1218 2540 873.
1236 2525 1277 2532 -

264 2553 405 2594 Imperf.
431 2551 525 2588 ἵετο
551 2554 609 2587 OR
627 2551 729 2587 1242.
763 2555 912 2586 Brunck.
939 2552 1011 2589 ἵετο
1035 2565 1078 2587 ex
1096 2555 1166 2588 cod.
1189 2555 1213 2587 C
1231 2553 1282 2599 [et

266 2600 326 2632 LA
343 2611 392 2642 pr.
411 2594 484 2646 ἰετ’]
501 2603 597 2643 quasi
613 2603 654 2634 ab
671 2599 744 2647 εἶμι
759 2598 857 2648 ἵεμαι
874 2603 1066 2643 duceretur,
1094 2603 1184 2644 quod
1201 2602 1280 2634 nul-

264 2647 335 2679 lum
354 2651 415 2689 est,
437 2659 469 2681 v,
484 2649 679 2689 Bernhardy
689 2650 731 2681 ad
743 2649 843 2682 Dion.
859 2650 935 2682 Per.
956 2659 990 2691 p.
1004 2646 1084 2689 766,
1105 2647 1138 2681 9.
1157 2650 1277 2681 Elmsl.

266 2695 306 2726 ad
324 2694 382 2727 ΟΒ
398 2696 421 2727 l.
442 2706 493 2738 c.;
522 2699 558 2728 et
581 2697 655 2738 ipse
672 2697 873 2737 Brunckius,
902 2706 968 2738 qua
985 2700 1055 2728 erat
1070 2697 1220 2737 levitate,
1242 2697 1282 2728 ad

265 2742 500 2784 Aristophanis
518 2746 762 2776 commentatus
778 2743 906 2775 Eccles.
926 2740 1006 2775 346.
1027 2745 1131 2785 Vesp.
1149 2740 1217 2775 423
1229 2752 1283 2775 se-

222 2791 236 2804 ⁶
265 2797 343 2822 cum
360 2794 489 2832 pugnat
505 2794 631 2833 aperte.
661 2788 689 2834 [ἱ
699 2789 716 2824 έ
726 2801 751 2836 μ
761 2801 777 2823 ε
787 2786 836 2823 σθ
846 2801 868 2823 α
883 2791 965 2822 Ant.
979 2787 1049 2823 432
1062 2800 1106 2822 ex
1119 2791 1179 2823 LA
1191 2796 1283 2822 nunc

267 2839 320 2868 est
345 2838 552 2878 restitutum,
579 2849 612 2870 v,
641 2846 742 2879 supra
763 2839 799 2869 in
824 2834 895 2882 εἶμι
919 2837 1007 2870 dicta
1037 2847 1071 2878 p.
1092 2834 1178 2878 203,
1201 2834 1247 2869 24
1264 2848 1282 2869 a

266 2882 367 2928 nna]
385 2902 428 2908 --
452 2884 505 2916 De
521 2892 678 2917 mensura
698 2885 827 2926 primae
853 2885 977 2916 erravit
993 2884 1140 2916 Brunck.
1161 2885 1202 2916 ad
1218 2885 1277 2917 Ar.

267 2931 346 2970 Lys.
370 2929 448 2964 157.
477 2932 560 2963 Ran.
585 2928 686 2964 1462.
715 2931 776 2973 Eq.
798 2928 885 2972 674,
918 2932 1119 2973 plerumque
1143 2931 1283 2973 produci

267 2979 463 3019 observans;
493 2979 552 3011 sed
579 2980 724 3011 Homero
755 2979 882 3019 ubique
916 2979 1113 3020 corripitur,
1149 2979 1282 3010 Atticae

267 3026 370 3066 poesi,
395 3026 424 3057 si
439 3026 675 3066 dactyliconrm
693 3026 854 3067 quaedam
871 3034 1031 3058 versuum
1049 3026 1204 3067 exempla
1221 3035 1282 3058 ex-

267 3073 413 3113 ceperis,
441 3073 653 3114 producitur,
682 3076 722 3105 ut
744 3076 835 3104 recte
860 3073 991 3105 dederit
1006 3072 1127 3104 Matth.
1155 3070 1282 3119 ἀφεῖσα

266 3127 327 3160 pro
352 3117 440 3153 ἱεῖσα
464 3129 506 3151 ex
532 3120 602 3152 cod.
631 3120 718 3152 Flor.
741 3116 785 3151 10
809 3119 845 3150 in
869 3120 999 3152 Hecub.
1020 3116 1100 3151 335.
1139 3115 1221 3163 [Sed
1245 3129 1276 3151 v.

266 3166 394 3198 Nauck.
414 3167 451 3198 in
465 3166 585 3199 Philol.
603 3164 659 3207 11,
675 3163 758 3199 464.
773 3167 909 3207 Veitch‚
929 3167 1027 3198 verbs
1043 3167 1208 3206 irregular
1224 3166 1276 3198 ed.

266 3209 300 3244 2.
321 3223 355 3254 p.
376 3210 476 3258 288.]
497 3231 599 3245 -.-
634 3213 680 3247 ΙΙ.
712 3212 806 3245 Usus.
833 3212 848 3255 ss
873 3213 992 3245 Activi.
1037 3213 1174 3255 Proprie
1203 3222 1279 3244 cum

266 3260 419 3292 mittendi
435 3261 505 3292 vim
522 3261 652 3301 habeat,
672 3261 819 3292 maxime
836 3260 877 3292 de
893 3265 927 3292 re
943 3263 1032 3292 mota
1048 3259 1183 3292 dicitur.
1210 3257 1279 3293 τότ’

268 3303 371 3340 αὐτὸν
395 3303 452 3340 ἀπ’
477 3305 585 3353 ἄκρας
607 3305 674 3352 ἧκε
699 3304 807 3351 [ἔδικε
831 3306 980 3364 Μείηεῐξ.
1001 3306 1042 3338 ad
1059 3305 1114 3339 OG
1138 3315 1173 3347 p.
1194 3303 1279 3350 292]

267 3351 468 3432 {gratias
477 3351 756 3441 atzam
758 3350 1277 3441 325323222353325321222223

268 3453 336 3487 qua
359 3454 436 3479 cum
459 3448 606 3487 genitivo
628 3448 775 3488 ponitur.
803 3450 871 3480 τῶν
892 3444 1050 3493 μεγάλων
1076 3444 1197 3493 ψυχῶν
1217 3444 1277 3484 ἱεὶς

1063 159 1196 233 Ἵημι
1223 192 1284 202 —
1302 163 1513 231 Ἴκμενος

2012 176 2044 223 [1
2056 186 2092 221 p.
2110 133 2288 213 eea-usai

1310 282 1374 317 οὐκ
1390 280 1430 316 ἂν
1448 281 1615 328 ἁμάρτοις
1633 284 1687 315 Ai.
1711 280 1778 315 154
1794 292 1865 324 an„
1886 284 1981 315 velut
2006 281 2154 323 τοξεύειν
2172 281 2288 330 μεγάλί

1312 330 1469 376 σώματος
1485 331 1620 363 dicitur.
1634 348 1674 354 -—
1695 331 1854 372 Inprimis
1871 334 1986 362 autem
2002 331 2044 363 de
2055 335 2132 363 vot-e
2142 333 2244 363 missu
2254 331 2288 364 ῆι

1311 387 1431 419 quens,
1460 376 1592 411 αἴλινον
1611 374 1681 411 οὐδ’
1699 376 1837 423 οἰκτρᾶς
1853 376 1934 424 γόον
1952 375 1972 411 ὅ
1993 375 2087 416 νιθος
2104 375 2233 424 ἀηδοῦς
2275 381 2288 413 Ι

1312 427 1366 458 Ai.
1388 422 1455 457 629
1474 426 1526 457 ch.
1554 422 1631 470 ἥσει
1658 423 1764 471 μέγαν
1781 423 1938 458 κωκυτὸν
1983 437 2000 458 ν
2018 423 2110 473 πάσῃ
2128 423 2227 459 πόλει
2286 454 2288 456 .

1313 470 1464 518 οἰμώξας
1498 466 1526 504 δ’
1560 471 1642 509 ἔπος
1665 470 1738 518 ἵησι
1770 470 2006 518 δυσθρήνητον
2039 473 2121 504 Ant.
2146 469 2247 514 1211.
2280 472 2288 504 1

1314 530 1391 551 cum
1408 521 1516 560 figura
1532 517 1556 564 ἡ
1575 521 1685 553 πᾶσαν
1702 517 1760 565 ἵης
1776 517 1934 565 γλῶσσαν
1952 520 2006 551 El.
2028 513 2096 552 596
2120 519 2288 563 vociferari

1314 568 1365 598 De
1383 567 1444 599 hac
1460 572 1495 598 et
1512 568 1680 599 similibus
1705 567 1857 599 formulis
1874 567 1991 599 dixere
2010 567 2180 610 Wyttenb.
2202 567 2243 598 ad
2257 567 2274 599 1

1312 615 1368 646 Or.
1395 624 1429 655 p.
1454 612 1532 646 181.
1569 615 1662 655 Lips.
1692 615 1816 646 Iacobs.
1851 614 1892 646 ad
1918 615 2041 646 Achill.
2080 614 2153 646 Tat.
2189 623 2223 656 p.
2244 609 2288 646 3.

1313 662 1415 694 Paulo
1433 661 1530 693 aliter
1546 662 1674 693 dictum
1691 660 1850 708 ἀφώνως,
1880 658 2015 707 ἀλόγως
2031 659 2069 695 τὸ
2085 662 2146 698 τᾶς
2163 649 2288 707 εὐφήμί

1314 707 1423 754 στόμα
1441 706 1620 754 φροντίδος
1651 707 1754 746 ἱέντες
1773 709 1828 741 OC
1843 705 1910 740 133
1923 709 1975 740 cb.
1996 709 2020 740 i.
2041 718 2074 749 q.
2094 705 2288 754 εύφημοῦνι·

1311 756 1365 801 τῷ
1391 755 1593 800 στόματι-
1621 757 1636 799 ΙΙ
1663 756 1809 787 Medium
1834 757 1981 788 maxime
2005 759 2099 787 motu
2117 754 2250 796 petenda·
2274 765 2288 805 ξ

1314 803 1505 844 assequendi
1521 808 1724 844 potestatem
1740 803 1852 835 habet.
1872 799 1930 836 ἵετ’
1960 800 2044 836 εὐθὺ
2068 801 2153 848 πρὸς
2175 799 2220 835 τὰ
2241 812 2259 835 ν
2284 798 2288 806 '

1315 851 1399 897 φικὰ
1415 849 1505 897 λέχη
1523 851 1582 883 OR
1594 847 1694 883 1242.
1716 851 1803 882 Flor.
1819 846 1845 884 Γ
1861 847 1956 884 ἵκετο
1973 851 2014 881 ad
2033 859 2169 882 sensum
2188 850 2273 890 inep>

1314 901 1355 931 de
1373 900 1464 930 varia
1481 899 1648 939 scriptura
1663 896 1756 931 ἰἐτο
1774 898 2024 940 supra)dictum'.
2056 895 2187 943 χήμεῖς
2204 893 2288 941 ἱδόνῇ

1316 945 1344 980 ἱέ
1375 943 1478 986 εσθα,
1508 944 1567 979 σὺν
1595 943 1631 979 δέ
1652 956 1702 978 νιν
1727 942 1908 991 θηρώμεθ’
1933 943 2043 978 ἐκπεπ
2067 940 2221 990 ηγμένην
2244 944 2288 991 A!

1314 958 1384 1026 432
1416 994 1600 1033 conspicati
1639 994 1771 1024 adimus
1811 1002 1884 1024 eam
1920 991 2255 1034 comprehendimusq

1314 1039 1391 1074 ’ίσαν
1419 1039 1454 1078 ἐς
1480 1039 1583 1084 μέσον
1607 1038 1736 1085 ἱέμενοι
1760 1037 1892 1086 λεχέων
1911 1040 1967 1072 Tr.
1989 1035 2058 1071 514
2074 1039 2126 1070 ch.
2148 1057 2192 1062 -—
2210 1036 2275 1071 EM

1316 1086 1394 1129 313,
1418 1086 1448 1120 1.
1480 1086 1573 1141 {⁰5⁰3
1595 1086 1660 1132 τὴν
1686 1090 1832 1134 σφαῖραν
1859 1085 1992 1133 ἔγχος
2015 1083 2102 1119 κέκλ
2128 1095 2205 1126 κεν,

1314 1131 2225 1227 {?„.t⁰{}’73{.⁰”-¹³ii>effigiatimzgfiffllapffll'
2266 1183 2280 1229 ,ζ

1314 1228 1424 1277 τύχην
1449 1242 1500 1268 τις
1526 1227 1655 1310 έσθληὶν
1680 1227 1770 1276 θῆκε
1794 1226 1899 1262 τ’σδε
1927 1231 1991 1274 τῆς
2017 1226 2112 1261 ὁδοῦ.
2147 1226 2288 1262 Ηεοιὴ.,

1316 1278 1422 1310 Piers.
1447 1279 1545 1310 veris.
1567 1288 1601 1319 p.
1635 1275 1668 1309 ’2
1683 1274 1780 1322 τῆσδ’
1798 1241 1917 1321 ἔθηκε,
1939 1276 2027 1317 quod
2042 1275 2190 1307 Brunck.
2210 1273 2238 1306 E
2261 1288 2274 1301 ..

1318 1326 1409 1357 Dind
1447 1327 1649 1367 probarunt:
1686 1324 1928 1364 significantior
1953 1322 2067 1355 autem
2085 1320 2273 1355 Hermanhi‘

1317 1373 1459 1414 Reisigii
1478 1373 1667 1404 emendatio
1683 1370 1765 1417 ἧκε
1789 1373 1839 1416 τῆ
1854 1381 1872 1403 σ
1883 1369 1900 1403 δ
1912 1381 1939 1404 ε.

1386 1437 1562 1480 Ἱκᾶνός
1587 1437 1647 1487 (ἶ)
1672 1442 1817 1474 idoneus.
1849 1439 1964 1478 ἱκανὸς
1988 1437 2184 1480 Ἀπόλλων,
2216 1430 2245 1484 ᾧ

1317 1488 1483 1536 ἐκπρᾶξαι
1514 1487 1612 1535 μέλει
1644 1490 1713 1522 OR.
1742 1487 1821 1522 377.
1853 1506 1894 1512 -
1926 1490 1979 1520 De
2011 1492 2150 1520 accentu
2181 1487 2276 1532 Arca,

1317 1534 1380 1578 64,
1409 1535 1472 1578 223
1511 1538 1552 1570 de
1576 1547 1735 1569 mensura
1756 1538 1883 1578 primae
1908 1536 2087 1568 Herodian.
2115 1545 2152 1567 π.
2173 1545 2210 1579 μ.
2229 1530 2285 1595 λ

1317 1583 1352 1626 7,
1375 1582 1429 1617 18.

1387 1638 1548 1677 τΙκάνω
1564 1642 1602 1687 (υ
1612 1642 1648 1688 -)
1665 1643 1815 1675 advenio.
1845 1640 1964 1676 δώσων
1993 1638 2099 1675 ἱκάνω
2123 1637 2268 1684 τούμὸνῘ

1318 1702 1385 1749 μας
1408 1690 1460 1724 σοὶ
1484 1689 1593 1734 δῶρον
1612 1691 1668 1724 OC
1686 1688 1766 1723 576.
1796 1689 1812 1723 ἐ
1835 1690 1863 1723 ὼ
1888 1688 1950 1734 μὲν
1970 1687 2035 1734 οὐχ
2059 1685 2153 1724 ὅπως
2181 1697 2244 1720 σπο
2275 1704 2283 1733 3

1318 1736 1383 1772 ύπο
1403 1736 1572 1772 δύσπνους
1591 1737 1697 1772 ἱκάνω
1715 1739 1796 1770 Ant.
1841 1735 1899 1770 24.
1928 1734 1963 1770 οἴ
1988 1735 2016 1769 δ’
2042 1733 2203 1779 ἱκάνομεν
2220 1729 2285 1766 E?

1318 1783 1356 1819 εὖ
1383 1784 1509 1823 ἱκάνεις
1535 1783 1626 1818 1102
1649 1789 1734 1817 recte
1758 1786 1819 1817 huc
1835 1786 1927 1817 venis
1957 1794 1984 1816 s.
2005 1784 2143 1822 venisti,
2171 1783 2193 1813 i.
2215 1790 2246 1813 e.
2266 1812 2275 1824 ί

1319 1835 1438 1866 errasti
1467 1834 1508 1865 de
1535 1834 1600 1865 via.
1629 1851 1670 1857 —
1698 1834 1752 1865 De
1774 1833 1873 1874 longa
1899 1831 2171 1873 antepenultima
2193 1829 2282 1876 Aru:⁹

1321 1877 1387 1912 196
1423 1878 1456 1913 3.

1391 1906 1590 1985 ζΙκὸἰριος
1608 1937 1671 1983 (ἴ)
1696 1940 1835 1971 Icarius.
1864 1934 2019 1983 Ἰκαρίων
2046 1933 2133 1981 ὑπὲρ
2156 1932 2245 1968 πελα

1318 1988 1374 2020 Ai.
1394 1984 1463 2020 702
1481 1988 1532 2020 ch.
1561 1984 1703 2031 [κλυτὰν
1728 1984 1765 2023 ὃς
1781 1983 1950 2031 ἀμφέπεις
1974 1979 2120 2029 Ἰκαρίαν
2138 1983 2220 2014 Ant.
2256 1990 2284 2034 ι,

1319 2035 1370 2067 ch.
1392 2036 1477 2067 coni.
1499 2044 1557 2075 pro
1577 2031 1722 2067 Ἰταλίαν
1741 2034 1781 2066 G.
1804 2033 1911 2065 Wolff.
1934 2042 1966 2073 q.
1987 2042 2020 2063 V.
2046 2031 2080 2062 h.
2101 2027 2146 2074 1.]

1388 2099 1578 2142 Ἱκέσιος
1609 2103 1663 2148 (υ)
1695 2105 1842 2145 supplex.
1887 2103 1940 2135 De
1972 2101 2147 2143 precibus:

1319 2151 1465 2198 πέμπων
1488 2150 1585 2186 λιτάς
1608 2153 1670 2184 Ph.
1691 2148 1772 2183 495.
1802 2152 1854 2182 De
1878 2150 2014 2182 homine
2040 2143 2255 2189 suppliciter
2278 2151 2283 2183 2

1319 2204 1434 2232 cante:
1465 2198 1591 2233 ἱκέσιός
1607 2208 1643 2232 σε
1659 2197 1821 2243 λίσσομαι
1838 2199 1919 2229 Ant.
1943 2193 2046 2228 1230.
2081 2194 2147 2228 Sed
2163 2195 2216 2226 est
2237 2206 2244 2218 ι
2259 2206 2287 2244 ¹35.

1319 2249 1409 2279 Iovis
1426 2256 1608 2287 cognomen
1626 2247 1796 2288 supplices
1823 2245 1972 2276 tuentis:
2000 2245 2129 2284 νεῦσον,
2159 2238 2242 2286 πρὸς
2275 2275 2280 2287 ί

1317 2296 1378 2328 τοῦ
1396 2291 1510 2339 Ζηνὸς
1530 2292 1667 2334 ἱκεσίου,
1696 2290 1831 2334 τέκνον,
1850 2288 2009 2337 πείσθητι
2026 2290 2086 2322 Ph.
2103 2285 2184 2321 484.
2205 2286 2284 2335 (2153⁴¹>

1319 2339 1408 2379 Ζεὺς
1425 2336 1564 2382 Ὑέτιος,
1584 2333 1767 2386 ’Όμβριος,
1790 2335 1908 2376 Ξένιος
1925 2338 2108 2370 maiuscula
2125 2335 2258 2370 sci-ibn
2275 2373 2279 2375 λ

1318 2390 1379 2421 hoc
1395 2390 1497 2421 etiam
1522 2398 1562 2420 ea
1586 2388 1779 2420 donandum
1804 2387 1886 2427 fuit,
1915 2387 2036 2427 utpote
2057 2385 2094 2416 in
2117 2383 2179 2414 hac
2201 2387 2273 2413 re·>

1318 2441 1458 2478 petuum
1476 2439 1744 2476 cognomentum.
2076 2429 2108 2474 (Ι
2125 2438 2158 2471 p.
2176 2426 2199 2461 8
2227 2433 2236 2456 ³
2258 2450 2286 2483 ⁴?

1388 2500 1552 2540 Ἰκετεύ
1564 2518 1592 2538 ω
1610 2502 1664 2548 (υ)
1689 2505 1865 2543 supplicor.
1895 2503 1980 2536 Cum
1997 2505 2115 2543 quarto
2133 2506 2235 2552 casu}

1316 2551 1460 2598 τεύομέν
1486 2564 1522 2586 σε
1539 2551 1661 2585 πάντες
1685 2548 1756 2585 οἵδε
1773 2549 1983 2597 πρόστροποι
1996 2542 2054 2582 OR
2070 2545 2127 2581 41.
2148 2543 2182 2581 oi
2205 2555 2224 2578 σ
2252 2550 2281 2598 «23³.

1317 2598 1447 2634 παίδων
1471 2598 1578 2634 τῶνδε
1608 2597 1668 2633 καὶ
1690 2597 1736 2644 ψυ
1754 2600 1808 2644 ,ἧς
1833 2594 2028 2642 ἱκετεύομεν
2051 2595 2107 2628 OG
2128 2590 2228 2626 1327.
2254 2603 2278 2645 ss.

1316 2645 1405 2682 τεύω
1439 2657 1476 2681 σε
1499 2643 1684 2693 πεισθῆναί
1712 2657 1732 2678 τ
1771 2656 1829 2690 μοι
1857 2641 1959 2676 1414.
1997 2643 2103 2685 Saepe
2130 2639 2231 2675 ἱκετε

1320 2692 1515 2740 ἱκετεύομεν
1532 2695 1641 2726 medio
1655 2694 1799 2725 sermoni
1816 2693 1890 2724 sine
1906 2692 2034 2723 ratione
2050 2689 2221 2722 inseritur.
2238 2705 2261 2725 -·.
2279 2691 2282 2703 ³

1318 2743 1394 2821 {2116}
1412 2743 1474 2774 Ph.
1495 2738 1575 2774 932.
1600 2738 1686 2773 1181
1707 2750 1751 2772 m.
1788 2739 1843 2772 OC
1864 2735 1930 2771 142
1946 2748 1990 2770 ω’.
2012 2734 2086 2769 518*
2098 2737 2149 2768 ch.
2184 2729 2272 2767 11ιῖ

1407 2799 1451 2821 m.

1388 2841 1562 2893 Ἱκέτης
1579 2847 1724 2887 supplex.
1754 2841 1826 2889 (σέ)
1844 2841 1959 2888 ἱκέτης
1979 2841 2136 2887 ἱκνοῦμαι
2163 2838 2224 2872 Ph.
2244 2880 2245 2883 ,

1319 2891 1354 2939 μ’
1370 2893 1461 2940 ὁρῶν
1477 2893 1534 2928 τὸν
1552 2893 1817 2939 προστροπαῖον,
1843 2889 1902 2924 τὸν
1922 2889 1974 2923 ἱκέ
2019 2901 2036 2922 ν
2054 2885 2134 2921 930.
2161 2882 2215 2920 ne

1316 2940 1374 2975 τὸν
1395 2939 1510 2986 ἱκέτην
1529 2938 1682 2980 δεξαίατο
1701 2939 1755 2971 OC
1774 2935 1830 2970 44.
1860 2902 2187 2990 &onepzlasseeztv
2214 2929 2237 2980 ²..

1318 2987 1480 3036 ἐχέγγυον
1505 2985 1586 3020 284.
1615 2988 1680 3028 Ap.
1699 2986 1792 3019 Suid.
1815 2997 1846 3017 ν.
1870 2982 2033 3042 ἐχέγγυον
2062 2982 2233 3015 senbitur..

1316 3047 1392 3082 την.
1422 3031 1583 3081 δέχεσθαι
1599 3033 1656 3068 τὸν
1677 3032 1791 3079 ἱκέτην
1810 3042 1977 3077 σωτηριον
2003 3029 2071 3063 487
2089 3031 2112 3062 i.
2132 3038 2165 3084 q.
2187 3025 2203 3060 ἐ
2240 3044 2243 3049 v

1314 3080 1394 3129 τηρί
1422 3109 1429 3116 .
1459 3079 1575 3128 ἱκέτης
1595 3079 1765 3125 δαιμόνων
1783 3078 1970 3136 ἀφιγμένος
1988 3075 2068 3111 634.
2097 3074 2146 3121 ἀφ
2171 3073 2238 3131 ᾗς

1318 3127 1356 3163 σὺ
1383 3093 1515 3176 κᾳλέψας
1540 3127 1596 3162 τὸν
1617 3126 1732 3173 ἱκέτην
1749 3125 1869 3173 γέροντ
1905 3123 1967 3171 ἐμέ
1989 3122 2090 3157 1008.
2113 3121 2165 3157 ἱκέ
2211 3119 2227 3153 C

1316 3174 1377 3222 ψαι
1395 3174 1522 3222 πατρός
1541 3177 1594 3208 Ai.
1619 3172 1720 3207 1172.
1742 3172 1912 3220 [ἱκετῆρες
1931 3167 2069 3205 0121ssss
2086 3181 2118 3202 v.
2142 3132 2261 3235 ἱκΨ-τλρει

1316 3224 1368 3255 De
1385 3227 1462 3256 tono
1480 3234 1511 3254 v,
1534 3222 1598 3254 EM
1617 3232 1650 3263 p.
1669 3218 1748 3262 436,
1771 3218 1804 3253 8.
2258 3235 2261 3238 <

1385 3287 1545 3329 Ἱκέτις
1562 3293 1707 3333 supplex.
1743 3289 1828 3335 πρὸς
1854 3288 1891 3323 σὲ
1917 3287 2019 3322 ἱκέτις
2041 3285 2190 3334 ἀφῖγμαι

1315 3338 1373 3373 σὺν
1389 3337 1494 3373 κατεύ
1518 3349 1619 3384 μασιν
1636 3339 1694 3371 OR
1707 3335 1786 3370 920.
1810 3356 1849 3361 -
1870 3338 1920 3368 De
1938 3340 2015 3367 tono
2033 3334 2228 3374 generatim·

1315 3388 1391 3419 Arc.
1411 3396 1445 3427 p.
1466 3383 1487 3418 3
1516 3411 1524 3427 ,
1544 3383 1602 3419 24.

1384 3438 1619 3487 *Ἷκμενος
1638 3454 1669 3475 v.
1692 3441 1859 3486 ἱκνέομαι.
