2288 3600
8 143 74 231 :f
93 171 310 220 eae-345]

132 291 150 318 ς
180 277 290 318 αἰκεῖς
324 278 378 312 El.
405 277 536 314 205111.
574 282 779 321 Agamemno
803 281 894 313 enim
917 281 990 322 ipse

4 335 13 366 j
28 336 109 361 mus
133 330 197 360 est.
227 344 274 351 —
301 327 353 359 De
378 327 440 359 hoe
472 328 683 367 significandi
714 337 836 367 genere
861 330 932 359 toto
954 338 986 360 v.

1 367 25 401 ἶ
60 374 119 407 ill.
140 375 181 407 ad
199 373 296 406 Char.
318 384 351 415 p.
373 371 453 406 483.
475 375 565 406 Hinc
588 371 710 408 εἶδον
731 378 767 407 et
784 372 887 408 οἶδα
903 383 989 406 non-

0 417 154 464 &nquam
171 421 272 462 plane
289 421 360 463 pari
376 422 620 461 significatione
638 425 793 454 utuntur.
823 418 923 463 εἶδες,
942 419 989 459 ὡς

0 466 96 553 ἶξῒῳ
119 466 137 502 ἕ
182 465 244 501 λλέ
264 464 292 500 α’
310 460 449 514 Ἕκτωρ
471 466 531 501 καὶ
548 466 662 502 θανὼν
679 466 901 514 ἀποφθίσειν;
932 469 986 501 Ai.

4 551 6 557 .
78 540 85 547 .
150 515 181 546 ie
197 515 333 554 dubito,
355 519 489 546 rectene
505 525 571 547 sec.
593 516 815 548 Triclinianos
839 516 990 547 omnium

0 560 135 606 fflrum
153 562 311 593 librorum
326 563 558 594 auctoritatem
573 564 787 595 deseruerint
799 563 991 594 aBrunckio

0 606 61 650 nde
84 609 249 648 editores,
277 618 352 640 cum
377 610 574 650 scripserint
598 609 645 646 ὡς
671 608 753 642 εἰδῶ
776 609 816 642 τὸ
840 611 907 642 πᾶν
935 609 991 641 OC

0 651 51 698 ΒΘ
73 665 132 697 pro
157 653 234 688 ἴδω.
257 673 359 686 -.—
385 659 400 695 n
424 657 476 688 De
489 658 688 697 proprietate
705 658 862 688 sermonis
887 656 991 688 adno-

0 702 105 743 imus,
125 700 231 748 ὁρᾷς
249 705 283 733 et
299 701 354 739 ὡς
380 700 397 735 ὁ
410 703 478 747 ρᾷς
498 705 641 735 interiici
661 701 715 736 διὰ
730 702 835 748 μέσου
854 704 992 742 virgulis

0 744 156 785 Hatincta:
182 760 213 780 v.
231 749 362 781 Dawes.
381 752 472 782 misc.
490 761 533 782 cr.
555 761 588 792 p.
603 748 683 782 329.
706 751 852 783 Brunck.
874 751 913 782 ad
927 749 987 782 Ph.

0 790 61 830 52.
83 796 216 828 Schaef.
236 797 277 828 ad
290 796 346 828 Tr.
369 793 447 828 394.
469 798 555 828 Vide
574 798 626 829 El.
649 793 749 829 1114.
771 798 825 829 Tr.
845 794 925 830 365.
946 797 987 829 fr.

0 843 66 879 wia.
85 843 161 875 Am.
182 839 258 875 165.
279 844 346 876 inc.
369 841 447 876 749.
485 836 618 876 Deinde
635 845 670 876 in
689 845 749 876 hoc
765 848 807 876 ut
823 845 992 876 similibus

0 885 92 924 Urbis
110 898 352 930 nonnunquam
370 892 461 931 paria
478 894 539 923 aut
555 892 688 931 affinia,
723 893 818 923 nobis
843 895 882 924 ut
898 891 991 922 vide-

0 946 48 977 υτ,
69 937 182 969 minus
208 940 298 976 grato
318 938 412 969 modo
436 941 684 970 coacervantur.
714 936 878 984 προσόψει
896 933 988 982 κρᾶτ’

31 981 232 1031 ,ὀφθαλμοῖς
255 982 344 1030 ὁρῶν
363 985 445 1017 Ant.
466 982 546 1017 764.
573 987 647 1022 τοῖς
665 983 693 1018 δ’
720 983 864 1025 (δοῦσιν,
891 984 991 1031 οἷπερ

0 995 131 1111 &optem
160 1027 204 1076 μέ
227 1040 302 1064 ιστα
325 1029 463 1064 πάντων
489 1032 535 1066 ὧν
564 1028 673 1065 ὄπωπ’
702 1030 769 1078 ἐγὼ
792 1036 910 1066 κακῶν
935 1033 987 1065 ΕΙ.

2 1074 60 1122 ΙΪΙ2.
89 1075 145 1110 63.
181 1089 279 1123 οιπερ
301 1076 437 1124 εἴδομεν
463 1080 498 1110 in
534 1080 584 1111 his
612 1080 799 1111 necessario
827 1081 987 1119 iteratur,

0 1126 57 1165 3¹¹¹!
81 1125 163 1157 dicit
188 1125 280 1156 enim
304 1127 359 1166 qul
383 1125 514 1166 quidem
537 1126 700 1166 vidimus,
735 1128 796 1159 hoc
820 1127 903 1159 dicit
926 1137 992 1159 sese

0 1168 119 1212 wisse,
148 1173 206 1213 qui
219 1175 351 1212 praeter
365 1175 485 1204 ceteros
509 1175 690 1205 maximam
708 1173 841 1206 dolendi
857 1184 993 1206 causam

0 1214 107 1261 pacat.
137 1219 178 1251 V.
201 1220 281 1250 Lob.
302 1220 342 1251 ad
367 1220 421 1251 Ai.
443 1217 524 1252 882.
545 1238 590 1244 —
616 1222 666 1252 De
685 1218 768 1267 ὁρᾷν
786 1231 861 1253 cum
882 1222 992 1254 verbis

0 1263 5 1273 '
27 1263 128 1306 ούειν,
155 1263 282 1306 κλύειν,
313 1264 459 1311 ἱστορεῖν
478 1277 536 1309 per
552 1269 796 1309 oppositionem
815 1270 992 1300 coniuncto

0 1350 10 1362 Ἰ
22 1313 52 1345 is
69 1313 149 1344 loeis
166 1314 308 1353 egimus.
329 1332 370 1336 -—
391 1313 405 1355 ss
423 1314 534 1346 Unum
554 1315 653 1355 addo,
683 1325 747 1346 non
775 1313 871 1348 ἰδού
897 1316 992 1347 modo

0 1368 143 1401 unquam
160 1361 426 1392 interiectionem
446 1362 524 1401 legi,
553 1362 641 1402 quod
665 1362 743 1393 olim
762 1363 989 1403 tractavimus,

0 1406 39 1440 'ud
57 1407 161 1439 etiam
187 1405 238 1440 ἴδε
262 1406 319 1439 OG
340 1404 440 1439 1462.
469 1409 523 1440 Tr.
545 1406 626 1440 821.
660 1410 693 1440 in
719 1410 846 1441 cantico
864 1410 993 1442 chorico

695 1455 743 1500 (11
762 1466 796 1497 p.
816 1453 897 1496 344,
920 1453 995 1500 11.)

0 1532 3 1566 3
47 1518 56 1531 '
69 1520 248 1570 Οργοίζω
264 1526 389 1565 subiyo.
411 1523 523 1571 πηλὸν
539 1524 693 1571 ὀργάζων
702 1526 820 1573 χεροῖν
831 1526 934 1558 Pand.
949 1528 989 1559 fr.

0 1566 61 1610 32.
81 1573 123 1602 cf.
144 1568 259 1618 ἀργός.
280 1570 450 1618 [ὀργιάζειν
473 1570 603 1618 πηλόνε
623 1572 662 1607 τὸ
682 1571 883 1619 διαβρέχειν.
902 1571 993 1607 οὕτω

0 1614 45 1662 rip
76 1617 115 1651 τὸ
147 1616 314 1664 ὑγραίνειν
347 1618 380 1653 οί
402 1618 554 1667 -άρχαῖοι
586 1618 723 1666 λέγουσι
749 1620 926 1658 Plirynich.
957 1622 992 1652 in

0 1665 85 1703 lekk.
106 1665 172 1697 An.
194 1676 227 1706 p.
248 1663 305 1706 53,
326 1664 414 1711 31.].
450 1669 502 1699 Ex
520 1669 634 1699 eadem
652 1669 791 1700 sortasse
811 1668 923 1699 fabula
940 1671 994 1700 est

0 1702 144 1754 {nticula
176 1714 216 1744 ab
249 1713 312 1744 ΕΜ
346 1717 477 1746 servata
511 1725 542 1756 p.
570 1712 638 1746 629
651 1740 659 1755 ‚
681 1712 745 1747 34:
782 1713 923 1760 ὀργάσαι
953 1714 992 1748 τὸ

0 1756 219 1805 ιῃλοποιῆσαί
243 1758 313 1794 ἐστι
333 1759 392 1794 καὶ
418 1758 511 1808 ὑγρῷ
529 1760 631 1806 ξηρὸν
657 1759 759 1805 μίξαι.
795 1760 883 1808 Σοφ.
913 1760 992 1796 θέ-

0 1794 101 1851 }th
134 1805 275 1852 πηλὸν
309 1805 507 1854 ὀργάσαι.
545 1809 603 1841 EG
630 1819 663 1849 p.
684 1806 765 1849 432,
786 1808 842 1842 53.
873 1811 991 1842 vitiose

0 1849 203 1901 ξρνγάσασθαι.
233 1855 273 1886 V.
294 1855 432 1888 Ruhnk.
453 1856 492 1887 ad
512 1857 597 1888 Tim.
619 1866 652 1897 p.
676 1853 753 1888 180.

0 1908 10 1924 Β)

0 1448 175 1495 [itumque.

0 1941 10 1981 {j
51 1932 283 1981 Ὀργαίνω.
312 1938 531 1970 Intransitive
557 1940 701 1970 irascor.-
728 1936 766 1971 οὐ
793 1937 856 1984 γὰρ
874 1936 992 1984 ὀργαί-

0 1989 48 2017 tw
71 1980 178 2016 καλόν
203 1983 258 2014 Tr.
283 1981 363 2015 552.
409 1985 601 2017 Transitive
627 1987 662 2017 ἰπ
688 1987 773 2016 iram
796 1987 990 2017 ezr-stimulo:

0 2023 40 2065 'est
64 2026 127 2075 γὰρ
153 2026 194 2062 ἂν
218 2028 343 2076 πέτρου
369 2029 468 2076 φύσιν
486 2029 524 2064 σύ
542 2030 572 2078 γ’
589 2030 765 2078 ὀργάνειας
782 2033 840 2064 0st
857 2030 925 2064 335
943 2033 987 2072 gl.

0 2071 31 2114 ῑς
48 2074 154 2123 ὀργὴν
170 2087 224 2110 κιν
235 2075 242 2087 ’
254 2088 358 2115 σειας.
388 2079 473 2110 (lum
489 2082 673 2120 utrumque
691 2080 885 2121 exemplum
902 2083 993 2111 attu-

0 2124 60 2156 erit
77 2124 173 2156 Eust.
191 2088 318 2166 p.⁷i502‚
337 2121 391 2157 39.
414 2123 493 2166 792,
509 2123 566 2166 34,
587 2130 621 2158 et
633 2127 694 2158 hoc
707 2130 879 2168 praeterea
893 2126 987 2158 Suid.

0 2181 16 2204 ῐ.
36 2169 213 2217 ὀργάνειας
225 2197 233 2211 ,
261 2173 481 2204 audacissime
498 2174 634 2214 ingenio
652 2174 784 2212 ludens,
813 2178 850 2206 et
865 2175 893 2205 si
911 2183 990 2206 sen-

0 2218 123 2255 entiam
141 2220 414 2259 consideraveris,
435 2230 552 2260 parum
569 2224 646 2261 apte
663 2220 854 2252 llemsterh.
876 2222 989 2253 conie-

0 2261 31 2311 it
55 2262 294 2310 ὀργάσειας
319 2277 372 2307 ap.
395 2267 530 2299 Ruhnk.
551 2268 592 2299 ad
610 2268 695 2299 Tim.
717 2278 750 2309 p.
775 2265 853 2300 180.
890 2269 990 2300 Prae-

0 2311 36 2356 ’ρι’
53 2311 246 2353 Sophoclem
272 2323 337 2345 uno
354 2314 423 2345 loco
441 2311 588 2359 ὀργαίνω
605 2315 730 2355 legitur
747 2315 882 2346 omnino
908 2316 990 2346 iras-

0 2358 76 2402 gndi
93 2360 337 2399 significatione
355 2361 436 2392 Eur.
453 2361 525 2393 Alc.
546 2357 646 2402 1116,
667 2371 729 2393 nec
745 2363 893 2403 profecto
909 2361 992 2393 duo—

0 2406 48 2446 [ms
73 2407 241 2448 exemplis
264 2407 350 2439 illud
374 2408 536 2448 efficitur,
573 2412 612 2440 ut
635 2409 734 2440 tertio
758 2409 871 2449 aliquo
893 2409 992 2441 aliter

0 2445 111 2489 fictum
129 2454 269 2486 verbum
294 2455 408 2486 statim
433 2455 475 2487 de
492 2456 575 2486 vitio
591 2459 788 2496 suspectum
804 2456 860 2487 sit.
890 2456 991 2488 Prae-

0 2498 76 2546 §rea
102 2501 211 2532 verbis
244 2502 281 2533 in
305 2512 386 2541 ευω,
422 2512 504 2543 υνω,
540 2513 624 2536 αινω
653 2512 829 2534 commune
855 2507 907 2535 est
918 2527 926 2543 ,
953 2506 992 2534 ut

0 2548 161 2588 ransitive
177 2551 213 2580 et
228 2547 444 2580 intransitive
460 2550 670 2590 significent3
693 2550 741 2581 sic
756 2560 781 2596 χ
790 2560 806 2582 ε
816 2560 834 2595 ρ
844 2560 863 2582 σ
873 2560 888 2582 ε
898 2546 918 2582 ύ
928 2560 943 2583 ε
954 2559 991 2582 ιν

0 2592 37 2639 iet
59 2591 183 2639 χέρσον
208 2596 330 2634 ποιεῖν,
365 2593 489 2641 χέρσον
518 2593 604 2628 εἶναι
629 2600 664 2628 et
688 2594 723 2630 ἐν
749 2594 864 2642 χέρσῳ
892 2594 989 2636 εἶναι,

0 2638 99 2687 Ιακχ
109 2651 124 2673 ε
134 2638 153 2674 ὑ
164 2651 179 2674 ε
192 2652 226 2674 ιν
251 2642 399 2674 bacchari
416 2646 450 2674 et
467 2642 614 2675 bacchari
630 2642 740 2683 facere
751 2667 760 2682 ,
820 2655 838 2676 0
849 2654 866 2688 ρ
875 2654 892 2676 ε
903 2641 946 2676 :Se
956 2654 966 2676 ι
975 2654 993 2676 ν

0 2687 108 2731 ζᾳῑίατε
125 2691 160 2719 et
175 2689 367 2728 compellere
380 2689 424 2720 ud
437 2689 640 2730 saltandum,
661 2687 684 2723 θ
693 2701 715 2722 α
725 2701 742 2735 ρ
753 2701 772 2723 σ
781 2702 799 2724 υ
809 2701 826 2723 ν
837 2701 898 2723 ειν
917 2692 992 2722 (ιηί-

0 2740 76 2766 mm
92 2735 211 2766 addere
228 2739 264 2767 et
281 2735 404 2776 habere,
427 2734 475 2782 βρ
485 2734 562 2769 αὸὑ
572 2747 612 2769 νε
623 2748 659 2769 ιν
676 2739 799 2769 morari
815 2740 851 2769 et
867 2747 994 2769 moram

0 2775 128 2827 ffeere,
157 2779 175 2814 ὀ
186 2778 278 2820 ξύνε
289 2792 325 2814 ιν
342 2792 452 2814 acrem
467 2783 601 2815 reddere
619 2787 654 2815 et
671 2794 826 2824 acescere,
854 2782 905 2817 ἀλ
915 2796 934 2830 γ
944 2782 962 2816 ι’)
975 2803 994 2809 -

0 2836 29 2860 ιε
39 2837 75 2859 ιν
101 2827 244 2860 dolorem
260 2831 392 2868 yiynere
409 2834 444 2862 et
461 2830 580 2869 dolere,
607 2841 658 2863 κυ
669 2828 795 2874 μαίνε
806 2842 843 2863 ιν
866 2841 995 2863 movere

0 2876 23 2906 »t
37 2875 172 2915 implere
188 2876 342 2918 fluctibus
358 2874 556 2920 (Pherecyd.
579 2888 631 2918 ap.
651 2877 778 2909 Athen.
799 2888 832 2919 p.
853 2875 922 2910 470
939 2876 994 2922 (1.)

0 2919 23 2952 a
53 2921 213 2962 fluctuare
224 2946 232 2962 ,
280 2920 298 2954 δ
310 2933 325 2954 ε
336 2933 412 2967 ιμα
423 2921 460 2956 ίν
471 2934 532 2956 ειν
561 2928 740 2964 perterrere
772 2929 807 2956 et
837 2927 990 2965 metuere,

0 2964 170 3001 ευλλαίν
181 2979 244 3002 ειν
269 2971 440 3002 incurvare
458 2975 492 3003 et
509 2972 688 3005 incurvari.

4 3063 9 3069 ·*
48 3041 283 3096 Ὀργᾶνον.
304 3050 318 3092 ΙΙ
337 3053 602 3085 instrumentum.
629 3049 875 3098 ἀθηρόβρωτον
893 3050 994 3098 ὄργα-

0 3095 45 3129 lm
61 3094 175 3142 φέρων
192 3098 301 3138 Niptr.
325 3099 366 3130 fr.
388 3095 466 3130 404.
502 3099 554 3130 De
571 3099 760 3139 inunyendo
774 3100 880 3139 pallio
896 3109 993 3131 vene-

0 3145 67 3176 m
89 3144 215 3175 dictum
248 3145 347 3184 paulo
378 3145 516 3176 liberius
548 3143 632 3178 κλᾶε
666 3141 691 3178 δ’
727 3144 879 3191 ὀργάνων
912 3144 993 3179 ὅτου

0 3184 146 3268 &taeta
176 3187 229 3227 οἷς
254 3188 381 3237 ἐχρῆτο
416 3192 472 3223 Tr.
494 3189 572 3224 905.
602 3203 633 3223 ν.
656 3193 771 3224 Valck.
798 3193 838 3224 ad
864 3193 990 3224 Phoen.

3 3270 7 3272 ,
31 3232 90 3268 27.
124 3237 171 3268 At
187 3237 306 3269 Ulixes
323 3238 474 3270 dolorum
498 3239 704 3270 machinator
723 3243 857 3271 vocatur
881 3237 994 3272 ἁπάν-

0 3285 54 3329 μν
71 3287 188 3316 κακῶν
207 3281 348 3328 ὄργανον
368 3285 418 3316 Αἰ.
434 3282 552 3316 Reum.
568 3303 608 3308 -
623 3283 635 3328 ΙΙ
651 3295 701 3317 res
717 3295 811 3326 opere
828 3285 989 3326 confecta.

43 3327 288 3364 ποικιλώτατον
305 3328 431 3376 ξουθῆς
451 3330 615 3376 μελίσσης
632 3330 871 3376 κηρόπλαστον
889 3330 995 3379 ὄργα-

68 3376 195 3415 Polyid.
218 3379 258 3408 fr.
280 3375 360 3418 404,
380 3377 412 3411 5,
443 3389 542 3419 quem
570 3388 700 3410 versum
727 3380 871 3411 afferens
888 3380 990 3411 schol.

61 3447 67 3454 .
89 3423 214 3455 Phoen.
239 3421 304 3455 114
322 3434 355 3465 p.
377 3423 434 3465 67,
457 3423 499 3457 17
517 3426 570 3458 cd.
592 3426 655 3458 Ox.
685 3423 828 3471 ὄργανον
846 3427 995 3468 explicat

768 156 982 230 ’θρτάζω
1010 192 1071 199 -
1093 160 1240 229 ‘Oet

1943 157 2042 206 539

1027 277 1137 326 ἔργον,
1166 278 1208 313 ἐκ
1222 281 1283 312 τοῦ
1300 280 1478 316 ποιοῦντος
1493 277 1534 311 τὸ
1551 275 1768 321 ποιούμενον.
1790 276 1863 317 favi
1879 276 2042 308 dicuntur

1027 330 1163 368 propter
1181 327 1386 359 multiforme
1403 335 1498 367 opus.
1526 327 1567 357 V.
1586 325 1700 357 Valck.
1722 325 1744 356 1.
1766 334 1795 355 c.
1816 333 1848 365 p.
1870 319 1954 402 632425.
1986 366 2009 400 2
2027 367 2044 409 )

1096 415 1142 453 Ὀ
1154 418 1245 466 ργή.
1267 418 1378 464 [Gur-t.
1401 420 1455 451 Et.
1472 415 1570 463 168]
1585 418 1601 460 11
1618 418 1743 450 indoles
1760 369 1867 449 ἓηίιξιὶ
1883 394 2039 458 inprimis

1027 471 1194 508 quatenus
1212 467 1333 507 agendi
1359 467 1500 507 quadam
1519 468 1551 497 vi
1569 470 1604 497 et
1621 466 1770 497 efficacia
1787 465 1947 496 cernitur.
1986 463 2041 496 Sic

1028 524 1093 546 non
1112 516 1220 556 poetis
1237 515 1333 546 modo
1347 514 1471 546 dicitur
1494 512 1543 556 (v.
1566 513 1701 545 Ruhnk.
1723 516 1757 544 et
1774 513 1801 544 Ι.
1817 512 1860 542 11.
1884 513 1980 543 Voss.
2001 511 2042 542 ad

1028 562 1142 601 hymn.
1162 561 1237 593 Cer.
1258 558 1339 593 205.
1361 561 1454 600 Tyrt.
1467 557 1502 600 2,
1524 557 1556 593 3.
1578 560 1726 600 Theogn.
1744 556 1846 599 215.)
1863 558 1920 590 sed
1938 558 2040 589 etiam

1028 610 1249 650 prosariorum
1269 608 1478 646 Thucydidi:
1502 618 1531 638 v.
1553 608 1666 648 Intpp.
1688 607 1728 638 ad
1749 603 1780 644 1,
1804 602 1880 637 140.
1902 615 1934 646 p.
1957 601 2036 635 692.

1028 660 1052 687 t.
1067 653 1099 687 7.
1122 656 1226 697 Popp.
1249 654 1286 688 σὲ
1305 649 1333 687 δ’
1349 652 1561 699 αὐτόγνωτος
1578 650 1677 687 ὤλεσ’
1695 651 1779 699 ὀργά
1797 653 1877 684 Ant.
1898 649 1967 683 875
1986 652 2038 682 cli.

1030 703 1092 734 EM
1118 713 1151 743 p.
1184 700 1268 741 173,
1295 699 1351 733 38.
1389 702 1535 742 explicat
1562 699 1636 735 ἀντὶ
1663 702 1723 733 τοῦ
1754 697 1955 744 αὐθαίρετος
1984 696 2043 730 καὶ

1029 747 1242 795 ἰδιογνώμων
1257 747 1397 793 τρόπος.
1426 746 1558 781 εἰσιδών
1576 759 1626 785 τις
1651 745 1806 792 ἐμφερὴς
1831 745 1908 790 ἐμοὶ
1935 743 2041 790 ὀργὴν

1028 790 1061 830 θ’
1079 793 1199 841 ὁμοῖος
1214 796 1267 828 Ai.
1285 793 1373 827 1153
1386 796 1473 837 quod
1492 794 1738 835 indiynabundi
1755 794 1920 835 quandam
1934 793 2038 824 animi

1030 844 1127 875 habet
1145 844 1464 883 adsignificationem
1478 868 1485 882 ,
1515 846 1553 873 ut
1572 843 1617 874 ita
1633 843 1674 873 ad
1692 843 1760 873 irae
1779 841 1948 872 notionem
1966 849 2041 871 mu—

1029 892 1141 922 niatur
1160 891 1337 922 transitus.
1367 887 1405 926 ὃς
1431 886 1545 923 οὐκέτι
1571 886 1771 933 συντρόφοις
1796 886 1912 933 ὀργαῖς
1931 885 2041 931 ἔμπε-

1029 935 1107 977 δος,
1137 934 1212 970 ἀλλ’
1239 935 1335 974 ἐκτὸς
1361 934 1477 980 ὁμιλεῖ
1508 936 1562 968 Αἰ.
1585 933 1653 968 640
1670 936 1722 967 ch.
1762 934 1870 967 Schol.
1901 931 2038 979 ὁρμαῖς,

1027 982 1180 1029 τρόποις.
1207 984 1377 1016 descivisse
1402 984 1538 1015 Aiacem
1564 985 1605 1015 ab
1631 983 1782 1022 ingenita
1808 982 1917 1013 indole
1942 981 2036 1012 dicit.

1027 1029 1220 1077 κερτομίοις
1240 1029 1358 1076 ὀργαῖς
1383 1031 1463 1063 Aut.
1485 1027 1554 1062 956
1572 1031 1622 1061 ch.
1644 1032 1775 1070 propter
1796 1038 1921 1069 procace
1947 1030 2040 1068 ἐπρε-

1028 1080 1134 1110 niam.
1158 1097 1199 1102 —
1218 1077 1232 1119 ΙΙ
1249 1079 1418 1110 vehemens
1435 1079 1540 1108 animi
1557 1079 1708 1117 impetu-³.
1731 1074 1825 1113 ὅπως
1844 1074 1930 1122 ὀργῇ
1944 1085 2041 1121 χρω-

1029 1123 1116 1171 μένη
1140 1123 1291 1171 παρῆλθ’
1316 1123 1383 1158 ἔσω
1409 1125 1467 1156 011
1489 1121 1587 1156 1241.
1625 1125 1750 1156 Iocasta
1774 1123 1887 1164 furore
1915 1124 2041 1163 percita

1028 1172 1215 1213 abiectaque
1239 1182 1294 1213 spe
1316 1181 1426 1210 ruem,
1466 1173 1603 1203 minime
1627 1173 1688 1203 ira.
1712 1188 1753 1194 -
1780 1170 1795 1212 ss
1824 1171 1881 1201 Ira
1899 1173 1934 1201 et
1951 1169 2039 1201 indi-

1028 1221 1140 1259 ynatio
1158 1219 1331 1251 iracunda.
1354 1217 1439 1264 ὀργῇ
1457 1217 1577 1263 βαρείᾳ
1594 1218 1653 1250 Ph.
1667 1214 1746 1250 368.
1767 1214 1855 1250 κούκ
1869 1211 1941 1250 ἔσθ’
1959 1214 2039 1250 ὅτου

1029 1265 1132 1313 ὀργὴν
1167 1264 1259 1314 ἔχοις
1293 1263 1333 1299 ἂν
1363 1264 1444 1300 οὐδὲ
1479 1263 1607 1309 μέμψιν
1639 1264 1688 1302 είς
1714 1262 1776 1308 ἐμέ
1805 1261 1904 1296 1309.
1935 1262 2041 1310 ὀργὴν

1028 1311 1177 1359 ἐμέμψω
1194 1313 1256 1359 τὴν
1275 1311 1364 1359 ἐμήν
1382 1313 1439 1345 ΟΒ
1456 1310 1536 1345 337.
1566 1310 1681 1356 θυμοῦ
1700 1310 1736 1345 δι’
1765 1310 1782 1345 ὀ
1805 1313 1870 1356 γῆς
1888 1308 1969 1343 344.
1990 1310 2040 1346 ὡς

1029 1359 1134 1416 ὀργῆς
1160 1359 1232 1420 ἔχω
1256 1358 1337 1394 345.
1364 1358 1408 1393 τὰ
1431 1355 1519 1394 τοῦδ’
1548 1357 1591 1393 ἔτι
1639 1358 1725 1405 ὀργῇ
1750 1321 1917 1404 λεςέχθαι
1944 1356 2042 1391 δοκεῖ

1029 1406 1108 1441 400.
1128 1406 1302 1445 τουνειδος
1319 1407 1406 1454 ὀργῇ
1423 1404 1561 1452 βιασθέν
1578 1405 1607 1438 5¹
1626 1404 1657 1438 4.
1681 1409 1730 1438 ira
1747 1415 1954 1447 expressum.
1983 1405 2043 1438 τὸν

1031 1452 1238 1501 ἐκτρέπονται
1263 1453 1355 1500 φαίω
1380 1452 1419 1488 δι’
1447 1454 1552 1500 ὀργῆς
1577 1451 1658 1486 807.
1686 1456 1749 1498 τῆς
1775 1456 1837 1498 σῆς
1855 1447 1907 1485 ὑπ’
1937 1451 2042 1499 ὀργῆς

1029 1503 1084 1535 OG
1103 1500 1183 1536 411.
1219 1500 1307 1548 ὀργῇ
1325 1500 1426 1550 χάριν
1453 1500 1533 1538 δούς
1558 1499 1639 1532 855.
1667 1501 1873 1542 yratificntus
1899 1501 1918 1530 i.
1941 1509 1970 1531 e.
1991 1508 2043 1530 ce-

1029 1549 1120 1582 dem.
1148 1548 1180 1583 εί
1210 1548 1242 1582 δι
1278 1548 1384 1594 ὀργῆς
1406 1548 1493 1594 ἧκον
1518 1545 1597 1580 905.
1628 1546 1706 1592 πρὶν
1730 1547 1835 1593 ὀργῆς
1859 1544 1952 1589 κάμὲ
1979 1557 2042 1592 με-

1029 1600 1157 1630 στῶσαι
1179 1598 1256 1628 Ant.
1276 1594 1357 1629 280.
1387 1595 1474 1641 ἀνὴρ
1495 1593 1641 1640 βέβηκεν
1659 1593 1693 1634 ἐξ
1712 1594 1817 1640 ὀργῆς
1833 1592 1940 1638 ταχύς
1958 1590 2037 1625 766.

1029 1642 1130 1690 ὀργὰς
1155 1642 1310 1687 εὐμενεῖς
1333 1641 1563 1690 κατασχεθεῖν
1580 1640 1813 1687 (αἰτήσαντες)
1833 1639 1933 1674 1200.
1954 1641 2043 1682 quod

1030 1701 1095 1722 non
1120 1692 1357 1732 explicandum
1384 1700 1460 1723 cum
1486 1691 1676 1727 Musgravio
1699 1691 1852 1721 animum
1874 1691 1988 1720 mitem
2011 1691 2042 1719 et

1027 1740 1209 1778 propitium
1234 1738 1348 1770 habere
1361 1763 1368 1777 ‚
1396 1738 1558 1779 quomodo
1575 1738 1668 1768 enim
1684 1738 1732 1768 sic
1759 1737 1849 1768 verbi
1867 1745 2041 1782 κατασχε-

1029 1783 1104 1818 θεῖν
1123 1796 1183 1817 sua
1209 1789 1340 1817 constet
1362 1785 1585 1824 significatio?
1610 1785 1667 1816 sed
1694 1794 1735 1815 ex
1764 1783 1910 1825 prolepsi
1939 1783 2041 1814 simul

1028 1836 1063 1864 et
1078 1842 1254 1872 oxymoro,
1284 1829 1513 1879 κατασχεθεῖν
1539 1829 1660 1877 ὀργάς,
1690 1830 1776 1863 ὥστε
1803 1828 1957 1874 εὐμενεῖς
1983 1841 2043 1876 γε-

1027 1876 1164 1913 νέσθαιε
1194 1889 1256 1911 uec
1279 1873 1434 1923 εὐμενεῖς
1459 1883 1494 1910 et
1518 1878 1620 1925 ὀργάς
1647 1879 1769 1917 iunge,
1797 1878 1855 1909 sed
1881 1881 2042 1918 tanquam

1027 1927 1253 1958 accusativum
1271 1928 1414 1959 subiecti
1434 1927 1521 1958 refer
1539 1928 1578 1958 ad
1605 1923 1736 1958 ἐνοδίαν
1754 1923 1834 1959 θεὸν
1852 1920 2042 1957 Πλούτωνά

1026 1984 1074 2006 τε.
1104 1970 1143 2006 οὐ
1162 1971 1261 2007 λάθει
1278 1968 1308 2017 μ’
1330 1972 1416 2019 ὀργά
1434 1974 1486 2005 El.
1504 1970 1574 2005 222
1586 1984 1628 2004 m.
1658 1973 1780 2004 Trio-L:
1802 1969 1846 2016 ἣν
1865 1968 1977 2017 ὀργίζο
2008 1982 2042 2004 αι

1029 2018 1046 2052 δ
1074 2018 1199 2053 λονότι.
1225 2018 1333 2065 μηδὲν
1351 2020 1436 2067 πρὸς
1454 2018 1559 2065 ὀργὴν
1578 2017 1658 2052 369.
1679 2018 1763 2064 πρὸς
1780 2017 1819 2065 ὀρ
1842 2016 1886 2063 ὴν
1904 2018 1970 2064 ἐκφ
1992 2029 2042 2063 ρει

1028 2032 1107 2099 628.
1136 2065 1307 2113 κατάσχες
1325 2066 1430 2113 ὀργήν
1452 2065 1552 2099 1011.
1582 2064 1684 2114 ἔσχον
1704 2064 1806 2112 ὀργάν
1846 2063 1916 2099 282
1933 2076 1978 2097 m.
1999 2066 2041 2097 de

1027 2115 1097 2146 loco
1122 2115 1277 2146 laeunoso
1295 2119 1330 2146 et
1346 2116 1449 2147 dubia
1467 2116 1637 2147 sententia
1654 2125 1685 2145 v.
1707 2114 1822 2145 Herm.
1851 2111 1942 2160 ἀμφὶ
1965 2114 2040 2149 τοῖς

1028 2159 1185 2206 σφαλεῖσι
1204 2160 1253 2207 μὴ
1268 2156 1298 2201 ’ξ
1319 2159 1477 2199 ἑκουσίας
1495 2160 1580 2207 ὀργὴ
1598 2160 1742 2204 πέπειρα
1759 2161 1814 2192 Tr.
1837 2158 1915 2192 728.
1936 2156 2041 2205 τοῦρ-

1027 2220 1086 2255 γον
1103 2206 1177 2242 κατ’
1194 2206 1299 2254 ὀργὴν
1317 2207 1364 2246 ὡς
1382 2207 1544 2255 ἐφάψειεν
1569 2207 1646 2242 τόδε
1671 2205 1752 2241 933.
1781 2208 1841 2239 sibi
1864 2210 1950 2240 irata
1974 2216 2042 2238 sese

1028 2258 1245 2294 interemerat,
1275 2266 1306 2286 v.
1327 2256 1443 2287 Herm.
1470 2254 1616 2302 ἀστεργῆ
1642 2252 1725 2293 θεᾶς
1751 2253 1791 2289 ἐκ
1820 2249 1906 2288 'oar'
1934 2252 2040 2299 ὀργήν

1028 2304 1083 2335 Ai.
1103 2300 1184 2335 777.
1205 2300 1363 2340 οἰνωθεὶς
1379 2301 1468 2347 ἀνὴρ
1484 2301 1600 2347 ἥσσων
1620 2301 1681 2346 μὲν
1701 2301 1740 2346 ὀρ
1768 2304 1806 2339 ’ς
1843 2300 1894 2335 στί
1912 2303 1951 2333 fr.
1969 2303 2035 2332 inc.

1026 2346 1169 2389 Q
1180 2347 1265 2395 ὀργὴ
1283 2347 1441 2394 γέροντος
1504 2347 1713 2395 ἀμβλύνεται
1723 2314 1803 2388 7971,
1819 2347 1848 2381 1.
1870 2349 1925 2381 Sic
1940 2357 2038 2389 prae-

1027 2401 1120 2429 terea
1145 2397 1360 2429 scribendum
1384 2401 1419 2429 et
1445 2397 1681 2438 explicandum
1705 2398 1847 2428 arbitror
1871 2397 1928 2429 Tr.
1948 2393 2035 2427 72οε

1028 2442 1196 2484 δέδοκται,
1216 2445 1332 2482 κεῖνος
1349 2441 1380 2477 εἰ
1397 2442 1618 2489 σφαλήσεται,
1637 2441 1745 2489 ταύτῃ
1763 2442 1821 2476 σὺν
1839 2441 1926 2491 ὀργῇ
1947 2439 2041 2486 κάμὲ

1028 2487 1207 2524 συνθανεῖν
1232 2487 1317 2535 ἅμα.
1354 2491 1409 2523 Sic
1434 2492 1509 2523 libri
1527 2495 1658 2523 veteres
1682 2491 1854 2533 plerique3
1893 2490 1960 2522 LB.
1983 2489 2038 2521 LG

1029 2538 1128 2569 Tricl.
1158 2535 1263 2584 ὁρμῇ,
1291 2539 1379 2579 quod
1404 2539 1439 2570 in
1464 2539 1525 2569 LA
1543 2539 1680 2579 quidem
1698 2549 1716 2570 a
1734 2548 1776 2569 m.
1788 2548 1838 2579 pr.
1858 2550 1879 2583 γ
1896 2546 1996 2577 super
2014 2548 2040 2580 μ

1028 2586 1134 2626 posito
1147 2585 1386 2625 significatum,
1407 2585 1466 2617 sed
1480 2586 1560 2617 adeo
1574 2587 1640 2617 non
1659 2586 1793 2625 elegans
1806 2589 1870 2622 ost,
1886 2588 1926 2616 ut
1942 2585 2038 2623 igna-

1031 2642 1105 2663 rum
1123 2641 1220 2663 verae
1238 2633 1427 2664 sententiae
1445 2635 1662 2664 correctorem
1683 2632 1811 2673 prodat.
1840 2628 1928 2676 αὕτη
1954 2628 2039 2676 ὀργή

1030 2679 1153 2710 dicitur
1174 2682 1310 2719 propter
1334 2679 1529 2719 Herculem,
1560 2680 1588 2710 si
1614 2681 1662 2711 ita
1685 2678 1832 2717 accidat,
1858 2680 2040 2719 peremtum

1029 2728 1203 2766 concepta,
1239 2735 1303 2766 qua
1326 2727 1400 2767 ipsa
1427 2736 1559 2767 quoque
1586 2730 1725 2758 mortem
1748 2727 1811 2758 sibi
1836 2726 2039 2757 consciscere

1028 2773 1176 2804 decrevit
1200 2773 1360 2804 Deianira
1384 2774 1444 2804 sibi
1469 2775 1576 2812 irata,·
1611 2783 1697 2813 quae
1729 2773 1845 2804 eadem
1870 2773 2040 2804 sententia

1030 2822 1082 2851 est
1099 2830 1130 2851 v.
1151 2816 1231 2851 933.
1270 2817 1408 2864 ὁρμήν
1442 2823 1597 2851 conatum
1630 2821 1872 2861 interpretatur
1897 2820 2035 2857 Herm.;

1031 2867 1090 2898 sed
1108 2866 1269 2907 quomodo
1293 2864 1332 2898 τὸ
1351 2864 1563 2910 σφάλλεσθαι
1583 2862 1760 2912 “Ηρακλέα
1777 2870 1917 2898 conatus
1933 2865 2040 2907 possit

1030 2913 1107 2953 dici,
1129 2922 1195 2945 nou
1212 2914 1388 2954 perspicio.
1410 2931 1456 2937 —
1482 2913 1496 2955 ΙΙ
1521 2914 1712 2946 Solitarium
1730 2917 1792 2954 est,
1823 2914 1880 2945 sed
1900 2923 1918 2944 a
1935 2913 2039 2953 prima

1030 2955 1273 3000 significatione
1299 2959 1467 2992 deflexum
1492 2961 1533 2992 de
1561 2961 1700 2993 hominis
1734 2961 1879 2992 sollertia
1912 2960 2040 2991 dietum

1030 3005 1089 3039 καὶ
1106 3004 1250 3050 ἀνεμόεν
1264 3004 1425 3052 φρόνημα
1441 3006 1499 3041 καὶ
1516 3005 1726 3052 ἀστυνόμους
1745 3005 1847 3052 ὀργὰς
1864 3003 2041 3044 ἐδιδάξατο

1030 3054 1111 3085 Ant.
1125 3050 1193 3085 355
1208 3053 1260 3085 ch.
1282 3053 1352 3084 1100
1368 3055 1480 3095 ipsum
1498 3055 1585 3086 haud
1605 3055 1705 3086 dubie
1723 3058 1802 3086 ante
1817 3055 1927 3086 oculos
1944 3053 2040 3084 scho-

1030 3101 1145 3132 liastes
1157 3100 1285 3134 habuit.
1304 3111 1378 3132 cum
1393 3101 1542 3142 explicet
1557 3100 1621 3146 τὴν
1632 3105 1701 3134 τῶν
1714 3099 1829 3145 νόμιον
1849 3097 2038 3145 ἐμπειρίαν,

1031 3141 1069 3179 δι’
1098 3146 1144 3180 ὧν
1168 3144 1211 3179 τὰ
1234 3144 1338 3180 ἄστεα
1360 3146 1531 3192 νέμονται,
1561 3146 1579 3180 ὅ
1599 3146 1669 3181 ἐστι
1686 3146 1903 3180 διοικοῦνται.
1931 3147 2039 3185 Quem

1029 3194 1190 3234 quomodo
1215 3190 1356 3240 ἀρχάς
1382 3196 1504 3235 legisse
1521 3196 1684 3236 suspicari
1700 3195 1849 3235 potuerit
1861 3194 1976 3226 Valek.
2000 3193 2041 3224 ad

1029 3241 1184 3272 Ammon.
1212 3250 1246 3281 p.
1268 3239 1324 3274 71.
1354 3251 1451 3273 nemo
1480 3243 1577 3273 facile
1601 3242 1824 3282 perspexerit.
1868 3241 2038 3281 Numquid

1029 3284 1144 3334 ἀρχή
1179 3288 1339 3329 explicari
1373 3290 1483 3330 potuit
1515 3286 1750 3333 ἐμπειρίαῖ
1787 3289 1857 3333 Imo
1882 3284 2041 3334 ἐμπειρία

1029 3338 1158 3374 spectat
1184 3332 1310 3380 ὀργήν,
1339 3339 1380 3367 ut
1394 3336 1519 3367 rectius
1536 3337 1724 3376 scripturus
1749 3335 1914 3376 interpres
1939 3335 2043 3366 fuerit

1028 3382 1109 3418 νοῦς
1133 3378 1157 3425 ἢ
1182 3379 1315 3416 διάνοια
1339 3380 1511 3428 ἐμπείρως
1537 3380 1677 3427 ἔχουσα,
1707 3382 1778 3413 sive
1795 3379 1910 3426 νόμων
1927 3382 2041 3423 potius

1029 3424 1197 3473 εὖρετική.
1739 3426 1789 3473 (11
1806 3437 1839 3472 p.
1861 3425 1943 3470 346,
1965 3425 2041 3478 10.)
