2288 3600
258 119 359 167 614

1199 111 1418 181 Πατρῷον,

2043 2 2050 14 ⁴:
2097 4 2106 18 τ
2124 20 2126 22 ,
2147 0 2227 37 3³.sz

2015 108 2190 170 [111225'2

261 236 352 267 enim
370 245 404 275 p.
429 231 507 265 111.
537 234 707 265 scribente
735 233 960 278 πατρῷα..
978 229 1044 265 ,τὰ
1069 230 1108 264 ἐκ
1126 229 1283 277 πατέρων
1321 231 1412 262 enim
1441 229 1599 261 vitricum
1633 230 1828 270 significans
1862 230 1927 262 ΕΜ
1960 241 1994 273 p.
2027 226 2116 272 656,
2141 227 2201 264 28.
2229 214 2240 221 „

260 280 308 320 εἰς
326 280 421 319 υἱοὺς
438 282 632 337 χωροῦντα,
661 277 871 325 πατρικοὶ
902 277 940 312 δὲ
963 275 987 324 ἢ
1011 276 1106 324 φίλοι
1128 275 1152 323 ἢ
1178 276 1278 319 ξένοι,
1318 287 1351 319 p.
1374 274 1457 318 455,
1477 274 1534 309 48.
1570 276 1628 309 Gr.
1648 277 1766 309 Herm.
1791 287 1827 319 p.
1848 274 1928 319 350,
1956 275 2002 311 26
2028 282 2065 311 et
2085 272 2245 321 inim-ie(¹

260 329 426 374 πάτρια
452 328 490 363 ee
523 326 566 361 τὰ
597 331 662 373 τῆς
696 325 831 364 πόλεως
866 323 932 372 ἔθη
970 328 1057 358 bene
1090 329 1283 366 congruunt

259 378 359 419 paulo
378 377 580 418 explicatius
592 376 773 416 loquentes
792 375 848 406 Gr.
863 375 968 406 Bckk.
991 374 1119 406 Anecd.
1140 383 1174 414 p.
1196 370 1277 413 297,

259 422 323 464 30,
359 424 457 455 Phot.
486 434 520 464 p.
550 420 638 463 402,
658 419 716 462 22,
758 422 853 455 Suid.
884 432 916 453 v,
953 421 1126 467 πατρῷος,
1163 430 1281 452 omnes

260 470 438 518 πατρῷα
462 471 610 502 maxime
635 467 803 516 χρήματα
826 466 990 514 κτήματα
1013 466 1141 506 τόπους
1170 468 1280 499 vocari

259 521 486 559 affirmantes3
517 515 679 564 πάτρια
697 527 763 549 uon
783 514 848 562 ἔθη
867 517 963 548 modo
982 516 1041 547 scd
1059 517 1161 548 etiam
1178 513 1278 559 νόμι-

260 578 328 611 μα,
357 564 547 612 μυστήρια,
577 562 711 610 ἑορτάς,
740 561 959 608 πατρικός
987 565 1101 595 autem
1128 563 1223 594 Phot.
1246 566 1281 593 et

260 615 354 647 Suid.
377 613 563 653 generatim
589 612 629 643 de
647 612 800 652 personis
826 612 892 643 dici
911 614 1108 642 memorant.
1149 610 1281 642 Similia

260 661 318 693 Gr.
333 661 449 692 Herm.
470 671 504 701 p.
520 656 600 700 327,
620 657 677 691 57.
707 660 750 692 cf.
767 655 848 699 350,
867 655 932 690 186
951 662 986 690 et
1003 658 1165 697 Hesych.:
1195 668 1250 690 πα
1263 675 1281 680 -

257 708 415 754 τρώιον
430 720 436 739 ;
465 706 503 741 τὸ
519 708 581 740 τοῦ
594 704 721 752 πατρός
735 716 742 724 ·
770 704 828 739 καὶ
845 703 912 738 ἀπὸ
931 703 1121 751 προγόνων,
1144 708 1178 736 et
1195 715 1280 737 πα-

257 755 391 802 τρώιο
403 767 439 792 ςε
461 752 626 800 πατρικάς
644 764 730 795 quae
754 754 902 786 maxime
920 753 1201 792 Wyttenbachius
1226 762 1280 784 se-

259 807 359 835 cutus
387 804 423 834 in
448 802 598 835 finiendo
624 802 769 833 videtur.
813 801 997 841 Aliquanto
1027 800 1080 831 his
1114 800 1281 831 liberalior

258 851 381 882 Pollux
398 851 443 882 ΙΙ.
469 847 503 882 2.
533 860 569 882 π.
598 846 778 894 γονέων.
798 845 821 892 ἡ
849 846 886 880 δὲ
913 845 969 880 διὰ
994 844 1125 880 τούτων
1144 849 1277 892 κτῆσις,

259 890 452 942 πατρῴα,
493 894 704 942 πατρική,
746 894 945 941 πάτριος.
993 895 1129 926 Scilicet
1154 895 1209 926 hic
1238 904 1281 925 ex

259 946 415 977 omnibus
434 945 637 976 Graecorum
655 944 763 975 literis
789 952 917 983 penum
935 943 1116 982 colligens,
1145 952 1279 973 accura-

260 993 355 1024 tioris
372 992 565 1024 Atticorum
583 991 844 1023 consuetudinis
861 999 988 1021 memor
1004 999 1072 1021 non
1091 990 1169 1021 fuit.
1197 989 1280 1020 Nam

257 1041 299 1071 ab
323 1041 386 1071 hac
411 1040 628 1080 depromptae
653 1038 946 1078 grammaticorum
979 1037 1152 1068 finitiones
1183 1039 1275 1078 sunt,

258 1088 358 1128 eique
376 1087 515 1128 optime,
544 1096 651 1127 pauca
670 1086 698 1117 si
715 1086 863 1126 excipias
882 1085 1049 1125 exempla,
1067 1087 1276 1125 congruunt,

258 1138 376 1175 poetae
403 1137 517 1166 autem
536 1134 644 1165 Attici
668 1143 735 1165 non
761 1130 926 1178 πατρικός
953 1132 1091 1172 quidem
1117 1129 1169 1174 (id
1188 1132 1279 1163 enim

259 1183 363 1214 semel
387 1182 515 1213 dictum
540 1181 621 1213 Eur.
643 1181 716 1212 Ion.
740 1177 864 1223 1304.)
891 1183 925 1210 et
950 1177 1104 1225 πάτριος,
1134 1179 1193 1210 sed
1211 1175 1280 1211 ποί-

257 1240 349 1274 τριος
367 1232 401 1261 et
417 1227 579 1273 πατρῷος
597 1229 823 1267 confundunt,
847 1229 894 1258 ita
911 1227 1049 1267 quidem
1066 1230 1105 1258 ut
1122 1223 1276 1272 πάτριος,

258 1277 346 1318 quod
364 1279 457 1317 patet
473 1277 594 1316 latius,
622 1285 681 1316 pro
707 1274 867 1320 πατρῷος
893 1275 1035 1314 dicatur,
1065 1274 1122 1305 scd
1141 1274 1280 1305 minime

258 1328 299 1356 nt
315 1325 376 1356 hoc
392 1334 452 1364 pro
467 1324 537 1355 illo.
566 1323 677 1362 Igitur
694 1320 804 1369 ποίτρ
817 1334 857 1355 ια
881 1324 1053 1362 vocantur,
1083 1330 1164 1362 quae
1188 1320 1280 1361 apud

258 1381 371 1404 omnes
387 1373 472 1403 cives
484 1380 575 1402 more
591 1373 718 1411 recepto
732 1373 762 1401 et
778 1381 799 1401 α
814 1369 995 1401 maioribus
1012 1368 1135 1400 tradito
1153 1370 1275 1408 viyent.

258 1420 310 1451 Ita
328 1415 443 1452 θυσίαι
461 1416 600 1463 πάτριοι
617 1418 776 1449 dicuntur
795 1418 912 1456 Lysiae
930 1428 957 1448 c.
979 1417 1107 1447 Nicom.
1139 1426 1173 1456 p.
1194 1413 1276 1455 377,

262 1463 316 1498 19.
338 1466 461 1506 Areop.
483 1476 517 1507 p.
540 1462 620 1505 163,
641 1462 698 1496 29.
727 1462 808 1504 218,
831 1462 887 1496 35.
921 1461 1059 1509 πάτριοι
1076 1461 1167 1497 θεῶν
1184 1459 1281 1507 τιμαί

261 1515 400 1554 Lycurg.
423 1524 451 1545 c.
474 1513 590 1545 Leocr.
618 1523 651 1554 p.
674 1509 755 1552 222,
776 1509 833 1544 97.
875 1509 947 1557 ἱερὰ
964 1510 1090 1557 πάτρια
1115 1520 1202 1551 quae
1228 1521 1280 1542 ar-

259 1562 442 1593 cessiverat
460 1561 636 1592 Leocrates
654 1570 688 1600 p.
709 1556 791 1600 211,
812 1556 876 1591 56;
906 1569 992 1600 quae
1010 1560 1039 1590 si
1064 1557 1209 1604 πατρῷα
1227 1558 1280 1588 di-

259 1612 437 1647 cerentur,
464 1609 631 1648 ycntilitia
654 1611 772 1638 essent
795 1610 829 1638 et
855 1606 1072 1645 hereditaria;
1108 1607 1157 1638 sic
1183 1608 1276 1644 sunt,

259 1666 346 1697 quae
371 1656 527 1687 omnibus
552 1655 823 1686 Atheniensibus
848 1655 909 1686 coli
935 1663 1005 1685 mos
1030 1657 1102 1685 est:
1132 1662 1218 1694 quae
1242 1659 1300 1728 cai

259 1704 329 1735 sint
355 1703 454 1734 docet
477 1703 572 1734 Plato
598 1702 747 1741 Euthyd.
778 1712 812 1743 p.
833 1698 915 1741 302,
936 1711 964 1732 c.
990 1702 1033 1733 cf.
1055 1701 1277 1733 Schoemann.

260 1751 302 1783 ad
325 1752 459 1782 Isaeum
483 1760 517 1790 p.
539 1746 620 1781 201.
650 1752 685 1781 et
710 1745 790 1781 218.
828 1746 1031 1782 ὁλοκαυτεῖν
1064 1746 1206 1794 χοίρους
1236 1745 1285 1793 τῷ

260 1796 392 1843 πατρίῳ
408 1795 507 1842 νόμῳ
524 1798 615 1829 Xen.
634 1797 742 1828 Anab.
760 1793 794 1837 7,
811 1794 844 1836 8,
862 1793 895 1836 5,
925 1806 991 1836 quo
1003 1797 1085 1836 loco,
1108 1799 1148 1827 ut
1165 1804 1277 1835 saepe,

261 1845 354 1878 codd.
377 1846 478 1877 Eton.
499 1845 537 1876 F.
559 1846 586 1875 I.
607 1855 676 1877 πατ
699 1837 769 1889 ῴῳ.
800 1841 874 1889 ἱερὰ
891 1842 1018 1888 πάτρια
1035 1843 1142 1875 Thuc.
1163 1839 1198 1882 2,
1222 1839 1277 1873 16.

260 1891 396 1938 πάτριοι
422 1889 497 1926 θεοί
521 1892 647 1924 Herod.
694 1916 702 1931 ,
727 1888 804 1922 172.
842 1892 895 1923 Dc
921 1891 1200 1931 Areopagitarum
1229 1891 1282 1920 iu-

261 1940 393 1973 stitutis
405 1940 530 1971 dicitur
543 1937 583 1973 οὐ
596 1937 661 1985 γὰρ
670 1936 759 1983 ἡμῖν
772 1936 914 1984 πάτριον
932 1938 1054 1970 Aesch.
1069 1948 1097 1969 c.
1111 1937 1276 1968 Timarch.

260 1997 295 2029 p.
316 1984 398 2027 277,
419 1983 476 2019 83.
498 1996 527 2019 c.
549 1987 702 2027 Ctesiph.
722 1996 756 2027 p.
775 1983 856 2026 386,
876 1983 935 2018 20.
963 1985 1011 2022 ὡς
1029 1983 1120 2031 αὐτῇ
1139 1982 1281 2029 πάτριόν

262 2033 362 2068 ἐστιν.
399 2034 562 2066 Dinarch.
583 2044 611 2066 c.
633 2033 813 2065 Demosth.
835 2043 868 2074 p.
892 2030 971 2071 184,
1000 2030 1033 2064 4.
1065 2030 1281 2076 ἐτολμήσατε

261 2080 317 2127 τῷ
334 2078 468 2127 πατρίῳ
487 2079 683 2128 φρονήματι
703 2078 787 2114 ἰέναι
805 2078 854 2118 εἰς
872 2078 997 2117 αὐτούς
1016 2081 1103 2111 Xen.
1122 2080 1222 2111 Mem.
1245 2076 1278 2118 3,

261 2126 296 2170 2,
319 2126 374 2161 16.
403 2129 492 2170 quod
508 2129 671 2170 quomodo
697 2137 764 2160 non
788 2128 981 2168 intelligere
1000 2128 1152 2168 potuerit
1170 2127 1280 2158 Krue—

262 2186 346 2218 ger„
369 2177 518 2217 ambig03
547 2176 801 2217 ineptissimum
819 2179 910 2207 esset
927 2174 1097 2220 πατρῷος,
1128 2184 1203 2205 cum
1222 2174 1283 2204 hoc

262 2225 413 2256 dicatur:
443 2223 572 2256 adoriri
590 2223 693 2254 hostes
709 2232 799 2254 more
815 2224 981 2254 maiorum
998 2222 1168 2254 (rudacter.
1198 2221 1282 2252 Inde

262 2272 454 2304 traductum
473 2271 514 2302 ad
530 2271 630 2312 paulo
647 2271 841 2302 alieniorem
859 2271 1019 2310 speciem,
1043 2269 1174 2310 quando
1193 2270 1283 2313 σχῆ-

265 2330 314 2363 μα
339 2316 480 2365 πάτριον
505 2319 588 2350 urbe
613 2317 825 2350 Athenarum
851 2321 928 2358 post
951 2317 1078 2349 cladem
1105 2317 1146 2347 ad
1171 2316 1282 2355 Aegos

263 2367 390 2398 flumen
415 2369 583 2407 acceptam
608 2365 792 2397 retinuisse
819 2365 949 2396 dicatur
974 2364 1062 2404 apud
1089 2364 1224 2395 Arrian.
1249 2358 1278 2402 1,

265 2410 320 2454 11,
339 2410 372 2445 3.
393 2422 470 2444 cum
483 2417 518 2445 et
533 2416 710 2452 augustam
725 2413 872 2453 speciem
890 2416 926 2443 et
942 2412 1103 2443 instituta
1119 2411 1282 2442 maiorum

263 2461 460 2500 servaverit,
480 2460 654 2492 moenium
670 2460 816 2492 solorum
829 2463 864 2491 et
881 2460 1018 2491 navium
1036 2459 1164 2490 iactura
1181 2459 1278 2489 facta.

262 2508 336 2540 Hoc
351 2508 449 2539 modo
465 2505 607 2551 πάτριος
628 2507 758 2539 dictum
775 2506 928 2547 Sophocli
955 2506 992 2537 in
1009 2506 1175 2544 Meleagro
1193 2504 1281 2535 vidi-

262 2564 350 2587 mus.
379 2555 465 2586 Inde
491 2553 635 2598 πάτριος
656 2555 763 2586 etiam
787 2554 830 2586 de
854 2554 965 2585 natali
990 2556 1024 2584 et
1049 2553 1188 2592 yem'mlt'
1214 2552 1282 2582 solo

262 2602 329 2634 dici
354 2611 424 2634 mos
449 2606 517 2642 est,
543 2602 671 2643 quippe
689 2602 846 2634 omnibus
864 2602 1034 2633 communi
1059 2600 1201 2631 civibus.
1237 2598 1283 2629 At

262 2647 482 2695 πατρικάς
505 2649 542 2681 id
560 2651 622 2689 est,
652 2647 738 2690 quod
764 2650 833 2680 iam
854 2649 962 2688 patris
986 2650 1017 2678 et
1040 2648 1208 2679 maiorum
1225 2655 1283 2678 ae—

263 2699 331 2729 tate
347 2706 422 2728 cum
439 2696 488 2727 his
505 2697 706 2728 commertium
723 2697 775 2727 vel
790 2696 1016 2727 necessitatem
1033 2694 1146 2726 habuit
1163 2693 1207 2724 ad
1223 2702 1282 2724 nos

262 2753 367 2785 usquc
391 2745 579 2776 tramissem
603 2742 797 2775 hereditario
823 2741 968 2784 quodam
991 2740 1078 2775 iure.
1119 2740 1282 2781 Inprimis

263 2791 378 2823 crebro
402 2791 450 2822 sic
467 2787 602 2836 ἐχθροί,
624 2787 737 2835 φίλοι,
763 2787 850 2828 ξένοι
866 2790 1047 2829 dicuntur,
1076 2788 1164 2829 quod
1181 2797 1281 2829 prae-

263 2838 398 2879 cipiunt
421 2837 642 2877 grammatici,
671 2837 731 2870 sed
755 2837 850 2878 ipsae
876 2837 978 2868 etiam
1001 2836 1223 2868 necessitates
1249 2837 1283 2865 et

263 2885 455 2917 simultates
472 2895 491 2916 a
507 2884 690 2916 maioribus
713 2885 838 2924 initae,
867 2884 1010 2924 iuraque
1034 2883 1103 2914 illis
1126 2891 1284 2914 concessa

263 2935 299 2964 et
314 2932 459 2974 posteris
475 2932 598 2964 tradita
614 2940 654 2963 eo
671 2932 808 2963 nomine
824 2931 1051 2971 appellantur.
1084 2929 1167 2968 Quis
1186 2929 1282 2968 igno-

263 2982 314 3011 rat
337 2976 510 3024 βασιλείαν
534 2977 731 3025 πατρικήνὶ)
762 2978 834 3010 Hoc
850 2978 946 3010 modo
971 2974 1088 3022 φιλίαν
1112 2973 1282 3021 πατρικήν

262 3027 426 3059 Isocrates
451 3027 565 3067 posuit
588 3026 632 3059 ad
657 3027 799 3058 Demon.
829 3035 863 3065 p.
883 3022 917 3064 4,
938 3021 972 3056 2.
1000 3021 1167 3070 πατρικὰς
1185 3022 1283 3068 βασι-

262 3070 359 3110 λείας
384 3073 490 3113 Euag.
511 3083 554 3114 p.
574 3069 656 3113 218,
677 3070 734 3105 35.
765 3068 898 3105 εὔνοιαν
923 3069 1091 3117 πατρικήν
1118 3070 1278 3102 Aeschin.

266 3120 310 3152 de
325 3121 408 3152 falsa
423 3121 524 3160 legat.
544 3130 578 3161 p.
601 3117 681 3161 322,
701 3116 758 3152 26.
780 3116 874 3165 φίλοι
891 3123 1019 3160 autem,
1039 3116 1139 3158 ξένοι,
1161 3114 1285 3164 ἐχθροὶ

266 3165 424 3212 πατρικοί
458 3168 540 3200 adeo
567 3168 649 3200 trita
677 3170 758 3199 sunt
787 3167 1023 3207 scriptoribus,
1062 3169 1102 3197 ut
1129 3165 1285 3205 exempla

267 3223 464 3247 enumerare
489 3215 635 3246 otiosum
660 3214 717 3246 sit.
755 3215 801 3246 At
827 3213 1010 3255 Euripides
1035 3210 1205 3259 πατρικὴν
1235 3221 1280 3243 sc.

269 3258 387 3294 οὐσίαν
410 3262 447 3292 in
473 3262 553 3293 Ione
570 3261 678 3300 dixit,
707 3269 808 3302 quam
825 3253 985 3306 πατρῴαν
1012 3260 1080 3292 dici
1097 3260 1280 3301 oportebat,

270 3309 307 3340 in
324 3317 390 3349 quo
407 3317 530 3348 genere
553 3308 756 3341 recentiores
773 3308 939 3348 progressi
964 3308 1099 3347 longius
1122 3303 1286 3352 πατρικόν

1319 325 1482 367 scriptum
1500 324 1600 364 vulgo
1618 325 1726 365 gerit,
1754 328 1790 357 et
1808 325 1907 366 longe
1932 326 2058 358 rectius
2080 325 2246 366 scribitu,

1316 383 1336 406 τ
1373 370 1488 411 υιός,
1517 375 1556 403 ut
1572 369 1735 417 μητρυιά,
1763 382 1850 413 quae
1874 376 2044 414 comparat
2066 372 2167 405 Eust.
2195 372 2249 415 p.'‘

1317 383 1396 461 26.)
1409 438 1453 443 -
1471 419 1507 451 id
1519 421 1582 460 est,
1605 419 1690 460 quod
1703 421 1811 460 patris
1828 421 1880 452 vel
1896 420 2066 461 quondam
2081 419 2158 461 fuit,
2179 419 2232 457 vul
2246 418 2247 422 ’

1318 467 1428 499 adhuc
1445 469 1492 498 est
1506 491 1514 507 ,
1542 470 1583 498 ut
1600 467 1642 498 de
1659 476 1721 498 sua
1737 468 1894 508 cuiusque
1917 476 1950 499 rc
1964 469 2101 509 privata
2126 477 2235 510 semp

1317 519 1423 554 catur,
1444 514 1602 558 inprimis
1619 514 1660 546 de
1677 515 1787 554 bonis,
1809 515 1915 555 domo,
1938 515 2030 555 sede,
2049 515 2202 547 heredita
2225 529 2232 542 ι

1317 563 1376 603 ita,
1399 565 1438 594 ut
1451 561 1491 593 de
1504 562 1627 593 mortui
1640 562 1749 593 solum
1766 571 1803 593 re
1819 562 1859 594 ad
1873 562 1982 594 fllium
1995 563 2226 603 perveniente.
2240 601 2242 603 ‚

1316 613 1430 651 pctur,
1451 609 1510 640 sed
1528 609 1699 640 universe.
1729 610 1928 650 Quanquam
1945 610 2037 642 enim
2054 607 2182 654 πατρὸς
2223 607 2247 650 -f

1317 660 1352 689 et
1368 654 1526 701 πατρῷον
1544 656 1592 687 ita
1609 656 1773 696 distingui
1793 656 1859 688 EM
1876 656 1972 688 iubet
1988 667 2021 698 p.
2041 653 2125 697 203,
2145 653 2201 698 31,
2226 651 2228 654 ’
2244 651 2250 694 ³1

1318 705 1399 744 vivi,
1429 704 1483 735 hic
1508 706 1547 735 ut
1570 704 1693 735 mortui
1711 704 1777 744 sit,
1806 713 1872 735 non
1891 707 2004 735 tamen
2022 704 2247 750 significaviq

1317 752 1520 793 quidquam,
1550 751 1618 782 nisi
1643 751 1865 782 hereditatem
1891 761 1979 792 quae
2002 752 2093 792 patri
2117 760 2224 784 vene
2243 754 2248 761 ”

1317 799 1445 838 cuude,
1472 796 1621 843 πατρός,
1651 808 1737 839 quae
1763 798 1833 830 filio
1851 809 1869 830 a
1885 802 1982 840 patre
1999 799 2143 839 venerit,
2177 809 2215 831 π
2240 836 2244 840 Ἴ

1316 844 1447 892 κλῆρον
1466 855 1554 877 esse.
1592 846 1647 877 Sic
1663 844 1823 892 πατρῷος
1848 849 1883 877 et
1908 847 2019 886 poetis
2035 846 2158 878 dicitur
2175 849 2211 879 et
2235 864 2238 867 ·

1317 895 1387 934 riis,
1409 897 1444 925 et
1459 894 1512 924 his
1530 893 1668 934 quidem
1693 897 1763 924 tam
1780 893 1955 932 vulgatum
1973 896 2037 933 est,
2065 897 2104 925 ut
2128 893 2235 934 pauca

1317 943 1415 982 bem,
1452 950 1538 982 quae
1563 940 1770 972 contrarium
1795 950 1934 980 arguere
1952 941 2142 973 videantur.
2214 958 2221 970 2

1313 983 1450 1034 Ἑρμῆς
1479 988 1599 1027 Lysiae
1624 997 1651 1019 c.
1681 987 1809 1019 Andoc.
1838 997 1873 1028 p.
1893 984 1975 1029 208,
1999 985 2054 1019 11.
2081 998 2148 1020 non
2173 988 2241 1027 est

1316 1037 1481 1067 maiorum
1506 1036 1635 1074 cultus,
1666 1035 1725 1066 scd
1750 1035 1883 1074 ycntilis
1906 1038 1943 1067 et
1959 1035 2164 1068 domesticus.
2208 1031 2231 1061 ·''

1319 1081 1392 1128 ἱεροί
1409 1083 1549 1122 Lycurg.
1571 1092 1599 1113 c.
1622 1082 1736 1114 Leocr.
1758 1092 1791 1123 p.
1816 1077 1893 1123 197,
1915 1079 1950 1115 8.
1985 1083 2107 1115 sacella
2131 1075 2249 1129 sacris

1317 1131 1423 1162 tilitiis
1449 1129 1615 1170 faciendis
1640 1140 1660 1160 a
1683 1130 1864 1162 maioribus
1889 1132 2062 1162 exstructa
2093 1140 2168 1163 esse
2192 1140 2242 1167 οι,-

1318 1178 1383 1210 Sed
1400 1175 1443 1210 τὰ
1469 1175 1502 1210 ἐν
1521 1176 1622 1223 χώρᾳ
1642 1174 1669 1209 ίε
1693 1174 1715 1209 ὰ
1738 1179 1807 1210 τῶν
1825 1169 1996 1224 πατρῴων
2014 1175 2171 1224 νομίμων
2188 1174 2211 1211 ἀ
2231 1174 2233 1178 ”

1318 1227 1388 1272 ρεῖν
1408 1226 1486 1264 Lyc.
1504 1226 1526 1256 l.
1541 1234 1568 1257 c.
1589 1234 1623 1264 p.
1640 1221 1663 1255 2
1688 1220 1724 1264 2,
1740 1220 1796 1256 59.
1817 1225 2051 1265 corrigendum
2067 1229 2120 1257 est
2136 1229 2171 1258 et
2285 1228 2288 1250 3

1317 1272 1550 1311 scribendum,
1579 1274 1720 1312 receptos
1745 1274 1776 1302 et
1800 1272 1952 1304 omnibus
1978 1273 2082 1304 cultos
2098 1274 2182 1305 ritas
2204 1271 2234 1306 s

1317 1330 1415 1360 caus,
1445 1320 1485 1351 de
1511 1329 1575 1360 quo
1601 1319 1811 1359 corruptelae
1835 1329 1960 1359 genere
1985 1330 2017 1351 v.
2048 1316 2237 1354 Schoemst‘
2286 1331 2288 1340 =

1317 1369 1449 1399 Isaeum
1475 1376 1508 1407 p.
1529 1363 1609 1398 218.
1650 1367 1702 1397 De
1729 1366 1794 1398 diis
1819 1360 1992 1414 πατρῴοις
2015 1367 2160 1400 dicimus
2183 1371 2236 1400 c'

1317 1415 1455 1456 phoclea
1473 1414 1628 1455 exempla
1644 1415 1938 1454 pertractabimus.

1387 1463 1495 1502 Igitur
1519 1465 1610 1492 recte
1635 1464 1670 1492 et
1695 1461 1813 1493 ordine
1832 1461 1934 1504 Soph.
1963 1460 2119 1508 πατρῷος
2145 1462 2240 1498 dixi.
2285 1462 2288 1499 Ξ

1314 1519 1348 1541 re
1362 1513 1518 1550 paterna,
1538 1509 1726 1540 subice-tivo
1744 1509 1832 1550 quod
1850 1512 1980 1541 vocant.
2009 1508 2038 1542 ὦ
2056 1507 2215 1556 πατρῷον

1317 1557 1372 1589 El.
1394 1553 1450 1589 69.
1488 1549 1652 1602 πατρῴων
1677 1554 1742 1601 πρὸ
1762 1553 1878 1602 θυρῶν
1899 1553 1966 1589 108
1983 1566 2037 1588 an.
2068 1555 2103 1590 ἐν
2119 1553 2241 1599 κάτ’·

1315 1598 1433 1651 τρῴοις
1453 1600 1519 1635 194
1538 1604 1589 1636 ch.
1627 1600 1782 1648 θρόνοις.
1799 1605 1948 1637 ..τοῖσιν
1977 1599 2148 1650 πατρῴοις
2211 1614 2236 1647 ³1.

1315 1652 1379 1698 τὴν
1404 1644 1567 1696 πατρῴαν
1594 1648 1707 1685 ἑστίαν
1726 1647 1806 1683 881.
1829 1652 1871 1683 cf.
1901 1650 1929 1684 ὦ
1956 1651 2112 1698 πατρῷον

1318 1698 1401 1746 θρον
1421 1699 1474 1730 Ai.
1496 1684 1576 1730 847.
1607 1695 1757 1732 πλούτου
1777 1690 1937 1744 πατρῴου
1960 1701 2080 1752 ἰἰτῆσιν
2098 1699 2152 1731 El.
2180 1697 2231 1726 ''i-³

1318 1746 1474 1792 πατρῷον
1493 1744 1589 1779 οἷκον
1607 1742 1687 1778 978.
1716 1742 1849 1790 τύμβου
1868 1757 1936 1779 πατ
1958 1756 2028 1779 ωου
2049 1743 2150 1778 1135.
2281 1758 2283 1763 ’

1317 1797 1438 1839 κτῆσιν
1454 1790 1619 1838 Αἴγισθος
1638 1791 1753 1838 δόμων
1772 1790 1892 1827 ἀντλεῖ
1909 1790 1925 1824 1
1955 1779 2011 1826 90.
2041 1791 2081 1827 οὐ
2099 1803 2186 1839 πατρ
2199 1782 2211 1801 ¹

1316 1840 1442 1888 τέχνην
1461 1838 1663 1885 ἐκόμπασας
1684 1837 1786 1872 1500.
1821 1841 1857 1873 id
1873 1842 1962 1882 quod
1979 1841 2161 1882 perspicue
2173 1842 2203 1873 ο.
2223 1874 2231 1879 ,

1317 1890 1457 1921 liberius
1476 1888 1599 1920 dictam
1618 1888 1728 1929 poetis
1746 1897 1873 1929 vocem,
1901 1898 2001 1929 quam
2019 1888 2228 1930 Etymologo

1318 1947 1351 1977 p.
1372 1933 1455 1976 203,
1476 1932 1533 1969 31.
1572 1934 1627 1967 Sic
1643 1934 1702 1968 τὸν
1720 1935 1882 1982 πατρῷον
1899 1933 2022 1969 στόλον
2034 1961 2042 1968 .
2057 1960 2064 1967 .
2082 1932 2207 1979 ,ἑσπόχ
2219 1941 2228 1982 J

1319 1981 1388 2016 562
1407 1985 1428 2015 i.
1451 1993 1480 2015 e.
1502 1993 1523 2014 a
1536 1986 1631 2022 patre
1647 1984 1761 2016 missa.
1782 1976 1952 2030 πατρῴων
1972 1980 2100 2030 ὁρκίων
2118 1993 2190 2038 μεΙμ
2220 1986 2234 2017 ,’

1319 2028 1875 2111 όὲιῖσ33ενᾳῐὲξξοῗνῗιΡὲίιὲζιιῗῑῗῗίιιῐ.
1921 2041 2211 2111 4αομτίὶςυῖἷλτόίίὲιν
2223 2057 2231 2072 ³

1317 2118 1445 2171 τρῴαις
1463 2122 1531 2157 984
1542 2125 1593 2156 ch.
1623 2126 1664 2157 de
1690 2125 1812 2156 Boreae
1839 2126 1928 2166 filia,
1958 2129 1993 2157 et
2009 2125 2098 2166 quod
2115 2125 2203 2158 clari
2250 2122 2253 2125 ⁴

1319 2177 1384 2213 est,
1413 2170 1541 2219 πότερα
1566 2165 1743 2217 πατρῴας,
1771 2169 1795 2216 ἢ
1822 2171 1908 2217 πρὸς
1934 2170 2063 2209 οἰκείας.
2107 2170 2182 2219 ερός
2192 2175 2226 2215 ξ’,

1321 2238 1362 2244 -
1381 2217 1494 2253 τᾶλλα
1521 2217 1584 2263 μὲν
1610 2216 1753 2264 πάρεστί
1771 2229 1823 2252 σοι
1849 2213 1981 2267 πατρῷ’
2007 2182 2147 2255 &neckar
2182 2219 2231 2260 ’5

1319 2260 1482 2313 πατρῴαν
1509 2264 1670 2311 [πατρίαν
1697 2267 1801 2299 Dind.
1823 2277 1850 2298 e.
1872 2264 1984 2311 Pors.]
2013 2265 2087 2315 ἄγει
2115 2265 2231 2322 ¹129ch

1320 2312 1389 2346 728
1407 2315 1458 2345 ch.
1504 2313 1665 2360 πατρῷον
1698 2311 1787 2357 αἷμα
1824 2313 1882 2346 OR
1900 2311 1980 2347 996.
2026 2324 2188 2370 πατρῳαι
2218 2333 2221 2339 ι

1323 2359 1412 2393 1212
1426 2361 1477 2392 ch.
1508 2358 1636 2404 δόμους
1655 2358 1775 2405 μολεῖν
1792 2359 1872 2399 τοὺς
1891 2360 1970 2399 σοὺς
1987 2371 2170 2408 πατρῴους
2191 2366 2202 2390 Ι

1320 2409 1481 2454 πατρῷον
1506 2406 1623 2453 ἔρεβος
1652 2405 1753 2440 1390.
1774 2419 1805 2439 ν.
1827 2409 1942 2441 Herm.
1981 2408 2067 2455 πρὸς
2090 2410 2154 2455 τῆς
2215 2406 2218 2409 ’

1319 2454 1379 2489 ’καὶ
1407 2452 1656 2499 πολυγλώσσου
1688 2453 1787 2500 δρυός
1817 2455 1874 2488 Tr.
1906 2453 2006 2489 1168.
2052 2457 2127 2488 1ουί
2156 2480 2159 2484 .

1320 2502 1478 2548 πατρῷον
1504 2502 1598 2543 ξένον
1626 2503 1746 2543 Eurip.
1774 2503 1863 2535 dixit
1890 2503 1972 2536 Hec.
1994 2501 2051 2536 78.
2087 2513 2163 2536 cm
2184 2503 2234 2531 υἷ’

1318 2552 1425 2591 patris
1457 2550 1544 2590 fuit,
1582 2551 1610 2581 si
1638 2547 1797 2596 πάτριον,
1835 2551 1923 2591 quod
1946 2560 1990 2582 ex
2018 2551 2088 2583 cod.
2120 2551 2156 2583 M

1320 2598 1441 2637 Dind.,
1463 2602 1749 2643 ’καταχρηστικῶς
1767 2598 1900 2630 locutus
1918 2602 1983 2630 est.
2011 2599 2116 2638 Magis
2214 2632 2227 2647 a

1319 2646 1450 2685 vulgari
1467 2645 1714 2677 consuetudine
1739 2645 1930 2686 discedunt,
1960 2655 2038 2678 cum
2062 2640 2227 2687 aliquis

1316 2693 1405 2732 patri
1431 2692 1580 2732 illatum,
1614 2692 1667 2723 vel
1697 2692 1783 2733 quod
1805 2702 1923 2732 passus
1946 2694 2007 2733 sit,
2043 2693 2130 2725 illud
2163 2706 2209 2718 ·⁴·⁴

2279 1787 2285 1818 ⁶.

2280 1818 2286 1843 i

1320 2738 1486 2785 ἐμφορεῖς
1511 2737 1550 2772 σύ
1571 2749 1631 2783 μοι
1654 2738 1781 2785 φόνους
1798 2732 1979 2785 πατρῴους
2005 2740 2061 2772 OG
2079 2736 2158 2772 990,
2213 2729 2229 2746 ’
2270 2779 2271 2782 ¹

1318 2796 1369 2818 me
1384 2788 1420 2818 in
1429 2790 1524 2826 patre
1537 2789 1685 2826 patrata.
1708 2783 1866 2832 ἐγκαλῶν
1883 2784 1921 2819 δέ
1940 2798 1998 2831 μοι
2015 2784 2140 2832 φόνους
2187 2804 2204 2814 ε-

1320 2834 1374 2864 ΕΙ.
1397 2830 1476 2865 779.
1505 2832 1563 2866 τὸν
1587 2831 1773 2880 αὐτόχειρα
1798 2832 1954 2879 πατρῴου
1980 2833 2086 2880 φόνου
2105 2830 2184 2866 943.
2200 2828 2224 2856 ν’

1321 2878 1435 2933 ὁρῶσα
1459 2879 1604 2925 πήματα
1629 2881 1683 2912 ΕΙ.
1704 2877 1784 2912 258.
1828 2880 1894 2912 Sed
1923 2879 1971 2918 εἰς
1997 2879 2115 2914 ἐκεῖνα
2143 2877 2166 2913 ἀ
2184 2896 2201 2906 1*

2279 2020 2285 2138 i

2279 2147 2284 2176 i

2278 2175 2284 2347 ξ

2221 2440 2224 2443 A
2277 2349 2283 2431 i

2279 2679 2288 2751 ἓ

2279 2753 2288 2810 ἒ

2280 2811 2288 2884 ἕ

1319 2937 1464 2972 πατρῴα
1487 2925 1547 2960 καὶ
1571 2926 1715 2974 μητρῷα
1739 2922 1886 2972 πήμαθ’,
1920 2925 2054 2965 &naen
2070 2927 2126 2961 OG
2144 2918 2205 2969 11,.
2248 2938 2282 2962 ‘-

1318 2979 1400 3007 sunt
1418 2985 1498 3015 quae
1511 2978 1663 3015 parentes
1681 2976 1730 3006 tui
1744 2976 1836 3015 passi
1850 2979 1926 3007 sunt
1941 2976 2044 3014 mula,
2065 2975 2124 3007 sed
2140 2985 2158 3016 q
2190 2992 2193 2998 ·
2211 2974 2217 2981 ⁴

1319 3032 1340 3054 a
1354 3025 1449 3062 parte
1469 3024 1661 3062 parentium
1678 3024 1875 3062 inyruerunt
1891 3046 1899 3062 ,
1928 3023 2046 3054 caedes
2062 3022 2209 3064 patrias.
2267 3012 2283 3060 ‚⁸

1319 3070 1537 3101 connubium.
1575 3069 1753 3110 Compares
1771 3068 1924 3115 πατρῷον
1944 3067 1971 3102 δ’
1989 3067 2129 3106 ἐκτίνεις
2145 3066 2225 3108 τίς,

1319 3117 1403 3148 Ant.
1423 3113 1492 3148 856
1511 3117 1562 3148 ch.
1593 3127 1613 3147 α
1626 3119 1722 3157 patre
1740 3118 1775 3148 in
1792 3119 1822 3148 te
1840 3117 2043 3150 devocatum.
2080 3115 2191 3148 Media
2221 3112 2225 3113 ⁷
2267 3116 2272 3121 ⁴

1320 3164 1382 3195 hoc
1407 3167 1441 3195 et
1465 3164 1575 3205 priora
1599 3165 1707 3196 locum
1734 3165 1909 3204 occupavit
1933 3162 1970 3201 ὃς
1997 3162 2036 3197 ἐκ
2060 3174 2147 3210 πατρ
2164 3154 2186 3182 '-

1319 3213 1437 3257 γενεᾶς
1455 3208 1589 3257 ἄριστος
1606 3211 1661 3242 Ai.
1675 3208 1743 3242 637
1757 3210 1808 3242 ch.
1833 3214 1974 3251 patemo
1990 3220 2107 3251 ymen
2122 3208 2184 3242 ’.οὗ
2195 3213 2223 3250 55.-
2262 3217 2271 3243 3

1321 3259 1375 3290 vel
1393 3268 1413 3289 a
1429 3259 1665 3299 pane'patris,
1693 3259 1747 3289 vel
1764 3267 1886 3297 genere
1915 3259 2004 3299 quod
2020 3258 2126 3298 patris
2142 3257 2215 3289 est.
2267 3272 2270 3295 3

1320 3303 1331 3348 ΙΙ
1350 3305 1417 3338 Sed
1440 3305 1565 3337 dicitur
1581 3306 1684 3336 etiam
1703 3305 1743 3336 de
1761 3306 1840 3336 locis
1852 3330 1860 3344 ,
1888 3308 1987 3345 terra,
2016 3305 2099 3336 urbe
2110 3306 2171 3346 pat
2265 3332 2272 3346 ,Ι

272 3356 374 3387 etiam
399 3353 549 3399 ἀδελφόν
576 3355 651 3388 ausi
676 3358 776 3396 sunt,
806 3355 865 3395 qui
891 3351 1019 3399 πατρός
1035 3353 1201 3386 dicendus
1218 3353 1287 3385 fuit
1318 3353 1481 3393 paternis,
1510 3353 1597 3393 quod
1614 3353 1724 3384 visum
1740 3352 1883 3384 Latinis.
1901 3353 1992 3391 Quae
2011 3352 2041 3383 si
2058 3361 2136 3383 accu
2182 3354 2216 3374 ·⁷-

271 3402 457 3435 seeundum
473 3401 538 3434 EM
555 3412 590 3443 p.
604 3399 686 3443 203,
702 3399 758 3435 31.
787 3398 818 3436 Π
828 3412 877 3435 ατ
887 3413 904 3448 ρ
914 3399 942 3448 ᾧ
952 3412 996 3435 ον
1014 3410 1092 3433 vero
1109 3397 1286 3446 (πατρῳός
1322 3399 1502 3441 deraveriS,
1520 3408 1588 3431 non
1603 3398 1764 3446 πατρῷον
1779 3402 1813 3431 et
1825 3396 1967 3444 πάτριον
1977 3397 2137 3431 confundi
2150 3398 2158 3405 '
2171 3399 2217 3438 ·'=‚'
2268 3399 2276 3438 ,ζ

2266 3366 2277 3398 ‚¹
