2288 3600
72 103 106 140 ’γ
128 136 296 186 97-99,]
768 122 1041 198 Ἀμέριμνος
1069 159 1130 167 -
1146 125 1347 196 Ἄμορος
1400 115 1403 118 1

2031 131 2102 204 39,

1076 248 1256 279 tentionem
1273 248 1309 278 in
1326 247 1488 290 cupiendo
1505 249 1628 279 incesto
1646 247 1820 280 concubitu
1843 248 1911 280 iam
1929 246 2093 280 Gamerar.

1078 295 1258 336 explicuit.
1288 294 1416 326 Infelix
1434 298 1487 327 est
1504 295 1675 335 Musgravi
1692 295 1838 336 suspicio
1855 292 2070 339 ὁμιλήματα.

1145 346 1422 410 Ἅμιλλητηρ
1447 355 1598 385 certator.
1628 352 1677 399 μὴ
1696 350 1848 391 πολλοὺς
1873 350 1923 387 ἔτι
1948 351 2095 400 τρόχους

1075 398 1316 447 ἁμιλλητῆρας
1334 398 1436 444 ἡλιου
1462 397 1571 433 τελῶν
1598 400 1678 432 Ant.
1704 397 1793 433 1065
1817 403 1906 432 rotas
1930 402 2007 432 solis
2025 410 2096 432 cer-

1075 449 1205 480 tati-icen
1226 448 1250 479 i.
1271 457 1301 480 e.
1323 448 1437 479 celem
1454 448 1532 479 solis
1549 448 1830 487 circumactioms,
1859 448 1900 480 cf.
1924 448 2091 480 Schaeser.

1075 495 1183 527 Schol.
1213 498 1280 527 vet.
1315 493 1397 532 τοὺς
1430 491 1607 539 ἀλλήλους
1640 492 1920 586 διαδεχομένοιός.
1966 499 2096 582 &genti

1917 552 1951 583 p.
2033 553 2088 585 m„

1138 604 1366 656 ’Άμιππος
1384 610 1438 655 (υ)
1464 612 1596 654 proprie
1614 613 1695 653 quid
1713 613 1770 652 sit,
1790 612 2017 654 lexicographi
2035 613 2093 645 do-

1074 662 1171 699 cent,
1201 659 1291 691 idem
1315 659 1472 700 Harpocr.
1497 670 1526 691 v.
1549 656 1717 702 ἅμιππος,
1747 659 1804 692 Gr.
1826 660 1931 692 Bekk.
1954 669 1987 701 p.
2009 656 2091 700 205,

1976 703 2094 787 ἒὲἰὶῖ

1398 811 1454 835 σον
1487 797 1586 846 ἵππῳ
1621 798 1793 846 ουναμένη
1827 799 1974 848 τρέχειν,
2004 802 2109 834 ιιιιᾱθ4

1073 849 1220 889 suspicio
1238 849 1343 880 fuisse
1361 849 1420 890 qui
1437 846 1607 893 ἁμίπποις
1624 849 1779 888 legerint.
1797 867 1838 873 —
1859 850 1985 882 Locum
1998 850 2095 882 affert

89 243 131 284 Ἀ
176 246 360 295 έριμνος
378 256 520 280 securus.
540 249 663 292 κεῖμαι
676 242 705 281 δ’
721 244 911 293 ἀμέριμνος
928 244 1039 285 οὕτως

44 292 52 338 j
69 321 77 329 .
91 293 135 329 12
160 293 193 328 7.
214 295 404 337 Exspectes
412 295 710 335 eurammpwnum
719 295 846 327 dictum
859 295 912 327 iri.
931 294 1039 334 Quare

94 357 118 375 ι.
139 343 220 376 olim
236 339 494 388 πολυμέριμνον
511 342 637 383 edidit,
667 342 748 375 Lob.
770 351 814 373 ex
831 343 936 383 epigr.
974 341 1038 374 Po-

51 391 145 432 'uppi
167 390 264 423 docet
286 389 420 431 passive
445 389 530 429 dici,
559 393 599 421 ut
623 390 668 421 sit
692 392 837 430 spretus,
857 390 1034 429 neylectuo.

110 437 367 479 haudquaquam
392 437 532 468 absurda
558 440 610 468 est
635 436 775 468 Triclini
803 436 1038 477 interpretatio

89 481 180 531 ἔχων
199 481 367 530 μέριμναν
390 482 449 517 καὶ
468 481 631 529 φροντίδα
648 483 695 517 ὧν
714 481 814 529 ἔφην,
844 481 1034 529 στεφάνων,

22 534 24 538 “
39 539 45 561 ιί
89 529 171 565 ίκων
187 529 247 565 καὶ
265 530 423 577 ἐρώτων;
445 540 525 562 sane
543 532 634 562 enim
652 531 693 563 de
711 531 822 562 cultus
840 535 876 563 et
892 531 1037 563 oblecta-

61 583 208 612 ntorum
224 579 458 620 aspernatione
478 578 609 610 locutus
628 578 746 611 chorus
763 581 844 609 erat.

11 631 50 676 ,’
89 631 129 672 ‘A
139 634 190 682 μέ
201 648 218 683 ρ
229 648 239 670 ι
250 648 267 670 ο
279 648 295 674 ς
319 634 382 681 (-).
412 637 496 669 Nam
513 633 660 683 ἡμέριος
671 662 678 676 ,
707 637 794 678 quod
810 636 1036 668 diverbiorum

8 689 121 724 set,
141 694 207 716 non
224 688 346 716 exstat.
368 684 538 716 Diumum
554 684 742 724 significat:
775 681 809 716 τί
834 676 863 721 δ’
888 680 1037 727 ἐνήλλα-

16 728 35 755 -””
61 741 96 766 αι
113 733 177 776 τῆς
193 728 338 777 ἁμερίας
355 729 414 771 νὺξ
429 728 492 776 ἥδε
511 729 632 776 βάρος;
666 731 720 762 Ai.
741 727 811 763 208
828 740 882 763 an.
920 730 1036 762 Libro-

60 787 92 811 m
109 778 191 811 haec
217 782 251 810 et
268 778 518 811 scholiastarum
537 779 699 819 scriptura
715 782 805 809 recte
822 778 942 818 habet,
971 778 1037 810 etsi

9 831 30 871 ζ.
48 835 84 858 -n
108 835 183 859 cum
208 826 261 858 his
286 826 555 857 subaudiendum
579 822 821 862 καταστάσεως
846 825 905 857 sed
922 823 1031 870 ὥρας;

9 872 57 906 st
71 871 130 913 νὺξ
153 882 211 913 pro
227 870 406 917 νυκτερινή
420 898 427 912 ,
458 873 546 913 quod
563 877 788 913 exspectares,
818 870 892 918 ὥρα
908 872 1036 904 dictum

9 952 10 955 ,
34 922 63 952 t
107 919 221 962 [Dind.
242 917 403 966 ἠρεμίας,
432 920 520 961 quod
538 929 581 951 ex
599 920 787 960 corruptela
811 917 834 963 ἡ

1077 540 1192 588 ὥσπερ
1210 539 1246 582 ἐξ
1271 539 1424 587 ἁμίλλης
1451 539 1654 588 περιιόντας.

1074 703 1106 739 5.
1128 707 1224 738 Eust.
1245 717 1279 748 p.
1296 703 1398 745 1037,
1420 703 1477 739 56.
1500 703 1601 747 1539,
1622 702 1678 738 29.
1706 707 1838 738 Tralata
1853 705 1944 754 τράφ

1073 751 1183 787 λαισιν
1216 751 1251 787 ἐν
1285 747 1460 799 πατράις
1495 749 1627 799 Βορεὰς
1660 750 1816 798 ἅμιππος
1849 754 1930 786 Ant.

1074 801 1182 833 Schol.
1192 807 1198 812 ·
1210 802 1345 847 ταχεῖα,
1620 798 1635 808 “

840 916 958 965 „epha
978 920 1036 951 LA
1074 896 1170 927 Eust.
1200 895 1224 927 l.
1245 906 1273 928 c.

1138 944 1355 998 Ἀμισθος
1382 955 1457 986 sine
1471 955 1636 987 mercede.
1665 950 1814 999 ἄμισθος
1847 952 1865 989 ὁ
1900 952 1994 995 ξένος
2028 966 2094 989 πο-

8 957 40 1010 ξ,
66 965 236 1013 ἀημερίας
261 968 297 999 in
323 967 424 999 schol.
453 967 603 999 restituit
621 966 794 999 Thiersch.
825 967 882 998 Gr.
910 976 944 1008 Ρ.
967 963 1036 998 503
1119 998 1127 1012 Ι
1289 1001 1295 1008 ‚

8 1010 49 1051 ¹·
61 1039 69 1047 .
83 1011 131 1057 3].
154 1015 287 1047 Deinde
296 1014 471 1046 hominum
485 1015 548 1045 cito
561 1015 771 1054 percuntium
780 1017 1036 1054 cognomentum
1075 1011 1207 1065 peut-:fat
1224 1002 1264 1033 fr·
1286 1010 1352 1033 ¹¹¹⁰·
1373 998 1454 1033 832·

974 1058 1036 1093 λέ-
1155 1056 1348 1104 Αμμένω
1373 1070 1431 1101 pro
1457 1059 1521 1094 ἀνα
1551 1058 1618 1094 ένω
1647 1063 1804 1101 exspecto.
1835 1058 1882 1106 ὄμ

1911 1073 1932 1094 α
1957 1059 2094 1109 νύμφας

1073 1154 1129 1185 Tr.
1151 1150 1220 1186 648
1229 1154 1280 1186 ch.
1314 1155 1445 1187 Tralate
1461 1153 1500 1188 οὐ
1521 1153 1657 1201 μακρὰν
1677 1153 1713 1188 ἔτ
1739 1153 1788 1200 ἀμ
1819 1157 1888 1189 ενεῖ
1902 1106 2094 1198 ‘feti-5336?

1073 1210 1100 1232 c.
1120 1201 1246 1258 'W’und
1266 1211 1271 1230 :
1300 1199 1448 1259 ἀμμένει
1468 1200 1541 1247 LA]
1560 1199 1690 1248 ὄνειρον
1707 1203 1759 1234 ΕΙ.
1806 1199 1873 1235 389
1887 1202 1939 1235 ch.
1960 1198 2094 1249 Ἐρμῆς

1073 1246 1912 1342 eteris.-5232⁶;..0153‡523.233.⁷fient,
1932 1256 2089 1331 ῗὲἶᾛὲἔῖ

26 1098 30 1106 s
83 1073 91 1094 ε
121 1058 199 1095 οὔτε
231 1058 323 1096 θεῶν
348 1059 445 1107 γένος
472 1054 546 1094 οὔθ’
571 1058 724 1107 ἁμερίων
751 1055 796 1094 ἔτ’
825 1059 919 1101 ἄξιος
953 1058 971 1106 β

8 1110 33 1155 3.
60 1117 91 1142 ιν
115 1102 177 1142 τιν’
202 1106 250 1146 είς
276 1106 390 1141 ὄνασιν
415 1105 608 1154 ἀνθρώπων
626 1109 682 1140 Ai.
704 1104 772 1140 399
784 1108 835 1141 ch.
857 1102 928 1141 οὔτ’
946 1105 1036 1142 ἀθα-

8 1169 44 1198 5
78 1167 126 1190 ων
144 1150 219 1190 οὔθ’
243 1153 395 1201 ἁμερίων
414 1149 466 1189 ἐπ’
483 1152 675 1201 ἀνθρώπων
694 1156 774 1187 Ant.
797 1152 864 1187 790
882 1155 933 1187 ch.
967 1155 1037 1198 [ubi

9 1201 51 1246 ,ξ
75 1204 205 1236 tissime
223 1203 350 1236 Nauck.
381 1196 451 1236 οὐδ’
476 1201 510 1236 ἀ.
539 1200 577 1236 σέ
593 1196 622 1248 γ’
651 1199 747 1249 ἀνθρ.
770 1204 813 1235 cf.
834 1203 877 1235 H.
899 1203 1032 1241 Bonitz,

759 1248 791 1293 (1
809 1260 841 1291 p.
864 1246 910 1281 97
928 1248 1037 1293 med.)

137 1307 194 1353 μή
204 1320 224 1342 τ
234 1321 262 1343 ω
274 1320 292 1355 ρ
308 1312 460 1341 materna
468 1310 590 1350 pietate
603 1318 729 1341 carens.
754 1306 871 1355 μήτηρ
888 1306 1036 1355 ἀμήτωρ

170 1353 203 1389 4.
239 1354 454 1402 κακομήτωρ
501 1356 648 1397 explicat
680 1356 825 1396 Hesych.
864 1356 1036 1398 Sophoclis

1073 1104 1219 1150 ἀμμένει
1253 1107 1308 1139 Tr.
1338 1104 1406 1139 527
1432 1108 1483 1140 c-h.
1543 1104 1842 1161 υοκαιδεκάμηνον

8 1269 35 1291 ,ιχ
51 1251 119 1283 itr.
139 1251 184 1291 II,
205 1247 254 1295 5].

1074 1347 1208 1389 πρῶτον
1227 1341 1323 1388 βαιὸν
1341 1342 1547 1389 ἀμμείνασα.

102 1353 168 1389 115

1137 1393 1181 1436 'A
1194 1414 1219 1446 μ
1229 1398 1333 1448 μῖγα
1357 1405 1476 1443 memte,
1506 1413 1576 1435 ιιπα
1602 1413 1687 1435 cum.
1718 1400 1821 1449 ὕδρας
1851 1405 2092 1449 προστετακὼς

1098 1446 1243 1493 donam
1276 1448 1490 1497 μελαγγαίτα
1521 1444 1550 1483 τ’
1583 1448 1720 1497 ἅμμιγά
1751 1461 1802 1484 νιν
1835 1447 1958 1489 αἰκίζει
1983 1447 2093 1497 θηρὸς

1091 1493 1215 1530 λόεντα
1231 1495 1356 1544 κέντρα
1382 1489 1436 1530 Tr.
1458 1494 1526 1530 839
1545 1497 1595 1530 ch.
1623 1496 1680 1540 [αἰ,
1709 1496 1809 1532 νέσου
1836 1492 1868 1532 θ’
1894 1495 1960 1531 ὕπο
1977 1498 2092 1545 φοίνια

1071 1541 1251 1588 δολόμυθα
1267 1555 1301 1577 κ.
1324 1545 1411 1588 LA.]
1441 1545 1625 1578 Posteriora
1642 1546 1778 1578 nonnisi
1796 1546 2092 1588 amplificationem

1070 1591 1218 1632 priorum
1238 1593 1424 1625 continent.
1454 1594 1630 1632 Ignorabat
1646 1593 1822 1634 Hercules,
1844 1603 1910 1635 quo
1928 1594 2092 1626 veneficio

1069 1639 1206 1679 periret,
1228 1638 1395 1681 discitque
1413 1649 1456 1672 ex
1474 1640 1574 1679 Hyllo
1592 1640 1740 1681 demum,
1763 1651 1794 1672 v.
1819 1637 1921 1672 1141.
1956 1643 2090 1674 Accen-

1069 1691 1142 1718 tum
1167 1687 1240 1719 iure
1264 1688 1419 1728 sequitur
1445 1688 1609 1729 simplicis
1643 1685 1726 1734 μίγα
1750 1698 1775 1719 s.
1807 1685 1929 1735 μίγδα,
1967 1689 2008 1721 de
2026 1699 2091 1731 quo

17 1404 212 1436 'ctoritate
232 1413 326 1436 usus.

22 1456 42 1469 '
83 1456 257 1551 ’Δέᾓὸηχέι
266 1460 349 1542 ν1έὸω
375 1463 504 1494 consilia·
523 1464 616 1503 inops
633 1472 717 1494 sum.
739 1460 882 1509 ἀπορεῖν
899 1460 944 1507 τῇ
959 1459 1032 1495 δια-

332 1505 387 1550 36,
408 1506 465 1541 24.
486 1508 658 1556 ἀμηχανῶ
683 1507 732 1548 δέ,
761 1507 904 1556 πότερον
917 1507 958 1543 τὸ
976 1508 1033 1543 σὸν

115 1551 149 1602 μ’
174 1555 310 1604 ἐλέγχω
327 1559 464 1602 πρῶτον
488 1553 511 1601 ἢ
530 1559 645 1591 κεῖνον
663 1554 771 1590 στένω
788 1557 849 1589 Ph.
872 1553 951 1589 337.
973 1558 1035 1590 ποῖ

76 1616 124 1638 ων
141 1602 215 1651 ἀμη
244 1607 336 1638 ανῶν
355 1601 468 1645 ἔλθω,
511 1605 563 1637 ΕΙ.
589 1601 678 1636 1174
695 1608 786 1636 recte
803 1604 950 1637 Brunck.
972 1604 1031 1637 de·

8 1647 40 1694 5¹-
50 1655 76 1684 t.
105 1650 205 1699 ἀμηχ
230 1663 298 1686 νων
324 1652 403 1693 LA,
433 1652 468 1683 in
493 1661 559 1694 qua
585 1652 749 1693 scriptura
773 1651 972 1693 explicanda
997 1661 1032 1683 se

8 1690 185 1740 ‘'Jrserunt
201 1699 408 1732 scholiastae.
437 1696 548 1745 λόγων
573 1703 687 1731 autern
712 1696 780 1733 ἀπὸ
803 1700 921 1741 κοινοῦ
939 1703 974 1731 et
991 1699 1032 1731 ad

9 1747 27 1772 ΞΤ*
40 1747 76 1780 οῖ
90 1747 307 1779 referendum
323 1750 358 1779 et
380 1747 419 1779 ad
452 1743 666 1793 ἀμηχανῶνε
704 1747 767 1780 ποῖ
798 1744 910 1792 λόγων
937 1743 1031 1780 ἔλθω
1068 1734 1179 1775 AP⁰¹¹·
1200 1734 1242 1766 de
1259 1735 1346 1767 Λᾶν·
1371 1744 1404 1776 P·
1427 1731 1506 1767 552·

1139 1786 1179 1827 Ἀ
1191 1791 1274 1837 μνή
1287 1805 1375 1838 μων
1409 1795 1464 1835 qui
1488 1796 1540 1826 ειιι·
1564 1795 1722 1826 memoria
1746 1797 1843 1827 caret.
1885 1791 2089 1840 ἀμνήμονος

13 1787 207 1841 ζμηχανῶν
223 1791 336 1840 λόγων
361 1794 505 1826 nesciens
522 1793 600 1835 quid
616 1795 659 1825 ait
676 1793 863 1826 dicendum.

8 1867 14 1877 ·-
82 1845 339 1899 Ἀμήχανος
366 1849 476 1896 [Curt.
505 1852 560 1884 Et.
581 1848 664 1884 299.
692 1849 788 1897 584}
825 1853 966 1893 Saepius
991 1853 1031 1884 de

13 1895 77 1932 hoc
92 1900 251 1932 vocabulo
268 1901 335 1939 agit
353 1899 509 1932 Eustath.
538 1900 645 1932 varias
663 1901 703 1932 ab
719 1909 789 1931 una
806 1900 911 1940 stirpe
930 1900 1030 1932 dissi-

9 1942 106 1982 ‘tas
133 1947 395 1987 significationes
427 1947 675 1988 percensendo,
703 1957 737 1988 p.
762 1943 840 1987 190,
869 1943 925 1980 33.
947 1943 1027 1988 646,

171 1991 227 2026 31.
252 1991 353 2036 1002,
374 1991 430 2026 40.
463 1991 565 2034 1184,
585 1991 642 2027 21.
674 1994 789 2026 Prima
805 1994 940 2027 videtur
957 1995 1030 2026 eius

1067 1837 1288 1920 1γ)ο“ιρᾱοίν.δρὸς
1322 1838 1469 1920 ὄλλυταιιῖ

1070 1886 1424 1982 ρίισῐέισιθὲιιίηζιαῒὲηηῖίαν
1435 1899 1517 1969 οκτλ.
1540 1935 1670 1968 Phalar.
1692 1945 1745 1977 ep.
1771 1932 1863 1978 109.]

1521 1839 1597 1887 άρις
1629 1842 1696 1873 inc.

1532 1899 1550 1921 v
1575 1886 1699 1934 &evim

9 1989 48 2048 „¹-
70 1990 151 2035 701,

1819 1841 1990 1883 Brunck.;
2021 1852 2155 1875 amr-
2195 1840 2231 1883 ss,

1805 1886 1927 1935 ἀνδρὸς
1952 1888 2001 1936 μὴ
2020 1887 2199 1938 χα-,κβΫ

1138 1987 1396 2040 Ἀμνηστέω
1423 1997 1593 2027 immemor
1608 2004 1692 2026 sum.
1723 1992 1763 2028 οὐ
1788 1993 1853 2041 γάρ
1877 1989 1951 2028 ποτ’
1975 1993 2090 2040 ἀμνα-

1609 2040 1691 2079 ύσας
1724 2036 1902 2076 Ἑλλάνων
1931 2040 2013 2083 ἅναξ
2030 2043 2086 2076 ΕΙ.

1605 2115 1612 2122 .
1632 2099 1667 2131 Ρ.
1685 2086 1730 2122 93
1755 2091 1898 2122 coniecit
1923 2088 2091 2135 ἀμναστεῖ

1068 2145 1115 2169 σε.
1153 2136 1256 2168 Recte
1280 2146 1358 2169 vero
1383 2137 1469 2169 illud
1494 2137 1605 2170 habet.
1645 2137 1736 2169 Ultio
1762 2138 1856 2170 enim
1873 2137 2088 2177 Clytaemne-

1067 2042 1140 2074 στεῖ
1168 2040 1349 2087 [ἀμνηστεῖ
1375 2042 1444 2084 LA]
1473 2035 1502 2088 γ’
1535 2040 1553 2076 ὁ

143 2041 229 2083 quod
253 2042 349 2073 nulla
372 2045 441 2074 arte
461 2041 625 2082 prohiberi
649 2041 777 2083 cfficive
797 2043 910 2082 possit.
955 2035 1031 2075 ἀλλ’

1066 2085 1136 2121 483
1155 2089 1206 2121 ch.
1235 2089 1364 2121 Wakef.
1396 2090 1478 2122 SiIV.
1503 2089 1557 2122 Cr.

9 2098 13 2102 ·
61 2086 205 2135 ηχάνων
223 2086 307 2135 ἐρᾷς
324 2089 406 2121 Ant.
427 2085 483 2120 90.
513 2089 731 2121 Proverbium
748 2092 800 2121 est
816 2092 887 2122 τῶν
904 2087 1030 2123 ἀδυνά-

6 2135 25 2178 ,5⁴
109 2134 209 2182 ἐρᾶν,
238 2137 327 2177 quod
353 2137 535 2168 illustravit
559 2136 724 2168 Fritzsch.
759 2136 800 2168 ad
826 2137 907 2168 Luc.
937 2137 1026 2168 Dial.

1067 2187 1154 2215 strae
1165 2184 1394 2225 Aegisthoque
1408 2185 1539 2217 instans
1549 2188 1710 2226 tanquam
1720 2185 1897 2218 Furiarum
1906 2185 2086 2225 Agamem-

1066 2231 1164 2263 nonis
1189 2232 1335 2263 iniuriae
1361 2233 1516 2264 memoris
1541 2242 1624 2273 opus
1651 2233 1824 2272 cogitatur.
1863 2232 1918 2266 Sic
1934 2231 2037 2272 ζῶσιν
2055 2231 2089 2267 οἱ

1065 2280 1128 2324 γᾶς
1154 2275 1238 2312 ὑπαὶ
1262 2276 1414 2323 κείμενοι
1439 2280 1564 2311 dicitur
1588 2291 1620 2311 v.
1644 2275 1754 2320 1419;
1792 2280 1880 2321 quod
1904 2281 1934 2312 si
1959 2279 2087 2313 Orestis

1066 2326 1257 2358 simulatam
1274 2331 1415 2358 mortem
1432 2330 1618 2368 spectaret,
1648 2326 1906 2367 frigidissimum
1923 2328 2019 2360 foret.
2044 2346 2085 2353 —

10 2188 34 2208 '⁵
52 2192 111 2216 ¹or.
125 2192 159 2224 Ρ.
174 2180 208 2215 4.
229 2180 341 2229 θηρᾶν
359 2181 399 2217 οὐ
416 2181 538 2228 πρέπει
555 2181 598 2217 τά

35 2240 117 2263 νον
143 2227 181 2264 δὲ
205 2229 332 2268 παντὸς
356 2228 479 2277 ἀνδρὸς
504 2228 596 2275 ἐκμα

20 2290 38 2318 J
74 2275 269 2326 ἀμηχάνων
294 2275 382 2324 ἔρως
421 2275 573 2315 πολλοὺς
614 2275 722 2324 ἔθηκε
761 2279 821 2311 τοῦ
862 2276 1029 2324 παρόντος

15 2325 19 2329 “
63 2321 209 2359 πλακεῖν
227 2324 365 2364 Thyest.
383 2326 444 2357 ΠΙ.
466 2322 498 2364 3,
520 2326 587 2357 nisi
601 2325 775 2367 Euripidis
793 2329 844 2358 est
861 2327 1030 2358 sententia

94 2372 184 2404 Stob.
213 2372 326 2405 Floril.
353 2369 430 2414 108,
451 2369 508 2405 23.
553 2373 656 2405 Dind.
678 2373 801 2405 omisit.
846 2373 910 2404 His
927 2374 1030 2405 affine

59 2442 61 2445 ι
80 2416 191 2452 νόσων
216 2417 409 2466 ἀμηχάνων
427 2420 508 2452 Ant.
530 2416 598 2452 363
616 2420 667 2452 ch.
689 2421 712 2452 i.
735 2430 766 2460 q.
795 2418 1028 2467 ἀκαταμαχή-

84 2491 92 2506 ,
113 2464 273 2507 ἀνιάτων,
294 2467 458 2499 medelam
467 2468 712 2508 respuentium.
731 2465 952 2514 [ἀμηχάνων,
970 2479 1028 2505 ους

625 2181 743 2230 ήχανα
760 2184 840 2215 Ant.
855 2179 912 2215 92.
933 2181 1031 2229 ἀμή-

622 2233 672 2265 εῖν
697 2228 814 2277 ψυχήν
843 2227 920 2263 175.
959 2235 1029 2265 τῶν

1066 2373 1159 2406 Suid.
1181 2384 1212 2404 ν.
1235 2371 1405 2419 ἀμνηστεῖ
1422 2375 1521 2407 libros
1539 2375 1704 2416 sequitur.

1065 2476 1124 2513 ἕνα
1141 2477 1242 2513 νέκυν
1259 2484 1390 2527 νεκρῶν
1408 2479 1554 2527 ἀμοιβὸν
1570 2478 1727 2518 ἀντιδοὺς
1750 2478 1819 2515 ἔσει
1835 2482 1916 2513 Ant.
1934 2478 1977 2514 10
2027 2507 2034 2514 .

9 2549 10 2552 ,
46 2519 93 2545 m.
121 2523 172 2555 pr.
194 2523 360 2555 superscr.
390 2515 450 2546 LA
475 2518 562 2547 teste
586 2512 749 2559 Wolfflo.]
783 2515 829 2547 Et
854 2526 872 2547 a
897 2525 1028 2556 corpore

1135 2425 1176 2466 'A
1186 2444 1211 2477 μ
1221 2443 1239 2465 ο
1251 2443 1261 2465 ι
1271 2430 1291 2477 β
1302 2430 1319 2465 ό
1330 2444 1345 2470 ς
1359 2434 1503 2465 vicissim
1515 2433 1624 2466 datus.
1645 2437 1714 2467 τῶν
1733 2437 1801 2467 σῶν
1819 2431 1861 2467 ἐκ
1878 2406 2210 2469 enlm
2236 2402 2288 2474 [1

1129 2541 1348 2597 Ἀμοιρος
1379 2560 1502 2592 expers.
1539 2550 1659 2597 νεκρὸν
1691 2554 1806 2598 ταφῆς
1839 2549 1984 2597 ἄμοιρον
2024 2554 2079 2586 Ai.

1068 2594 1168 2629 1327.
1192 2595 1283 2644 ἔχεις
1301 2596 1339 2630 δὲ
1355 2602 1424 2631 τῶν
1441 2595 1599 2632 κάτωθεν
1619 2592 1735 2633 ἐνθάδ’
1752 2597 1795 2633 αὖ
1813 2595 1903 2633 θεῶν
1921 2597 2079 2646 ἄμοιρον,

1065 2642 1280 2690 ἀκτέριστον,
1317 2643 1453 2678 ἀνόσιον
1478 2643 1580 2679 νέκυν
1598 2646 1680 2678 Ant.
1705 2643 1805 2678 1071.
1843 2644 1989 2693 ἄμοιρον
2013 2652 2083 2682 τῶν

1007 2716 1009 2718 ι
1064 2688 1222 2726 κάτωθεν
1246 2689 1336 2726 θεῶν
1362 2693 1549 2733 iungenda:
1580 2695 1739 2725 consortio
1766 2693 1950 2734 inferorum
1969 2695 2083 2735 prohi-

1065 2739 1180 2772 bitum.
1213 2739 1343 2781 [vitiosa
1359 2741 1458 2773 lectio
1483 2738 1628 2787 ἄμοιρον
1652 2750 1712 2783 pro
1737 2738 1868 2787 ἄμορον
1888 2741 1946 2774 0ss
1961 2739 2031 2775 248
2047 2743 2084 2775 in

10 2567 41 2594 R
76 2561 227 2593 animum
259 2561 409 2594 traducto
425 2562 583 2594 vocabulo
615 2560 797 2608 ἀμήχανον
830 2559 935 2607 ἄλγος
970 2563 1024 2594 ΕΙ.

60 2604 143 2640 och.
163 2609 272 2640 Affert
290 2609 408 2642 Suidas
425 2619 457 2641 v.
476 2606 641 2655 δύσφορα.
663 2610 820 2650 Denique
837 2610 878 2641 de
895 2609 1029 2642 homine

7 2661 37 2696 iq?
55 2655 155 2695 itur,
187 2656 243 2696 qui
268 2666 288 2688 α
311 2665 343 2687 se
368 2657 542 2696 impetrare
559 2656 686 2698 aliquid
709 2666 777 2688 non
789 2659 908 2696 potest.
933 2655 973 2691 τὸ
991 2655 1029 2691 δὲ

8 2693 37 2726 ῗῖῐ
53 2721 58 2728 -
87 2699 239 2736 πολιτῶν
257 2700 339 2748 δρᾶν
356 2699 440 2749 ἔφυν
465 2701 649 2750 ἀμήχανος
665 2704 746 2736 Ant.
768 2700 825 2735 79.

10 2752 40 2800 ³³}
74 2752 290 2805 Ἀμικτος
324 2763 526 2802 inaccessus,
553 2762 656 2802 ferus.
694 2760 799 2807 διφυᾶ
821 2756 850 2795 τ’
884 2759 1028 2807 ἄμικτον

8 2834 26 2849 ,,
80 2805 236 2853 οβάμονα
269 2807 409 2854 στρατὸν
434 2806 554 2855 θηρῶν
586 2809 640 2841 Tr.
665 2806 766 2843 1095.
807 2809 874 2851 [Sic
897 2810 1025 2843 Dind.:

7 2600 59 2640 ‘⁴

1066 2787 1126 2818 LA
1143 2790 1177 2818 et
1194 2782 1307 2831 Suid.]

1279 2857 1322 2883 ος
1340 2850 1375 2879 et
1390 2843 1550 2892 ἄμμορος
1569 2857 1691 2887 expers.
1713 2845 1851 2880 πάντων
1869 2845 2029 2894 ἄμμορος
2047 2846 2082 2882 ἐν

1274 2890 1356 2925 2011.
1386 2893 1603 2940 κατεύχομαι
1617 2892 1655 2927 δὲ
1670 2893 1729 2928 τὸν
1748 2891 1937 2940 δεδρακότα
2016 2906 2084 2929 κα-

1065 2950 1125 2973 κον
1141 2943 1260 2977 κακῶς
1273 2951 1323 2973 νιν
1337 2938 1468 2987 ἄμορον
1482 2938 1640 2987 ἐκτρῖψαι
1660 2939 1732 2987 βίον
1746 2941 1803 2973 OR
1813 2939 1882 2975 248
1894 2952 1936 2974 ex
1946 2943 2084 2975 Porsoni

1066 2987 1300 3020 emendatione
1318 2992 1424 3020 metro
1441 2989 1629 3021 necessaria
1647 2990 1842 3030 repositum.
1866 2989 1926 3021 LA
1937 2993 1971 3021 et
1985 2990 2078 3023 Suid.

1065 3031 1221 3080 ἄμοιρος.
1243 3035 1388 3067 Kiddius
1406 3036 1542 3076 quidem
1559 3037 1596 3067 in
1614 3036 1825 3068 Porsonianis
1838 3047 1872 3078 Ρ.
1893 3033 1956 3068 191
1973 3037 2079 3077 docet,

1066 3091 1144 3113 sono
1177 3082 1279 3113 etiam
1311 3079 1470 3129 ἄμμορον
1499 3081 1618 3129 τρῖψαι
1652 3081 1724 3128 βίον
1758 3093 1824 3116 non
1853 3084 2078 3125 displicuisse.

1065 3126 1238 3174 ἄμμοιρος
1263 3130 1336 3161 iure
1359 3134 1554 3171 suspectum
1581 3135 1675 3162 vocat
1699 3131 1789 3162 idem
1822 3131 1863 3162 ad
1886 3131 1970 3162 Hec.
1999 3128 2078 3163 421.

1065 3173 1224 3221 ἄμμορος
1249 3180 1284 3208 et
1306 3174 1437 3223 ἄμορος
1461 3181 1578 3219 utpote
1595 3178 1716 3210 rariora
1739 3179 1810 3210 visa
1832 3179 1868 3209 in
1885 3175 2031 3224 ἄμοιρος
2049 3182 2083 3210 et

1065 3220 1237 3268 ἄμμοιρος
1262 3224 1434 3265 depravari
1459 3225 1599 3257 docens:
1637 3225 1760 3266 quibus
1784 3226 1866 3258 adde
1892 3225 2012 3257 Elmsl.
2043 3225 2083 3257 ad

1066 3270 1154 3301 Med.
1179 3267 1279 3303 1362.
1321 3271 1492 3314 Scriptura
1515 3273 1593 3304 libri
1618 3273 1768 3304 Livineii
1793 3276 1910 3309 κακῶς
1936 3269 2081 3318 ἄμοιρον

1065 3318 1185 3350 omisso
1208 3328 1279 3359 νιν,
1307 3319 1396 3359 quod
1420 3319 1626 3361 exquisitius
1650 3319 1803 3361 additur,
1824 3320 2014 3352 emendatio
2031 3323 2082 3352 est

823 3375 845 3396 α
861 3361 927 3410 γὰρ
945 3360 1029 3397 ἐπέ-
1066 3364 1151 3405 eiuS,
1173 3365 1232 3406 qui
1247 3365 1314 3397 iam
1327 3366 1467 3408 antiqua
1479 3370 1588 3398 aetate
1605 3367 1719 3399 versui
1733 3367 1958 3409 opitulaturus
1976 3370 2076 3399 esset.

818 3407 841 3443 4
858 3411 910 3444 ch.
946 3420 1028 3443 con-
1066 3429 1108 3436 —
1128 3411 1287 3453 Ceterum
1310 3413 1412 3447 schol.
1439 3411 1651 3462 κακόμοιρον
1678 3414 1834 3457 explicat.
1880 3414 1976 3446 Nude
2005 3414 2080 3448 sine

8 2844 117 2901 ’Ᾰφυῆ
138 2853 228 2901 LA.]
259 2855 438 2888 Centauros
463 2857 561 2897 dicit,
591 2857 691 2889 schol.
711 2855 768 2891 τὸν
785 2861 854 2891 τῶν
872 2853 1030 2892 Κενταύ-

41 2912 81 2935 ιιν
92 2900 385 2948 ἀπροσπέλαστον,
405 2896 433 2950 ᾧ
442 2902 507 2938 οὐκ
518 2901 562 2948 ἦν
577 2902 741 2949 συμμίξαι
751 2902 810 2938 καὶ
824 2902 1025 2950 συμβαλεῖν.

9 2974 35 3003 2¹>
75 2952 268 3005 ’Ἀμιλλα
285 2965 459 2994 certamen.
480 2959 514 2995 ἄ.
533 2960 721 3008 ἀγώνισμα,
739 2961 942 3009 φιλονεικία,
959 2961 1030 3004 ἐξί-

8 3005 55 3052 ’Ῐζζιιι
70 3011 82 3032 ι’
99 3018 116 3045 ς
133 3008 191 3040 Gr.
211 3009 316 3041 Bekk.
337 3019 370 3051 p.
393 3006 472 3051 387,
493 3006 551 3051 28,
580 3010 703 3050 quibus
724 3014 758 3041 et
780 3012 911 3051 propria
928 3011 1030 3043 simul

8 3052 33 3100 ζ
59 3055 178 3087 tralata
192 3056 391 3095 significatio
404 3057 578 3089 exhausta.
600 3054 764 3090 πώλοισιν
781 3054 804 3101 ἢ
826 3055 935 3104 ῥιμφα
959 3057 1028 3102 μοί-

13 3116 46 3137 1*
67 3112 84 3138 ς
101 3099 264 3146 ἁμίλλαις
292 3102 347 3135 OC
369 3101 459 3136 1064
476 3104 528 3136 ch.
558 3104 598 3135 de
614 3114 728 3145 pugna
746 3105 866 3136 curuli.
894 3115 941 3151 γα
967 3116 1029 3151 αρ-

103 3146 139 3182 έν
154 3147 317 3194 ἁμίλλαις
330 3151 383 3183 ΕΙ.
396 3147 463 3183 861
476 3161 520 3183 m.
541 3152 578 3182 in
588 3153 768 3183 certamine
779 3144 1025 3193 quadrigarum.

10 3196 165 3243 fialam:
197 3194 271 3230 ἰδού
291 3191 324 3241 μ’
350 3195 574 3243 ἀναταράσσει
594 3196 612 3232 ὁ
629 3198 746 3236 κισσὸς
763 3195 922 3246 Βακγίαν
941 3197 1029 3233 ὑπο-

8 3253 12 3298 γ
39 3243 42 3246 ’
61 3240 169 3288 έφων
196 3240 414 3291 [ὑποτρέφων
432 3243 583 3290 ΨαΙςθΐ]
609 3241 771 3290 ἅμιλλαν.
810 3241 867 3278 Tr:
885 3243 956 3278 220
973 3247 1024 3279 ch.

10 3303 19 3320 .·
33 3296 49 3336 [³
73 3289 190 3322 Herm.
211 3287 395 3337 Βακχικὴν
414 3288 576 3336 ἅμιλλαν,
595 3290 750 3326 τουτέστι
765 3291 905 3339 χορείαν
923 3294 1024 3327 schol.

1129 2837 1272 2925 Ἀμοὲ

1067 2889 1131 2949 βιῳ
1149 2892 1210 2924 Ph.
1230 2889 1246 2924 1

39 3361 42 3362 ’
58 3353 159 3405 ’.’“Αμ
171 3357 272 3406 ίλλη
284 3372 340 3406 μα
357 3364 530 3394 certamen.
551 3356 686 3409 ἄλεκτρ’
703 3359 766 3396 ἄνυ

51 3459 54 3461 -
83 3404 273 3453 μιαιφόνων
298 3406 420 3454 γάμων
444 3406 673 3456 ἁμιλλήματα
697 3410 749 3442 El.
771 3407 793 3442 4

2012 3579 2034 3600 0

2228 1958 2288 1989 cz?
