<?xml version="1.0" encoding="UTF-8"?>
<!DOCTYPE html PUBLIC "-//W3C//DTD XHTML 1.0 Transitional//EN"
    "http://www.w3.org/TR/xhtml1/DTD/xhtml1-transitional.dtd">
<html xmlns="http://www.w3.org/1999/xhtml" xml:lang="en" lang="en">
 <head>
  <title>
</title>
<meta http-equiv="Content-Type" content="text/html;charset=utf-8" />
  <meta name='ocr-system' content='tesseract 3.04.00' />
  <meta name='ocr-capabilities' content='ocr_page ocr_carea ocr_par ocr_line ocrx_word'/>
</head>
<body>
  <div class='ocr_page' id='page_1' title='image "./lexiconsophocleu00elleuoft_1065.png"; bbox 0 0 2288 3600; ppageno 0'>
   <div class='ocr_carea' id='block_1_1' title="bbox 0 0 192 228">
    <p class='ocr_par' dir='ltr' id='par_1_1' title="bbox 0 0 192 228">
     <span class='ocr_line' id='line_1_1' title="bbox 0 0 192 228; baseline 0 0"><span class='ocrx_word' id='word_1_1' title='bbox 0 0 192 228; x_wconf 95' lang='lat' dir='ltr'>  </span> 
     </span>
    </p>
   </div>
   <div class='ocr_carea' id='block_1_2' title="bbox 20 128 366 223">
    <p class='ocr_par' dir='ltr' id='par_1_2' title="bbox 20 128 366 238">
     <span class='ocr_line' id='line_1_2' title="bbox 20 128 366 223; baseline 0.012 -17"><span class='ocrx_word' id='word_1_2' title='bbox 20 171 84 207; x_wconf 46' lang='grc' dir='ltr'>’κ</span> <span class='ocrx_word' id='word_1_3' title='bbox 99 187 135 222; x_wconf 66' lang='lat' dir='ltr'>p.</span> <span class='ocrx_word' id='word_1_4' title='bbox 149 128 366 223; x_wconf 59' lang='lat' dir='ltr'>{vo-282]</span> 
     </span>
    </p>
   </div>
   <div class='ocr_carea' id='block_1_3' title="bbox 0 256 1047 468">
    <p class='ocr_par' dir='ltr' id='par_1_3' title="bbox 0 256 1047 468">
     <span class='ocr_line' id='line_1_3' title="bbox 0 256 1044 332; baseline -0.005 -13"><span class='ocrx_word' id='word_1_5' title='bbox 0 256 91 332; x_wconf 44' lang='grc' dir='ltr'>ἔται</span> <span class='ocrx_word' id='word_1_6' title='bbox 104 280 186 318; x_wconf 84' lang='grc'><strong>383.</strong></span> <span class='ocrx_word' id='word_1_7' title='bbox 281 293 334 317; x_wconf 89' lang='grc' dir='ltr'>τοι</span> <span class='ocrx_word' id='word_1_8' title='bbox 352 276 387 327; x_wconf 83' lang='grc' dir='ltr'>μ’</span> <span class='ocrx_word' id='word_1_9' title='bbox 404 279 529 329; x_wconf 87' lang='grc' dir='ltr'>ὀδύρου</span> <span class='ocrx_word' id='word_1_10' title='bbox 547 281 602 316; x_wconf 89' lang='lat' dir='ltr'>OG</span> <span class='ocrx_word' id='word_1_11' title='bbox 622 278 724 315; x_wconf 88' lang='lat'><strong>1439.</strong></span> <span class='ocrx_word' id='word_1_12' title='bbox 746 283 947 315; x_wconf 87' lang='lat' dir='ltr'>Elmsleium</span> <span class='ocrx_word' id='word_1_13' title='bbox 964 291 1044 315; x_wconf 90' lang='lat' dir='ltr'>con-</span> 
     </span>
     <span class='ocr_line' id='line_1_4' title="bbox 0 327 1045 378; baseline -0.004 -13"><span class='ocrx_word' id='word_1_14' title='bbox 0 334 86 373; x_wconf 60' lang='lat' dir='ltr'>:gitra</span> <span class='ocrx_word' id='word_1_15' title='bbox 99 331 201 364; x_wconf 83' lang='lat' dir='ltr'>libros</span> <span class='ocrx_word' id='word_1_16' title='bbox 238 327 320 378; x_wconf 88' lang='grc' dir='ltr'>ύρου</span> <span class='ocrx_word' id='word_1_17' title='bbox 335 329 578 370; x_wconf 77' lang='lat' dir='ltr'>corrigentem,</span> <span class='ocrx_word' id='word_1_18' title='bbox 606 329 750 362; x_wconf 87' lang='lat' dir='ltr'>alterum</span> <span class='ocrx_word' id='word_1_19' title='bbox 765 333 879 362; x_wconf 90' lang='lat' dir='ltr'>autem</span> <span class='ocrx_word' id='word_1_20' title='bbox 896 330 1045 371; x_wconf 88' lang='lat' dir='ltr'>eripien-</span> 
     </span>
     <span class='ocr_line' id='line_1_5' title="bbox 0 376 1047 419; baseline -0.004 -7"><span class='ocrx_word' id='word_1_21' title='bbox 0 383 7 406; x_wconf 70' lang='grc' dir='ltr'>·’ῖ</span> <span class='ocrx_word' id='word_1_22' title='bbox 34 381 104 412; x_wconf 68' lang='lat' dir='ltr'>tem</span> <span class='ocrx_word' id='word_1_23' title='bbox 115 377 250 418; x_wconf 71' lang='lat' dir='ltr'>tragicis</span> <span class='ocrx_word' id='word_1_24' title='bbox 263 377 388 410; x_wconf 73' lang='lat' dir='ltr'>refutat</span> <span class='ocrx_word' id='word_1_25' title='bbox 400 376 517 409; x_wconf 85' lang='lat' dir='ltr'><strong>Herm.</strong></span> <span class='ocrx_word' id='word_1_26' title='bbox 532 377 641 417; x_wconf 89' lang='lat' dir='ltr'>ipsius</span> <span class='ocrx_word' id='word_1_27' title='bbox 654 377 777 418; x_wconf 84' lang='lat' dir='ltr'>verbis,</span> <span class='ocrx_word' id='word_1_28' title='bbox 794 377 922 419; x_wconf 82' lang='lat' dir='ltr'><strong>quippe</strong></span> <span class='ocrx_word' id='word_1_29' title='bbox 939 386 1047 409; x_wconf 90' lang='lat' dir='ltr'>unum</span> 
     </span>
     <span class='ocr_line' id='line_1_6' title="bbox 0 420 1046 468; baseline -0.002 -10"><span class='ocrx_word' id='word_1_30' title='bbox 0 426 3 439; x_wconf 69' lang='lat'><em>³</em></span> <span class='ocrx_word' id='word_1_31' title='bbox 34 425 229 468; x_wconf 83' lang='lat' dir='ltr'>exemplum</span> <span class='ocrx_word' id='word_1_32' title='bbox 243 424 327 457; x_wconf 83' lang='lat' dir='ltr'>Eur.</span> <span class='ocrx_word' id='word_1_33' title='bbox 338 423 464 456; x_wconf 88' lang='lat' dir='ltr'>Phoen.</span> <span class='ocrx_word' id='word_1_34' title='bbox 480 420 566 456; x_wconf 91' lang='lat'><strong>1761</strong></span> <span class='ocrx_word' id='word_1_35' title='bbox 586 424 793 466; x_wconf 81' lang='lat' dir='ltr'>productiori</span> <span class='ocrx_word' id='word_1_36' title='bbox 810 425 934 456; x_wconf 80' lang='lat' dir='ltr'>formae</span> <span class='ocrx_word' id='word_1_37' title='bbox 946 433 1046 466; x_wconf 82' lang='lat' dir='ltr'>prae-</span> 
     </span>
    </p>
   </div>
   <div class='ocr_carea' id='block_1_4' title="bbox 35 464 1088 517">
    <p class='ocr_par' dir='ltr' id='par_1_4' title="bbox 35 464 1088 517">
     <span class='ocr_line' id='line_1_7' title="bbox 35 464 1088 517; baseline -0.001 -11"><span class='ocrx_word' id='word_1_38' title='bbox 35 472 122 506; x_wconf 77' lang='lat' dir='ltr'>sidio</span> <span class='ocrx_word' id='word_1_39' title='bbox 144 481 219 505; x_wconf 84' lang='lat' dir='ltr'>esse</span> <span class='ocrx_word' id='word_1_40' title='bbox 241 471 335 504; x_wconf 76' lang='lat' dir='ltr'>fassi.</span> <span class='ocrx_word' id='word_1_41' title='bbox 364 469 418 504; x_wconf 76' lang='lat' dir='ltr'>Cf.</span> <span class='ocrx_word' id='word_1_42' title='bbox 445 467 603 517; x_wconf 84' lang='grc' dir='ltr'>δύρομαι.</span> <span class='ocrx_word' id='word_1_43' title='bbox 629 469 694 517; x_wconf 83' lang='grc' dir='ltr'>τὴν</span> <span class='ocrx_word' id='word_1_44' title='bbox 717 468 824 505; x_wconf 86' lang='grc' dir='ltr'>παῖδα</span> <span class='ocrx_word' id='word_1_45' title='bbox 846 468 975 517; x_wconf 85' lang='grc' dir='ltr'>ταύτην</span> <span class='ocrx_word' id='word_1_46' title='bbox 1001 464 1048 505; x_wconf 84' lang='grc' dir='ltr'>οἷ’</span> <span class='ocrx_word' id='word_1_47' title='bbox 1077 472 1088 487; x_wconf 74' lang='lat'><em>⁴</em></span> 
     </span>
    </p>
   </div>
   <div class='ocr_carea' id='block_1_5' title="bbox 34 514 503 565">
    <p class='ocr_par' dir='ltr' id='par_1_5' title="bbox 34 514 503 565">
     <span class='ocr_line' id='line_1_8' title="bbox 34 514 503 565; baseline -0.011 -10"><span class='ocrx_word' id='word_1_48' title='bbox 34 515 190 565; x_wconf 76' lang='grc' dir='ltr'>ὀδύρεται</span> <span class='ocrx_word' id='word_1_49' title='bbox 204 515 303 556; x_wconf 80' lang='grc' dir='ltr'>πόλις</span> <span class='ocrx_word' id='word_1_50' title='bbox 319 518 402 551; x_wconf 88' lang='lat' dir='ltr'><strong>Ant.</strong></span> <span class='ocrx_word' id='word_1_51' title='bbox 423 514 503 551; x_wconf 87' lang='grc'><strong>693.</strong></span> 
     </span>
    </p>
   </div>
   <div class='ocr_carea' id='block_1_6' title="bbox 5 569 1047 845">
    <p class='ocr_par' dir='ltr' id='par_1_6' title="bbox 5 569 1047 845">
     <span class='ocr_line' id='line_1_9' title="bbox 103 569 1047 623; baseline -0.001 -12"><span class='ocrx_word' id='word_1_52' title='bbox 103 569 380 614; x_wconf 84' lang='grc' dir='ltr'>Ὀδύσασθαι</span> <span class='ocrx_word' id='word_1_53' title='bbox 395 576 514 610; x_wconf 72' lang='lat' dir='ltr'>odisse.</span> <span class='ocrx_word' id='word_1_54' title='bbox 542 574 667 611; x_wconf 88' lang='grc' dir='ltr'>πολλοὶ</span> <span class='ocrx_word' id='word_1_55' title='bbox 691 573 946 623; x_wconf 63' lang='grc' dir='ltr'>γὰρ’ὢδύσαντο</span> <span class='ocrx_word' id='word_1_56' title='bbox 965 574 1047 610; x_wconf 90' lang='grc' dir='ltr'>δυσ-</span> 
     </span>
     <span class='ocr_line' id='line_1_10' title="bbox 34 621 1047 670; baseline -0.004 -11"><span class='ocrx_word' id='word_1_57' title='bbox 34 621 146 670; x_wconf 79' lang='grc' dir='ltr'>σεβεῖς</span> <span class='ocrx_word' id='word_1_58' title='bbox 179 622 196 658; x_wconf 79' lang='grc' dir='ltr'>ἐ</span> <span class='ocrx_word' id='word_1_59' title='bbox 225 622 257 658; x_wconf 79' lang='grc' dir='ltr'>οἱ</span> <span class='ocrx_word' id='word_1_60' title='bbox 288 621 348 668; x_wconf 82' lang='lat' dir='ltr'>(fr.</span> <span class='ocrx_word' id='word_1_61' title='bbox 368 621 470 668; x_wconf 85' lang='lat'><strong>408.)</strong></span> <span class='ocrx_word' id='word_1_62' title='bbox 502 625 665 657; x_wconf 91' lang='lat' dir='ltr'>rationem</span> <span class='ocrx_word' id='word_1_63' title='bbox 689 625 836 656; x_wconf 89' lang='lat' dir='ltr'>nominis</span> <span class='ocrx_word' id='word_1_64' title='bbox 862 625 927 656; x_wconf 84' lang='lat' dir='ltr'>sibi</span> <span class='ocrx_word' id='word_1_65' title='bbox 943 624 1047 656; x_wconf 90' lang='lat' dir='ltr'>inditi</span> 
     </span>
     <span class='ocr_line' id='line_1_11' title="bbox 5 671 1047 706; baseline -0.003 0"><span class='ocrx_word' id='word_1_66' title='bbox 5 703 7 706; x_wconf 29' lang='lat'><strong>⁴</strong></span> <span class='ocrx_word' id='word_1_67' title='bbox 33 671 175 706; x_wconf 65' lang='lat' dir='ltr'>maidens</span> <span class='ocrx_word' id='word_1_68' title='bbox 221 672 310 704; x_wconf 85' lang='lat' dir='ltr'>llxes</span> <span class='ocrx_word' id='word_1_69' title='bbox 334 671 429 704; x_wconf 89' lang='lat' dir='ltr'>dicit.</span> <span class='ocrx_word' id='word_1_70' title='bbox 466 671 657 704; x_wconf 88' lang='lat' dir='ltr'>Brunckius</span> <span class='ocrx_word' id='word_1_71' title='bbox 674 672 857 704; x_wconf 87' lang='lat' dir='ltr'>versiculos</span> <span class='ocrx_word' id='word_1_72' title='bbox 880 681 936 704; x_wconf 85' lang='lat' dir='ltr'>eos</span> <span class='ocrx_word' id='word_1_73' title='bbox 963 671 1047 703; x_wconf 89' lang='lat' dir='ltr'>duos</span> 
     </span>
     <span class='ocr_line' id='line_1_12' title="bbox 19 718 1047 760; baseline -0.002 -8"><span class='ocrx_word' id='word_1_74' title='bbox 19 718 70 752; x_wconf 82' lang='grc'><strong>-111</strong></span> <span class='ocrx_word' id='word_1_75' title='bbox 86 719 215 760; x_wconf 75' lang='lat' dir='ltr'><strong>Niptris</strong></span> <span class='ocrx_word' id='word_1_76' title='bbox 239 719 374 760; x_wconf 82' lang='lat' dir='ltr'>posuit,</span> <span class='ocrx_word' id='word_1_77' title='bbox 402 727 466 750; x_wconf 91' lang='lat' dir='ltr'>nec</span> <span class='ocrx_word' id='word_1_78' title='bbox 482 719 595 752; x_wconf 89' lang='lat' dir='ltr'>minus</span> <span class='ocrx_word' id='word_1_79' title='bbox 611 720 699 751; x_wconf 92' lang='lat' dir='ltr'>bene</span> <span class='ocrx_word' id='word_1_80' title='bbox 716 720 757 751; x_wconf 88' lang='lat' dir='ltr'>ad</span> <span class='ocrx_word' id='word_1_81' title='bbox 775 719 973 760; x_wconf 86' lang='lat' dir='ltr'>Syndipnon</span> <span class='ocrx_word' id='word_1_82' title='bbox 991 728 1047 750; x_wconf 91' lang='lat' dir='ltr'>re-</span> 
     </span>
     <span class='ocr_line' id='line_1_13' title="bbox 33 763 1042 807; baseline 0 -9"><span class='ocrx_word' id='word_1_83' title='bbox 33 766 215 798; x_wconf 76' lang='lat' dir='ltr'>ferrentur.</span> <span class='ocrx_word' id='word_1_84' title='bbox 259 763 474 806; x_wconf 81' lang='grc' dir='ltr'>ὼδύσσαντο,</span> <span class='ocrx_word' id='word_1_85' title='bbox 510 766 598 807; x_wconf 90' lang='lat' dir='ltr'>quod</span> <span class='ocrx_word' id='word_1_86' title='bbox 625 767 723 806; x_wconf 87' lang='lat' dir='ltr'>vulgo</span> <span class='ocrx_word' id='word_1_87' title='bbox 748 766 796 798; x_wconf 84' lang='lat' dir='ltr'>sic</span> <span class='ocrx_word' id='word_1_88' title='bbox 822 767 1042 806; x_wconf 77' lang='lat' dir='ltr'><strong>scribebatur,</strong></span> 
     </span>
     <span class='ocr_line' id='line_1_14' title="bbox 9 813 523 845; baseline -0.002 0"><span class='ocrx_word' id='word_1_89' title='bbox 9 813 11 815; x_wconf 84' lang='grc'>’</span> <span class='ocrx_word' id='word_1_90' title='bbox 33 813 202 845; x_wconf 86' lang='lat' dir='ltr'>retinendi</span> <span class='ocrx_word' id='word_1_91' title='bbox 219 822 319 845; x_wconf 84' lang='lat' dir='ltr'>causa</span> <span class='ocrx_word' id='word_1_92' title='bbox 336 813 430 845; x_wconf 86' lang='lat' dir='ltr'>nulla</span> <span class='ocrx_word' id='word_1_93' title='bbox 446 813 523 845; x_wconf 83' lang='lat' dir='ltr'>fuit.</span> 
     </span>
    </p>
   </div>
   <div class='ocr_carea' id='block_1_7' title="bbox 0 863 1048 1852">
    <p class='ocr_par' dir='ltr' id='par_1_7' title="bbox 102 863 1043 912">
     <span class='ocr_line' id='line_1_15' title="bbox 102 863 1043 912; baseline -0.002 -7"><span class='ocrx_word' id='word_1_94' title='bbox 102 863 339 909; x_wconf 85' lang='grc' dir='ltr'>Ὀδυσσεύς</span> <span class='ocrx_word' id='word_1_95' title='bbox 357 880 390 903; x_wconf 87' lang='grc'>11.</span> <span class='ocrx_word' id='word_1_96' title='bbox 411 880 462 912; x_wconf 90' lang='lat' dir='ltr'>pr.</span> <span class='ocrx_word' id='word_1_97' title='bbox 482 868 665 908; x_wconf 84' lang='grc' dir='ltr'>Ὀδυσσεύς</span> <span class='ocrx_word' id='word_1_98' title='bbox 683 871 745 904; x_wconf 88' lang='grc' dir='ltr'><strong>Ρ11.</strong></span> <span class='ocrx_word' id='word_1_99' title='bbox 762 868 843 903; x_wconf 84' lang='grc'><strong>371.</strong></span> <span class='ocrx_word' id='word_1_100' title='bbox 863 868 945 904; x_wconf 98' lang='grc'><strong>429.</strong></span> <span class='ocrx_word' id='word_1_101' title='bbox 963 869 1043 903; x_wconf 87' lang='grc'><strong>568.</strong></span> 
     </span>
    </p>

    <p class='ocr_par' dir='ltr' id='par_1_8' title="bbox 2 914 1047 1011">
     <span class='ocr_line' id='line_1_16' title="bbox 2 914 1043 959; baseline -0.002 -7"><span class='ocrx_word' id='word_1_102' title='bbox 2 957 5 959; x_wconf 49' lang='grc'>,</span> <span class='ocrx_word' id='word_1_103' title='bbox 31 914 106 956; x_wconf 81' lang='grc' dir='ltr'>δῖος</span> <span class='ocrx_word' id='word_1_104' title='bbox 114 914 195 951; x_wconf 84' lang='grc'><strong>344.</strong></span> <span class='ocrx_word' id='word_1_105' title='bbox 215 915 316 956; x_wconf 81' lang='grc' dir='ltr'>αὐτὸς</span> <span class='ocrx_word' id='word_1_106' title='bbox 334 915 519 955; x_wconf 90' lang='grc' dir='ltr'>ὁυδυσσεύς</span> <span class='ocrx_word' id='word_1_107' title='bbox 530 915 610 951; x_wconf 91' lang='grc'><strong>572.</strong></span> <span class='ocrx_word' id='word_1_108' title='bbox 627 915 742 956; x_wconf 80' lang='grc' dir='ltr'>δόλιος</span> <span class='ocrx_word' id='word_1_109' title='bbox 758 914 944 956; x_wconf 88' lang='grc' dir='ltr'>Ὀδυσσεύς</span> <span class='ocrx_word' id='word_1_110' title='bbox 962 915 1043 950; x_wconf 88' lang='grc'><strong>608.</strong></span> 
     </span>
     <span class='ocr_line' id='line_1_17' title="bbox 32 958 1047 1011; baseline 0 -13"><span class='ocrx_word' id='word_1_111' title='bbox 32 958 214 1003; x_wconf 86' lang='grc' dir='ltr'>Ὀδυσσεύς</span> <span class='ocrx_word' id='word_1_112' title='bbox 245 966 300 999; x_wconf 86' lang='lat' dir='ltr'>Ai.</span> <span class='ocrx_word' id='word_1_113' title='bbox 333 962 400 998; x_wconf 84' lang='lat'>149</span> <span class='ocrx_word' id='word_1_114' title='bbox 417 975 472 998; x_wconf 89' lang='lat' dir='ltr'>an.</span> <span class='ocrx_word' id='word_1_115' title='bbox 503 962 584 998; x_wconf 91' lang='lat'><strong>971.</strong></span> <span class='ocrx_word' id='word_1_116' title='bbox 614 963 728 1011; x_wconf 87' lang='grc' dir='ltr'>ὀρθῶς</span> <span class='ocrx_word' id='word_1_117' title='bbox 761 962 944 1003; x_wconf 82' lang='grc' dir='ltr'>Ὀδυσσεὺς</span> <span class='ocrx_word' id='word_1_118' title='bbox 977 959 1047 1009; x_wconf 75' lang='grc' dir='ltr'>εἴμ’</span> 
     </span>
    </p>

    <p class='ocr_par' dir='ltr' id='par_1_9' title="bbox 33 1009 1047 1071">
     <span class='ocr_line' id='line_1_18' title="bbox 33 1009 1047 1071; baseline -0.003 -25"><span class='ocrx_word' id='word_1_119' title='bbox 33 1009 214 1057; x_wconf 76' lang='grc' dir='ltr'>ἐπώνυμος</span> <span class='ocrx_word' id='word_1_120' title='bbox 230 1014 354 1050; x_wconf 88' lang='grc' dir='ltr'>κακοῖς</span> <span class='ocrx_word' id='word_1_121' title='bbox 373 1013 545 1069; x_wconf 43' lang='lat' dir='ltr'>Niptr.&#39;fr.</span> <span class='ocrx_word' id='word_1_122' title='bbox 566 1009 646 1053; x_wconf 90' lang='lat'><strong>408,</strong></span> <span class='ocrx_word' id='word_1_123' title='bbox 671 1010 701 1044; x_wconf 91' lang='lat'>1.</span> <span class='ocrx_word' id='word_1_124' title='bbox 740 1012 806 1045; x_wconf 87' lang='lat' dir='ltr'>Sed</span> <span class='ocrx_word' id='word_1_125' title='bbox 823 1014 978 1071; x_wconf 57' lang='lat' dir='ltr'>vitiosam</span> <span class='ocrx_word' id='word_1_126' title='bbox 1004 1013 1047 1044; x_wconf 91' lang='lat' dir='ltr'>li-</span> 
     </span>
    </p>

    <p class='ocr_par' dir='ltr' id='par_1_10' title="bbox 22 1057 1048 1154">
     <span class='ocr_line' id='line_1_19' title="bbox 22 1057 1048 1154; baseline -0.001 -14"><span class='ocrx_word' id='word_1_127' title='bbox 22 1059 499 1154; x_wconf 53' lang='grc' dir='ltr'>-ζὶοεῖῗῖνξῖἲλῖἱᾚᾞῒῷ</span> <span class='ocrx_word' id='word_1_128' title='bbox 522 1057 867 1151; x_wconf 54' lang='grc' dir='ltr'>ξξῗΐοὲἶὲἓμξὲἕὲ</span> <span class='ocrx_word' id='word_1_129' title='bbox 887 1057 954 1142; x_wconf 53' lang='grc' dir='ltr'>1ῗὸ</span> <span class='ocrx_word' id='word_1_130' title='bbox 967 1058 1048 1140; x_wconf 66' lang='grc' dir='ltr'>3ῗῖ</span> 
     </span>
    </p>

    <p class='ocr_par' dir='ltr' id='par_1_11' title="bbox 0 1150 1047 1248">
     <span class='ocr_line' id='line_1_20' title="bbox 0 1150 1043 1198; baseline -0.001 -11"><span class='ocrx_word' id='word_1_131' title='bbox 0 1193 2 1196; x_wconf 88' lang='lat'>.</span> <span class='ocrx_word' id='word_1_132' title='bbox 33 1150 130 1191; x_wconf 79' lang='grc' dir='ltr'>σεύς</span> <span class='ocrx_word' id='word_1_133' title='bbox 145 1153 184 1196; x_wconf 80' lang='grc' dir='ltr'>[ὦ</span> <span class='ocrx_word' id='word_1_134' title='bbox 198 1150 269 1188; x_wconf 90' lang='grc' dir='ltr'>Ζεῦ</span> <span class='ocrx_word' id='word_1_135' title='bbox 285 1154 378 1186; x_wconf 83' lang='lat' dir='ltr'><strong>dedit</strong></span> <span class='ocrx_word' id='word_1_136' title='bbox 394 1151 517 1198; x_wconf 89' lang='lat' dir='ltr'>Dind.]</span> <span class='ocrx_word' id='word_1_137' title='bbox 535 1154 597 1187; x_wconf 86' lang='lat' dir='ltr'>Ph.</span> <span class='ocrx_word' id='word_1_138' title='bbox 611 1151 755 1186; x_wconf 82' lang='grc'><strong>1138111.</strong></span> <span class='ocrx_word' id='word_1_139' title='bbox 773 1159 807 1186; x_wconf 92' lang='lat' dir='ltr'>et</span> <span class='ocrx_word' id='word_1_140' title='bbox 824 1155 908 1186; x_wconf 90' lang='lat' dir='ltr'>illud</span> <span class='ocrx_word' id='word_1_141' title='bbox 923 1155 1043 1195; x_wconf 86' lang='lat' dir='ltr'>arguit,</span> 
     </span>
     <span class='ocr_line' id='line_1_21' title="bbox 33 1198 1047 1248; baseline 0 -15"><span class='ocrx_word' id='word_1_142' title='bbox 33 1200 122 1242; x_wconf 83' lang='lat' dir='ltr'>quod</span> <span class='ocrx_word' id='word_1_143' title='bbox 137 1200 255 1233; x_wconf 80' lang='lat' dir='ltr'>Ulixes</span> <span class='ocrx_word' id='word_1_144' title='bbox 278 1201 351 1242; x_wconf 91' lang='lat' dir='ltr'>ipse</span> <span class='ocrx_word' id='word_1_145' title='bbox 377 1199 451 1247; x_wconf 82' lang='grc' dir='ltr'>φώς</span> <span class='ocrx_word' id='word_1_146' title='bbox 478 1201 536 1233; x_wconf 90' lang='lat' dir='ltr'>ille</span> <span class='ocrx_word' id='word_1_147' title='bbox 561 1205 614 1233; x_wconf 90' lang='lat' dir='ltr'>est</span> <span class='ocrx_word' id='word_1_148' title='bbox 631 1198 849 1248; x_wconf 83' lang='grc' dir='ltr'>ἑχθοθοπός,</span> <span class='ocrx_word' id='word_1_149' title='bbox 878 1205 915 1233; x_wconf 88' lang='lat' dir='ltr'>et</span> <span class='ocrx_word' id='word_1_150' title='bbox 929 1211 1047 1234; x_wconf 86' lang='lat' dir='ltr'>versus</span> 
     </span>
    </p>

    <p class='ocr_par' dir='ltr' id='par_1_12' title="bbox 0 1246 1046 1852">
     <span class='ocr_line' id='line_1_22' title="bbox 0 1246 1046 1301; baseline 0 -21"><span class='ocrx_word' id='word_1_151' title='bbox 0 1277 2 1279; x_wconf 73' lang='grc'><strong>,</strong></span> <span class='ocrx_word' id='word_1_152' title='bbox 31 1248 125 1280; x_wconf 74' lang='lat' dir='ltr'>ratio.</span> <span class='ocrx_word' id='word_1_153' title='bbox 146 1248 276 1280; x_wconf 84' lang='lat' dir='ltr'>Nomen</span> <span class='ocrx_word' id='word_1_154' title='bbox 293 1248 446 1280; x_wconf 89' lang='lat' dir='ltr'>additum</span> <span class='ocrx_word' id='word_1_155' title='bbox 456 1249 496 1279; x_wconf 83' lang='lat' dir='ltr'>ab</span> <span class='ocrx_word' id='word_1_156' title='bbox 505 1249 635 1301; x_wconf 51' lang='lat' dir='ltr'>aliquo,</span> <span class='ocrx_word' id='word_1_157' title='bbox 657 1249 716 1290; x_wconf 89' lang='lat' dir='ltr'>qui</span> <span class='ocrx_word' id='word_1_158' title='bbox 734 1252 833 1295; x_wconf 85' lang='grc' dir='ltr'>φῶτα</span> <span class='ocrx_word' id='word_1_159' title='bbox 851 1246 1046 1295; x_wconf 87' lang='grc' dir='ltr'>έχθοδοπόν</span> 
     </span>
     <span class='ocr_line' id='line_1_23' title="bbox 0 1291 1046 1351; baseline 0.001 -24"><span class='ocrx_word' id='word_1_160' title='bbox 0 1341 2 1345; x_wconf 25' lang='grc' dir='ltr'>ι</span> <span class='ocrx_word' id='word_1_161' title='bbox 33 1295 262 1350; x_wconf 76' lang='lat' dir='ltr'>explicaturus</span> <span class='ocrx_word' id='word_1_162' title='bbox 284 1299 386 1328; x_wconf 80' lang='lat' dir='ltr'>esset.</span> <span class='ocrx_word' id='word_1_163' title='bbox 418 1312 459 1319; x_wconf 92' lang='lat'><em>-</em></span> <span class='ocrx_word' id='word_1_164' title='bbox 486 1291 741 1350; x_wconf 33' lang='lat' dir='ltr'>[Ocno-aec&lt;</span> <span class='ocrx_word' id='word_1_165' title='bbox 775 1293 1046 1351; x_wconf 73' lang='grc' dir='ltr'>μαινόμενος</span> 
     </span>
     <span class='ocr_line' id='line_1_24' title="bbox 0 1341 1041 1384; baseline 0.001 -10"><span class='ocrx_word' id='word_1_166' title='bbox 0 1375 17 1379; x_wconf 61' lang='grc'><strong>,</strong></span> <span class='ocrx_word' id='word_1_167' title='bbox 31 1341 194 1384; x_wconf 80' lang='lat' dir='ltr'>inscripta</span> <span class='ocrx_word' id='word_1_168' title='bbox 216 1346 288 1375; x_wconf 89' lang='lat' dir='ltr'>erat</span> <span class='ocrx_word' id='word_1_169' title='bbox 311 1343 426 1375; x_wconf 79' lang='lat' dir='ltr'>fabula</span> <span class='ocrx_word' id='word_1_170' title='bbox 443 1342 559 1384; x_wconf 89' lang='lat' dir='ltr'><strong>Soph.,</strong></span> <span class='ocrx_word' id='word_1_171' title='bbox 588 1352 684 1375; x_wconf 83' lang='lat' dir='ltr'>cuius</span> <span class='ocrx_word' id='word_1_172' title='bbox 702 1347 784 1375; x_wconf 89' lang='lat' dir='ltr'>sunt</span> <span class='ocrx_word' id='word_1_173' title='bbox 799 1353 852 1384; x_wconf 90' lang='lat' dir='ltr'>ap.</span> <span class='ocrx_word' id='word_1_174' title='bbox 874 1343 979 1375; x_wconf 79' lang='lat' dir='ltr'>Dind.</span> <span class='ocrx_word' id='word_1_175' title='bbox 1001 1346 1041 1375; x_wconf 78' lang='lat' dir='ltr'>tr.</span> 
     </span>
     <span class='ocr_line' id='line_1_25' title="bbox 30 1383 1045 1430; baseline 0.002 -8.943"><span class='ocrx_word' id='word_1_176' title='bbox 30 1385 217 1422; x_wconf 82' lang='grc'><strong>411-415</strong></span> <span class='ocrx_word' id='word_1_177' title='bbox 234 1399 264 1421; x_wconf 88' lang='grc'>8.</span> <span class='ocrx_word' id='word_1_178' title='bbox 295 1407 337 1414; x_wconf 93' lang='grc'>-</span> <span class='ocrx_word' id='word_1_179' title='bbox 372 1390 425 1422; x_wconf 87' lang='grc' dir='ltr'>Ι)8</span> <span class='ocrx_word' id='word_1_180' title='bbox 458 1390 572 1423; x_wconf 87' lang='lat' dir='ltr'>fabula</span> <span class='ocrx_word' id='word_1_181' title='bbox 602 1399 690 1430; x_wconf 89' lang='lat' dir='ltr'>quae</span> <span class='ocrx_word' id='word_1_182' title='bbox 724 1392 831 1422; x_wconf 83' lang='lat' dir='ltr'>sert-ur</span> <span class='ocrx_word' id='word_1_183' title='bbox 863 1383 1045 1428; x_wconf 82' lang='grc' dir='ltr'>Ὀδυσσεὺς</span> 
     </span>
     <span class='ocr_line' id='line_1_26' title="bbox 31 1433 1041 1482; baseline 0 -13"><span class='ocrx_word' id='word_1_184' title='bbox 0 1433 257 1482; x_wconf 77' lang='grc' dir='ltr'>ζάκανθοπλήξ</span> <span class='ocrx_word' id='word_1_185' title='bbox 280 1447 312 1468; x_wconf 84' lang='lat' dir='ltr'>v.</span> <span class='ocrx_word' id='word_1_186' title='bbox 341 1433 433 1471; x_wconf 89' lang='grc' dir='ltr'>Νίπτ</span> <span class='ocrx_word' id='word_1_187' title='bbox 457 1434 510 1480; x_wconf 88' lang='grc' dir='ltr'>α.]</span> <span class='ocrx_word' id='word_1_188' title='bbox 535 1454 577 1460; x_wconf 94' lang='lat'>—-</span> <span class='ocrx_word' id='word_1_189' title='bbox 602 1433 764 1472; x_wconf 80' lang='grc' dir='ltr'>Ὀδυσσεῦ</span> <span class='ocrx_word' id='word_1_190' title='bbox 798 1438 852 1468; x_wconf 90' lang='lat' dir='ltr'>Ai.</span> <span class='ocrx_word' id='word_1_191' title='bbox 875 1434 930 1469; x_wconf 89' lang='lat'>36.</span> <span class='ocrx_word' id='word_1_192' title='bbox 963 1434 1041 1470; x_wconf 91' lang='lat'><strong>118.</strong></span> 
     </span>
     <span class='ocr_line' id='line_1_27' title="bbox 33 1478 1042 1524; baseline 0.002 -9.937"><span class='ocrx_word' id='word_1_193' title='bbox 33 1479 134 1516; x_wconf 86' lang='grc'><strong>1346.</strong></span> <span class='ocrx_word' id='word_1_194' title='bbox 173 1480 274 1516; x_wconf 92' lang='grc'><strong>1374.</strong></span> <span class='ocrx_word' id='word_1_195' title='bbox 311 1484 374 1516; x_wconf 84' lang='lat' dir='ltr'>Ph.</span> <span class='ocrx_word' id='word_1_196' title='bbox 405 1481 421 1516; x_wconf 95' lang='lat'><strong>1</strong></span> <span class='ocrx_word' id='word_1_197' title='bbox 451 1480 508 1516; x_wconf 88' lang='grc'><strong>46.</strong></span> <span class='ocrx_word' id='word_1_198' title='bbox 542 1481 626 1524; x_wconf 78' lang='grc' dir='ltr'>ἄναξ</span> <span class='ocrx_word' id='word_1_199' title='bbox 657 1478 820 1520; x_wconf 77' lang='grc' dir='ltr'>Ὀδυσσεῦ</span> <span class='ocrx_word' id='word_1_200' title='bbox 852 1484 908 1516; x_wconf 87' lang='lat' dir='ltr'>Ai.</span> <span class='ocrx_word' id='word_1_201' title='bbox 939 1481 1042 1516; x_wconf 88' lang='lat'><strong>1316.</strong></span> 
     </span>
     <span class='ocr_line' id='line_1_28' title="bbox 0 1524 1045 1577; baseline -0.003 -11"><span class='ocrx_word' id='word_1_202' title='bbox 0 1524 5 1566; x_wconf 63' lang='grc' dir='ltr'>ἶ</span> <span class='ocrx_word' id='word_1_203' title='bbox 33 1526 135 1563; x_wconf 87' lang='grc'><strong>1321.</strong></span> <span class='ocrx_word' id='word_1_204' title='bbox 170 1530 232 1562; x_wconf 86' lang='grc' dir='ltr'><strong>Ρ11.</strong></span> <span class='ocrx_word' id='word_1_205' title='bbox 260 1527 319 1563; x_wconf 87' lang='lat'>26.</span> <span class='ocrx_word' id='word_1_206' title='bbox 355 1527 464 1577; x_wconf 79' lang='grc' dir='ltr'>ἄριστ’</span> <span class='ocrx_word' id='word_1_207' title='bbox 497 1527 659 1566; x_wconf 82' lang='grc' dir='ltr'>Ὀδυσσεῦ</span> <span class='ocrx_word' id='word_1_208' title='bbox 693 1532 747 1564; x_wconf 85' lang='lat' dir='ltr'>Ai.</span> <span class='ocrx_word' id='word_1_209' title='bbox 779 1528 882 1564; x_wconf 85' lang='lat'><strong>1381.</strong></span> <span class='ocrx_word' id='word_1_210' title='bbox 902 1549 948 1555; x_wconf 88' lang='lat'>-—</span> <span class='ocrx_word' id='word_1_211' title='bbox 964 1529 988 1576; x_wconf 84' lang='grc' dir='ltr'>ἥ</span> <span class='ocrx_word' id='word_1_212' title='bbox 1017 1528 1045 1564; x_wconf 80' lang='grc' dir='ltr'>δ’</span> 
     </span>
     <span class='ocr_line' id='line_1_29' title="bbox 0 1569 1041 1625; baseline -0.001 -14"><span class='ocrx_word' id='word_1_213' title='bbox 0 1575 17 1618; x_wconf 46' lang='grc' dir='ltr'>,ἔκ</span> <span class='ocrx_word' id='word_1_214' title='bbox 29 1569 221 1615; x_wconf 83' lang='grc' dir='ltr'>Ὀδυσσέως</span> <span class='ocrx_word' id='word_1_215' title='bbox 238 1575 295 1622; x_wconf 86' lang='grc' dir='ltr'>βία</span> <span class='ocrx_word' id='word_1_216' title='bbox 311 1578 372 1610; x_wconf 88' lang='lat' dir='ltr'>Ph.</span> <span class='ocrx_word' id='word_1_217' title='bbox 393 1575 474 1611; x_wconf 89' lang='lat'><strong>314.</strong></span> <span class='ocrx_word' id='word_1_218' title='bbox 494 1575 574 1610; x_wconf 90' lang='grc'><strong>592.</strong></span> <span class='ocrx_word' id='word_1_219' title='bbox 594 1581 657 1625; x_wconf 78' lang='grc' dir='ltr'>τῆς</span> <span class='ocrx_word' id='word_1_220' title='bbox 678 1575 870 1616; x_wconf 80' lang='grc' dir='ltr'>Ὀδυσσέως</span> <span class='ocrx_word' id='word_1_221' title='bbox 888 1575 962 1622; x_wconf 83' lang='grc' dir='ltr'>βίας</span> <span class='ocrx_word' id='word_1_222' title='bbox 980 1579 1041 1611; x_wconf 82' lang='grc' dir='ltr'><strong>Ρ11.</strong></span> 
     </span>
     <span class='ocr_line' id='line_1_30' title="bbox 0 1614 1041 1679; baseline 0.002 -23"><span class='ocrx_word' id='word_1_223' title='bbox 0 1614 110 1678; x_wconf 51' lang='lat'><strong>3321.</strong></span> <span class='ocrx_word' id='word_1_224' title='bbox 138 1623 223 1670; x_wconf 83' lang='grc' dir='ltr'>πρὸς</span> <span class='ocrx_word' id='word_1_225' title='bbox 247 1627 308 1658; x_wconf 88' lang='grc' dir='ltr'>τοῦ</span> <span class='ocrx_word' id='word_1_226' title='bbox 332 1623 498 1659; x_wconf 73' lang='grc' dir='ltr'>κακίστου</span> <span class='ocrx_word' id='word_1_227' title='bbox 522 1623 592 1658; x_wconf 85' lang='grc' dir='ltr'>κάκ</span> <span class='ocrx_word' id='word_1_228' title='bbox 607 1630 726 1659; x_wconf 90' lang='grc' dir='ltr'>κακῶν</span> <span class='ocrx_word' id='word_1_229' title='bbox 750 1619 942 1679; x_wconf 49' lang='grc' dir='ltr'>Ὀδυσσέως</span> <span class='ocrx_word' id='word_1_230' title='bbox 960 1623 1041 1658; x_wconf 90' lang='grc'><strong>384.</strong></span> 
     </span>
     <span class='ocr_line' id='line_1_31' title="bbox 0 1666 1044 1723; baseline -0.001 -17"><span class='ocrx_word' id='word_1_231' title='bbox 0 1679 11 1723; x_wconf 55' lang='lat' dir='ltr'>ig</span> <span class='ocrx_word' id='word_1_232' title='bbox 28 1667 65 1711; x_wconf 64' lang='grc' dir='ltr'>ἐξ</span> <span class='ocrx_word' id='word_1_233' title='bbox 91 1667 143 1706; x_wconf 88' lang='grc' dir='ltr'>Ατ</span> <span class='ocrx_word' id='word_1_234' title='bbox 164 1669 265 1704; x_wconf 86' lang='grc' dir='ltr'>ειδῶν</span> <span class='ocrx_word' id='word_1_235' title='bbox 283 1669 366 1719; x_wconf 84' lang='grc' dir='ltr'>ἔργα</span> <span class='ocrx_word' id='word_1_236' title='bbox 380 1670 446 1711; x_wconf 68' lang='grc' dir='ltr'>κάξ</span> <span class='ocrx_word' id='word_1_237' title='bbox 462 1666 655 1710; x_wconf 78' lang='grc' dir='ltr'>Ὀδυσσέως</span> <span class='ocrx_word' id='word_1_238' title='bbox 664 1670 744 1705; x_wconf 91' lang='lat'><strong>406.</strong></span> <span class='ocrx_word' id='word_1_239' title='bbox 766 1671 856 1718; x_wconf 83' lang='grc' dir='ltr'>πλήν</span> <span class='ocrx_word' id='word_1_240' title='bbox 871 1669 904 1718; x_wconf 84' lang='grc' dir='ltr'>γ’</span> <span class='ocrx_word' id='word_1_241' title='bbox 931 1669 1044 1707; x_wconf 85' lang='grc' dir='ltr'>Οδυσ-</span> 
     </span>
     <span class='ocr_line' id='line_1_32' title="bbox 0 1713 1042 1764; baseline 0.002 -13"><span class='ocrx_word' id='word_1_242' title='bbox 0 1715 116 1756; x_wconf 48' lang='grc' dir='ltr'>’ἀθέως</span> <span class='ocrx_word' id='word_1_243' title='bbox 183 1715 215 1750; x_wconf 92' lang='grc'>1.</span> <span class='ocrx_word' id='word_1_244' title='bbox 238 1714 435 1758; x_wconf 83' lang='grc' dir='ltr'>Ὀδυσσέως</span> <span class='ocrx_word' id='word_1_245' title='bbox 459 1716 620 1764; x_wconf 79' lang='grc' dir='ltr'>λέγοντος</span> <span class='ocrx_word' id='word_1_246' title='bbox 644 1717 725 1752; x_wconf 86' lang='grc'><strong>596.</strong></span> <span class='ocrx_word' id='word_1_247' title='bbox 778 1722 815 1757; x_wconf 72' lang='grc' dir='ltr'>’ς</span> <span class='ocrx_word' id='word_1_248' title='bbox 849 1713 1042 1757; x_wconf 86' lang='grc' dir='ltr'>Ὀδυσσέως</span> 
     </span>
     <span class='ocr_line' id='line_1_33' title="bbox 0 1748 438 1852; baseline 0.005 -54"><span class='ocrx_word' id='word_1_249' title='bbox 0 1748 219 1852; x_wconf 35' lang='lat' dir='ltr'>§secema</span> <span class='ocrx_word' id='word_1_250' title='bbox 246 1760 438 1804; x_wconf 67' lang='grc' dir='ltr'>Ὀδυσσέως</span> 
     </span>
    </p>
   </div>
   <div class='ocr_carea' id='block_1_8' title="bbox 5 1760 1043 1854">
    <p class='ocr_par' dir='ltr' id='par_1_13' title="bbox 5 1760 1043 1854">
     <span class='ocr_line' id='line_1_34' title="bbox 7 1760 1043 1848; baseline -0.014 -35"><span class='ocrx_word' id='word_1_251' title='bbox 7 1809 86 1845; x_wconf 24' lang='grc' dir='ltr'>καλ,</span> <span class='ocrx_word' id='word_1_252' title='bbox 142 1812 190 1845; x_wconf 70' lang='lat' dir='ltr'>Ph</span> <span class='ocrx_word' id='word_1_253' title='bbox 223 1809 292 1846; x_wconf 73' lang='lat'>97⁰</span> <span class='ocrx_word' id='word_1_254' title='bbox 332 1807 390 1848; x_wconf 74' lang='grc' dir='ltr'>Ὸδ</span> <span class='ocrx_word' id='word_1_255' title='bbox 457 1765 562 1848; x_wconf 55' lang='grc' dir='ltr'>ἔάριν</span> <span class='ocrx_word' id='word_1_256' title='bbox 587 1768 643 1799; x_wconf 88' lang='lat' dir='ltr'>Ai.</span> <span class='ocrx_word' id='word_1_257' title='bbox 663 1764 745 1800; x_wconf 87' lang='grc'><strong>953.</strong></span> <span class='ocrx_word' id='word_1_258' title='bbox 775 1760 827 1811; x_wconf 77' lang='grc' dir='ltr'>αρ’</span> <span class='ocrx_word' id='word_1_259' title='bbox 851 1763 1043 1805; x_wconf 76' lang='grc' dir='ltr'>Ὀδυσσέως</span> 
     </span>
     <span class='ocr_line' id='line_1_35' title="bbox 5 1822 455 1854; baseline -0.018 0"><span class='ocrx_word' id='word_1_260' title='bbox 5 1844 19 1854; x_wconf 88' lang='grc'>.-</span> <span class='ocrx_word' id='word_1_261' title='bbox 73 1822 125 1846; x_wconf 76' lang='lat'>⁰⁰²</span> <span class='ocrx_word' id='word_1_262' title='bbox 196 1837 204 1844; x_wconf 89' lang='lat'><strong>·</strong></span> <span class='ocrx_word' id='word_1_263' title='bbox 297 1839 304 1846; x_wconf 88' lang='lat'>.</span> <span class='ocrx_word' id='word_1_264' title='bbox 392 1824 455 1847; x_wconf 88' lang='grc' dir='ltr'>υσσ</span> 
     </span>
    </p>
   </div>
   <div class='ocr_carea' id='block_1_9' title="bbox 0 1810 1043 2281">
    <p class='ocr_par' dir='ltr' id='par_1_14' title="bbox 0 1810 1043 2287">
     <span class='ocr_line' id='line_1_36' title="bbox 10 1810 1043 1860; baseline -0.002 -12"><span class='ocrx_word' id='word_1_265' title='bbox 10 1855 11 1858; x_wconf 13' lang='lat'>¹</span> <span class='ocrx_word' id='word_1_266' title='bbox 476 1825 536 1854; x_wconf 79' lang='grc' dir='ltr'>ως,</span> <span class='ocrx_word' id='word_1_267' title='bbox 557 1813 644 1858; x_wconf 80' lang='grc' dir='ltr'>ἐμοῦ</span> <span class='ocrx_word' id='word_1_268' title='bbox 683 1825 699 1847; x_wconf 93' lang='grc' dir='ltr'>ε</span> <span class='ocrx_word' id='word_1_269' title='bbox 717 1811 798 1846; x_wconf 87' lang='grc'><strong>971.</strong></span> <span class='ocrx_word' id='word_1_270' title='bbox 828 1818 903 1858; x_wconf 89' lang='grc' dir='ltr'>μῶν</span> <span class='ocrx_word' id='word_1_271' title='bbox 920 1810 1043 1860; x_wconf 85' lang='grc' dir='ltr'>Ὀδυσ-</span> 
     </span>
     <span class='ocr_line' id='line_1_37' title="bbox 0 1855 1043 1907; baseline 0 -13"><span class='ocrx_word' id='word_1_272' title='bbox 0 1857 115 1905; x_wconf 46' lang='lat' dir='ltr'>istm:</span> <span class='ocrx_word' id='word_1_273' title='bbox 133 1855 356 1906; x_wconf 72' lang='grc' dir='ltr'>ἐπῃσθόμηνς</span> <span class='ocrx_word' id='word_1_274' title='bbox 380 1858 482 1894; x_wconf 89' lang='grc'><strong>1295.</strong></span> <span class='ocrx_word' id='word_1_275' title='bbox 501 1857 655 1895; x_wconf 75' lang='grc' dir='ltr'>*Αἴαντα</span> <span class='ocrx_word' id='word_1_276' title='bbox 666 1871 803 1907; x_wconf 87' lang='grc' dir='ltr'>υστερον</span> <span class='ocrx_word' id='word_1_277' title='bbox 822 1859 902 1906; x_wconf 82' lang='grc' dir='ltr'>δίκῃ</span> <span class='ocrx_word' id='word_1_278' title='bbox 920 1855 1043 1907; x_wconf 79' lang='grc' dir='ltr'>Ὀδυσ-</span> 
     </span>
     <span class='ocr_line' id='line_1_38' title="bbox 0 1899 1043 1966; baseline 0.002 -27"><span class='ocrx_word' id='word_1_279' title='bbox 0 1899 116 1954; x_wconf 48' lang='lat' dir='ltr'>isaim&lt;</span> <span class='ocrx_word' id='word_1_280' title='bbox 135 1904 174 1940; x_wconf 81' lang='grc' dir='ltr'>ἔκ</span> <span class='ocrx_word' id='word_1_281' title='bbox 198 1917 270 1940; x_wconf 88' lang='grc' dir='ltr'>ιναν</span> <span class='ocrx_word' id='word_1_282' title='bbox 290 1904 392 1953; x_wconf 87' lang='grc'><strong>1366.</strong></span> <span class='ocrx_word' id='word_1_283' title='bbox 412 1905 741 1952; x_wconf 86' lang='lat' dir='ltr'>[Brunck.delevit.]</span> <span class='ocrx_word' id='word_1_284' title='bbox 757 1925 798 1932; x_wconf 91' lang='lat'>-</span> <span class='ocrx_word' id='word_1_285' title='bbox 818 1906 894 1966; x_wconf 64' lang='grc' dir='ltr'>ἀμιρ</span> <span class='ocrx_word' id='word_1_286' title='bbox 919 1905 1043 1944; x_wconf 85' lang='grc' dir='ltr'>Ὀδυσ-</span> 
     </span>
     <span class='ocr_line' id='line_1_39' title="bbox 0 1916 1043 2001; baseline 0.002 -15"><span class='ocrx_word' id='word_1_287' title='bbox 0 1950 82 2001; x_wconf 47' lang='lat' dir='ltr'>{foti</span> <span class='ocrx_word' id='word_1_288' title='bbox 97 1955 153 1986; x_wconf 88' lang='lat' dir='ltr'>Ai.</span> <span class='ocrx_word' id='word_1_289' title='bbox 174 1916 254 1988; x_wconf 75' lang='grc'><strong>303.</strong></span> <span class='ocrx_word' id='word_1_290' title='bbox 275 1947 433 1990; x_wconf 77' lang='grc' dir='ltr'>Ὀδυσσεῖ</span> <span class='ocrx_word' id='word_1_291' title='bbox 449 1953 642 2001; x_wconf 73' lang='grc' dir='ltr'>παρέδοσαν</span> <span class='ocrx_word' id='word_1_292' title='bbox 660 1955 721 1987; x_wconf 90' lang='lat' dir='ltr'>Ph.</span> <span class='ocrx_word' id='word_1_293' title='bbox 737 1952 793 1987; x_wconf 87' lang='lat'>64.</span> <span class='ocrx_word' id='word_1_294' title='bbox 815 1973 857 1980; x_wconf 90' lang='lat'>—</span> <span class='ocrx_word' id='word_1_295' title='bbox 886 1952 1043 1990; x_wconf 84' lang='grc' dir='ltr'>Οδυσσέα</span> 
     </span>
     <span class='ocr_line' id='line_1_40' title="bbox 2 1997 1042 2048; baseline 0.004 -16"><span class='ocrx_word' id='word_1_296' title='bbox 2 1997 87 2042; x_wconf 28' lang='grc' dir='ltr'>’,ιτ-ὸν</span> <span class='ocrx_word' id='word_1_297' title='bbox 110 1999 167 2035; x_wconf 85' lang='grc' dir='ltr'>σὸν</span> <span class='ocrx_word' id='word_1_298' title='bbox 194 1999 358 2047; x_wconf 85' lang='grc' dir='ltr'>ένστάτην</span> <span class='ocrx_word' id='word_1_299' title='bbox 383 1999 474 2048; x_wconf 89' lang='grc' dir='ltr'>λέγω</span> <span class='ocrx_word' id='word_1_300' title='bbox 498 2003 552 2034; x_wconf 91' lang='lat' dir='ltr'>Ai.</span> <span class='ocrx_word' id='word_1_301' title='bbox 576 1999 654 2034; x_wconf 88' lang='grc'><strong>104.</strong></span> <span class='ocrx_word' id='word_1_302' title='bbox 676 2020 719 2026; x_wconf 90' lang='lat'>-</span> <span class='ocrx_word' id='word_1_303' title='bbox 737 1998 904 2037; x_wconf 85' lang='grc' dir='ltr'>Ὀδυσσέα</span> <span class='ocrx_word' id='word_1_304' title='bbox 921 2000 1042 2036; x_wconf 86' lang='grc' dir='ltr'>ἐλεύσ-</span> 
     </span>
     <span class='ocr_line' id='line_1_41' title="bbox 11 2045 1042 2092; baseline 0.001 -11"><span class='ocrx_word' id='word_1_305' title='bbox 11 2063 13 2066; x_wconf 66' lang='grc'><strong>’</strong></span> <span class='ocrx_word' id='word_1_306' title='bbox 29 2055 134 2092; x_wconf 80' lang='grc' dir='ltr'>σομεν</span> <span class='ocrx_word' id='word_1_307' title='bbox 152 2048 213 2080; x_wconf 86' lang='grc' dir='ltr'><strong>Ρ11.</strong></span> <span class='ocrx_word' id='word_1_308' title='bbox 233 2045 335 2081; x_wconf 90' lang='grc'><strong>1220.</strong></span> <span class='ocrx_word' id='word_1_309' title='bbox 363 2049 435 2081; x_wconf 88' lang='lat' dir='ltr'>Hoc</span> <span class='ocrx_word' id='word_1_310' title='bbox 452 2050 521 2082; x_wconf 92' lang='lat' dir='ltr'>loco</span> <span class='ocrx_word' id='word_1_311' title='bbox 538 2046 561 2083; x_wconf 81' lang='grc' dir='ltr'>ἆ,</span> <span class='ocrx_word' id='word_1_312' title='bbox 578 2050 759 2081; x_wconf 86' lang='lat' dir='ltr'>accusativi</span> <span class='ocrx_word' id='word_1_313' title='bbox 776 2050 984 2090; x_wconf 85' lang='lat' dir='ltr'>producitur,</span> <span class='ocrx_word' id='word_1_314' title='bbox 1006 2051 1042 2082; x_wconf 90' lang='lat' dir='ltr'>in</span> 
     </span>
     <span class='ocr_line' id='line_1_42' title="bbox 28 2090 1042 2141; baseline 0.003 -14.919"><span class='ocrx_word' id='word_1_315' title='bbox 28 2093 84 2127; x_wconf 76' lang='grc' dir='ltr'>Δί.</span> <span class='ocrx_word' id='word_1_316' title='bbox 99 2091 178 2127; x_wconf 90' lang='lat'><strong>104.</strong></span> <span class='ocrx_word' id='word_1_317' title='bbox 197 2092 272 2139; x_wconf 90' lang='lat' dir='ltr'>[ubi</span> <span class='ocrx_word' id='word_1_318' title='bbox 285 2097 359 2128; x_wconf 88' lang='lat' dir='ltr'>vult</span> <span class='ocrx_word' id='word_1_319' title='bbox 374 2090 521 2141; x_wconf 84' lang='grc' dir='ltr'>Ὀδυσσῆ</span> <span class='ocrx_word' id='word_1_320' title='bbox 539 2096 682 2138; x_wconf 84' lang='lat' dir='ltr'>Nauck.]</span> <span class='ocrx_word' id='word_1_321' title='bbox 704 2106 781 2128; x_wconf 92' lang='lat' dir='ltr'>cum</span> <span class='ocrx_word' id='word_1_322' title='bbox 796 2098 946 2136; x_wconf 89' lang='lat' dir='ltr'>synizesi</span> <span class='ocrx_word' id='word_1_323' title='bbox 963 2107 1042 2138; x_wconf 91' lang='lat' dir='ltr'>pro-</span> 
     </span>
     <span class='ocr_line' id='line_1_43' title="bbox 0 2142 1042 2188; baseline 0.003 -15"><span class='ocrx_word' id='word_1_324' title='bbox 0 2142 257 2188; x_wconf 51' lang='lat' dir='ltr'>i&#39;nuntiandum</span> <span class='ocrx_word' id='word_1_325' title='bbox 280 2143 390 2175; x_wconf 89' lang='lat' dir='ltr'>tribus</span> <span class='ocrx_word' id='word_1_326' title='bbox 408 2144 557 2183; x_wconf 83' lang='lat' dir='ltr'><strong>syllabis.</strong></span> <span class='ocrx_word' id='word_1_327' title='bbox 595 2143 744 2175; x_wconf 89' lang='lat' dir='ltr'>Tenuior</span> <span class='ocrx_word' id='word_1_328' title='bbox 762 2145 866 2175; x_wconf 85' lang='lat' dir='ltr'>forma</span> <span class='ocrx_word' id='word_1_329' title='bbox 886 2145 1042 2185; x_wconf 87' lang='lat' dir='ltr'>inprimis</span> 
     </span>
     <span class='ocr_line' id='line_1_44' title="bbox 0 2186 1041 2233; baseline 0.003 -13"><span class='ocrx_word' id='word_1_330' title='bbox 0 2189 6 2212; x_wconf 55' lang='grc' dir='ltr'><em>ἵ</em></span> <span class='ocrx_word' id='word_1_331' title='bbox 28 2186 205 2221; x_wconf 81' lang='lat' dir='ltr'>Homerica</span> <span class='ocrx_word' id='word_1_332' title='bbox 222 2198 288 2221; x_wconf 88' lang='lat' dir='ltr'>non</span> <span class='ocrx_word' id='word_1_333' title='bbox 306 2191 441 2231; x_wconf 85' lang='lat' dir='ltr'>legitur.</span> <span class='ocrx_word' id='word_1_334' title='bbox 465 2190 555 2233; x_wconf 90' lang='lat' dir='ltr'>[nam</span> <span class='ocrx_word' id='word_1_335' title='bbox 572 2200 639 2222; x_wconf 91' lang='lat' dir='ltr'>non</span> <span class='ocrx_word' id='word_1_336' title='bbox 656 2191 824 2232; x_wconf 86' lang='lat' dir='ltr'>probabile</span> <span class='ocrx_word' id='word_1_337' title='bbox 843 2191 899 2223; x_wconf 88' lang='lat' dir='ltr'>Ai.</span> <span class='ocrx_word' id='word_1_338' title='bbox 922 2187 987 2223; x_wconf 87' lang='lat'><strong>149</strong></span> <span class='ocrx_word' id='word_1_339' title='bbox 1006 2193 1041 2223; x_wconf 91' lang='lat' dir='ltr'>in</span> 
     </span>
     <span class='ocr_line' id='line_1_45' title="bbox 27 2231 1038 2281; baseline 0.004 -13.896"><span class='ocrx_word' id='word_1_340' title='bbox 27 2238 218 2278; x_wconf 71' lang='lat' dir='ltr'>anapaestis</span> <span class='ocrx_word' id='word_1_341' title='bbox 232 2235 336 2279; x_wconf 90' lang='lat' dir='ltr'>Soph.</span> <span class='ocrx_word' id='word_1_342' title='bbox 355 2239 510 2279; x_wconf 85' lang='lat' dir='ltr'>posuisse</span> <span class='ocrx_word' id='word_1_343' title='bbox 534 2231 695 2275; x_wconf 85' lang='grc' dir='ltr'>Ὀδυσεύς</span> <span class='ocrx_word' id='word_1_344' title='bbox 713 2242 752 2270; x_wconf 93' lang='lat' dir='ltr'>ut</span> <span class='ocrx_word' id='word_1_345' title='bbox 769 2238 877 2270; x_wconf 86' lang='lat' dir='ltr'>voluit</span> <span class='ocrx_word' id='word_1_346' title='bbox 895 2238 1038 2281; x_wconf 63' lang='lat' dir='ltr'>Nauck]</span> 
     </span>
    </p>
   </div>
   <div class='ocr_carea' id='block_1_10' title="bbox 12 2288 1042 2523">
    <p class='ocr_par' dir='ltr' id='par_1_15' title="bbox 0 2288 1042 2523">
     <span class='ocr_line' id='line_1_46' title="bbox 93 2288 1039 2342; baseline -0.002 -12.176"><span class='ocrx_word' id='word_1_347' title='bbox 93 2290 265 2330; x_wconf 79' lang='grc' dir='ltr'>Ὀδωτό</span> <span class='ocrx_word' id='word_1_348' title='bbox 276 2307 304 2333; x_wconf 88' lang='grc' dir='ltr'>ς.</span> <span class='ocrx_word' id='word_1_349' title='bbox 333 2294 412 2340; x_wconf 79' lang='grc' dir='ltr'>ἐμοὶ</span> <span class='ocrx_word' id='word_1_350' title='bbox 431 2288 493 2341; x_wconf 73' lang='grc' dir='ltr'>μὲν</span> <span class='ocrx_word' id='word_1_351' title='bbox 527 2294 594 2342; x_wconf 75' lang='grc' dir='ltr'>οὐχ</span> <span class='ocrx_word' id='word_1_352' title='bbox 618 2293 734 2330; x_wconf 86' lang='grc' dir='ltr'>ὁδωτά</span> <span class='ocrx_word' id='word_1_353' title='bbox 757 2296 814 2328; x_wconf 89' lang='lat' dir='ltr'>OC</span> <span class='ocrx_word' id='word_1_354' title='bbox 833 2293 914 2328; x_wconf 84' lang='lat'><strong>495.</strong></span> <span class='ocrx_word' id='word_1_355' title='bbox 936 2297 1039 2329; x_wconf 86' lang='lat' dir='ltr'>schol.</span> 
     </span>
     <span class='ocr_line' id='line_1_47' title="bbox 12 2338 1038 2389; baseline -0.001 -13"><span class='ocrx_word' id='word_1_356' title='bbox 12 2344 96 2376; x_wconf 65' lang='lat' dir='ltr'>‚vet</span> <span class='ocrx_word' id='word_1_357' title='bbox 125 2338 204 2389; x_wconf 82' lang='grc' dir='ltr'>οὐχ</span> <span class='ocrx_word' id='word_1_358' title='bbox 234 2340 400 2376; x_wconf 72' lang='grc' dir='ltr'>ὁδωτάῑ</span> <span class='ocrx_word' id='word_1_359' title='bbox 436 2341 500 2376; x_wconf 82' lang='grc' dir='ltr'>ούκ</span> <span class='ocrx_word' id='word_1_360' title='bbox 519 2341 554 2377; x_wconf 86' lang='grc' dir='ltr'>έν</span> <span class='ocrx_word' id='word_1_361' title='bbox 573 2341 655 2388; x_wconf 79' lang='grc' dir='ltr'>ὁδῷ,</span> <span class='ocrx_word' id='word_1_362' title='bbox 685 2341 766 2376; x_wconf 76' lang='grc' dir='ltr'>οὐδὲ</span> <span class='ocrx_word' id='word_1_363' title='bbox 790 2341 929 2377; x_wconf 81' lang='grc' dir='ltr'>ἀνυστά.</span> <span class='ocrx_word' id='word_1_364' title='bbox 952 2341 1038 2384; x_wconf 80' lang='grc' dir='ltr'>οἷον,</span> 
     </span>
     <span class='ocr_line' id='line_1_48' title="bbox 26 2384 1038 2435; baseline 0.001 -14"><span class='ocrx_word' id='word_1_365' title='bbox 26 2384 68 2421; x_wconf 82' lang='grc' dir='ltr'>οὐ</span> <span class='ocrx_word' id='word_1_366' title='bbox 101 2386 261 2434; x_wconf 85' lang='grc' dir='ltr'>βαδιστέα</span> <span class='ocrx_word' id='word_1_367' title='bbox 293 2400 353 2434; x_wconf 82' lang='grc' dir='ltr'>μοι</span> <span class='ocrx_word' id='word_1_368' title='bbox 384 2387 464 2423; x_wconf 82' lang='grc' dir='ltr'>οὐδὲ</span> <span class='ocrx_word' id='word_1_369' title='bbox 496 2389 666 2435; x_wconf 86' lang='grc' dir='ltr'>πρακτέον</span> <span class='ocrx_word' id='word_1_370' title='bbox 684 2392 802 2424; x_wconf 86' lang='grc' dir='ltr'>ταῦτα.</span> <span class='ocrx_word' id='word_1_371' title='bbox 839 2391 940 2422; x_wconf 90' lang='lat' dir='ltr'>schol.</span> <span class='ocrx_word' id='word_1_372' title='bbox 970 2400 1038 2422; x_wconf 88' lang='lat' dir='ltr'>sec.</span> 
     </span>
     <span class='ocr_line' id='line_1_49' title="bbox 29 2429 1042 2481; baseline 0.003 -14.917"><span class='ocrx_word' id='word_1_373' title='bbox 29 2429 194 2470; x_wconf 74' lang='grc' dir='ltr'>ὁδωτάι</span> <span class='ocrx_word' id='word_1_374' title='bbox 220 2433 366 2477; x_wconf 80' lang='grc' dir='ltr'>ἀνυστά,</span> <span class='ocrx_word' id='word_1_375' title='bbox 394 2435 605 2481; x_wconf 79' lang='grc' dir='ltr'>εὐωδωμένα</span> <span class='ocrx_word' id='word_1_376' title='bbox 630 2438 718 2469; x_wconf 90' lang='lat' dir='ltr'>viam</span> <span class='ocrx_word' id='word_1_377' title='bbox 744 2438 786 2469; x_wconf 88' lang='lat' dir='ltr'>ad</span> <span class='ocrx_word' id='word_1_378' title='bbox 810 2438 990 2470; x_wconf 85' lang='lat' dir='ltr'>libationes</span> <span class='ocrx_word' id='word_1_379' title='bbox 1007 2442 1042 2470; x_wconf 93' lang='lat' dir='ltr'>et</span> 
     </span>
     <span class='ocr_line' id='line_1_50' title="bbox 27 2483 1041 2523; baseline 0.003 -10"><span class='ocrx_word' id='word_1_380' title='bbox 27 2489 143 2523; x_wconf 81' lang='lat' dir='ltr'>preces</span> <span class='ocrx_word' id='word_1_381' title='bbox 167 2483 357 2515; x_wconf 81' lang='lat' dir='ltr'>fundendas</span> <span class='ocrx_word' id='word_1_382' title='bbox 383 2494 402 2516; x_wconf 94' lang='lat' dir='ltr'>a</span> <span class='ocrx_word' id='word_1_383' title='bbox 428 2493 464 2516; x_wconf 89' lang='lat' dir='ltr'>se</span> <span class='ocrx_word' id='word_1_384' title='bbox 490 2485 617 2516; x_wconf 88' lang='lat' dir='ltr'>viribus</span> <span class='ocrx_word' id='word_1_385' title='bbox 641 2485 808 2516; x_wconf 87' lang='lat' dir='ltr'>imbecillo</span> <span class='ocrx_word' id='word_1_386' title='bbox 838 2486 956 2516; x_wconf 80' lang='lat' dir='ltr'>confici</span> <span class='ocrx_word' id='word_1_387' title='bbox 975 2494 1041 2516; x_wconf 90' lang='lat' dir='ltr'>non</span> 
     </span>
    </p>
   </div>
   <div class='ocr_carea' id='block_1_11' title="bbox 26 2528 1042 2575">
    <p class='ocr_par' dir='ltr' id='par_1_16' title="bbox 26 2528 1042 2575">
     <span class='ocr_line' id='line_1_51' title="bbox 26 2528 1042 2575; baseline 0.002 -14"><span class='ocrx_word' id='word_1_388' title='bbox 26 2537 125 2570; x_wconf 79' lang='lat' dir='ltr'>posse</span> <span class='ocrx_word' id='word_1_389' title='bbox 141 2529 223 2562; x_wconf 91' lang='lat' dir='ltr'>Oed.</span> <span class='ocrx_word' id='word_1_390' title='bbox 244 2531 303 2563; x_wconf 84' lang='lat' dir='ltr'>ait.</span> <span class='ocrx_word' id='word_1_391' title='bbox 759 2530 854 2574; x_wconf 78' lang='grc' dir='ltr'><strong>(ΠΡ.</strong></span> <span class='ocrx_word' id='word_1_392' title='bbox 868 2528 949 2572; x_wconf 86' lang='grc'><strong>280,</strong></span> <span class='ocrx_word' id='word_1_393' title='bbox 967 2529 1042 2575; x_wconf 87' lang='grc'><strong>19.)</strong></span> 
     </span>
    </p>
   </div>
   <div class='ocr_carea' id='block_1_12' title="bbox 0 2579 1041 3479">
    <p class='ocr_par' dir='ltr' id='par_1_17' title="bbox 0 2579 1041 3479">
     <span class='ocr_line' id='line_1_52' title="bbox 9 2579 1041 2631; baseline -0.003 -6"><span class='ocrx_word' id='word_1_394' title='bbox 9 2623 11 2625; x_wconf 74' lang='grc'><strong>,</strong></span> <span class='ocrx_word' id='word_1_395' title='bbox 88 2579 227 2623; x_wconf 65' lang='grc' dir='ltr'>ωΟθεν</span> <span class='ocrx_word' id='word_1_396' title='bbox 251 2589 352 2622; x_wconf 80' lang='lat' dir='ltr'>unde.</span> <span class='ocrx_word' id='word_1_397' title='bbox 379 2588 394 2631; x_wconf 85' lang='grc' dir='ltr'>ΙΙ</span> <span class='ocrx_word' id='word_1_398' title='bbox 418 2590 556 2631; x_wconf 83' lang='lat' dir='ltr'>Proprie</span> <span class='ocrx_word' id='word_1_399' title='bbox 579 2590 733 2622; x_wconf 77' lang='lat' dir='ltr'>bifariam</span> <span class='ocrx_word' id='word_1_400' title='bbox 759 2591 937 2630; x_wconf 83' lang='lat' dir='ltr'>significat.</span> <span class='ocrx_word' id='word_1_401' title='bbox 966 2591 1041 2622; x_wconf 90' lang='lat' dir='ltr'>Pri-</span> 
     </span>
     <span class='ocr_line' id='line_1_53' title="bbox 27 2636 1036 2678; baseline 0.002 -11"><span class='ocrx_word' id='word_1_402' title='bbox 27 2642 121 2667; x_wconf 87' lang='lat' dir='ltr'>mum</span> <span class='ocrx_word' id='word_1_403' title='bbox 131 2644 219 2676; x_wconf 79' lang='lat' dir='ltr'>eum,</span> <span class='ocrx_word' id='word_1_404' title='bbox 238 2636 328 2668; x_wconf 80' lang='lat' dir='ltr'>unde</span> <span class='ocrx_word' id='word_1_405' title='bbox 339 2637 464 2678; x_wconf 78' lang='lat' dir='ltr'>aliquid</span> <span class='ocrx_word' id='word_1_406' title='bbox 476 2638 528 2668; x_wconf 82' lang='lat' dir='ltr'>vel</span> <span class='ocrx_word' id='word_1_407' title='bbox 539 2639 638 2678; x_wconf 81' lang='lat' dir='ltr'>venit,</span> <span class='ocrx_word' id='word_1_408' title='bbox 660 2638 711 2669; x_wconf 75' lang='lat' dir='ltr'>vel</span> <span class='ocrx_word' id='word_1_409' title='bbox 727 2639 792 2669; x_wconf 69' lang='lat' dir='ltr'>exit</span> <span class='ocrx_word' id='word_1_410' title='bbox 809 2640 840 2669; x_wconf 82' lang='lat' dir='ltr'>et</span> <span class='ocrx_word' id='word_1_411' title='bbox 856 2641 1036 2678; x_wconf 81' lang='lat' dir='ltr'>amovetur,</span> 
     </span>
     <span class='ocr_line' id='line_1_54' title="bbox 28 2679 1040 2730; baseline 0.004 -17"><span class='ocrx_word' id='word_1_412' title='bbox 28 2680 147 2714; x_wconf 80' lang='lat' dir='ltr'>locum.</span> <span class='ocrx_word' id='word_1_413' title='bbox 182 2681 284 2728; x_wconf 82' lang='grc' dir='ltr'>δῶμα</span> <span class='ocrx_word' id='word_1_414' title='bbox 302 2679 522 2723; x_wconf 81' lang='grc' dir='ltr'>Πελοπιδῶν,</span> <span class='ocrx_word' id='word_1_415' title='bbox 551 2680 630 2717; x_wconf 78' lang='grc' dir='ltr'>ὅθεν</span> <span class='ocrx_word' id='word_1_416' title='bbox 656 2694 692 2717; x_wconf 88' lang='grc' dir='ltr'>σε</span> <span class='ocrx_word' id='word_1_417' title='bbox 717 2683 844 2730; x_wconf 81' lang='grc' dir='ltr'>πατρὸς</span> <span class='ocrx_word' id='word_1_418' title='bbox 868 2682 908 2718; x_wconf 84' lang='grc' dir='ltr'>ἐκ</span> <span class='ocrx_word' id='word_1_419' title='bbox 927 2682 1040 2729; x_wconf 83' lang='grc' dir='ltr'>φόνων</span> 
     </span>
     <span class='ocr_line' id='line_1_55' title="bbox 0 2725 1041 2777; baseline 0.004 -16"><span class='ocrx_word' id='word_1_420' title='bbox 0 2767 5 2774; x_wconf 42' lang='lat'>..</span> <span class='ocrx_word' id='word_1_421' title='bbox 31 2725 158 2772; x_wconf 84' lang='grc' dir='ltr'>[φονῶν</span> <span class='ocrx_word' id='word_1_422' title='bbox 176 2729 295 2772; x_wconf 86' lang='lat' dir='ltr'>Dind.]</span> <span class='ocrx_word' id='word_1_423' title='bbox 320 2727 450 2777; x_wconf 83' lang='grc' dir='ltr'>ἤνεγκα</span> <span class='ocrx_word' id='word_1_424' title='bbox 472 2727 651 2769; x_wconf 76' lang='grc' dir='ltr'>κάξέσωσα</span> <span class='ocrx_word' id='word_1_425' title='bbox 676 2731 730 2764; x_wconf 90' lang='grc' dir='ltr'>ΕΙ.</span> <span class='ocrx_word' id='word_1_426' title='bbox 753 2729 807 2764; x_wconf 87' lang='grc'>11.</span> <span class='ocrx_word' id='word_1_427' title='bbox 834 2728 914 2765; x_wconf 78' lang='grc' dir='ltr'>ὅθεν</span> <span class='ocrx_word' id='word_1_428' title='bbox 939 2729 1041 2775; x_wconf 83' lang='grc' dir='ltr'>μόλοι</span> 
     </span>
     <span class='ocr_line' id='line_1_56' title="bbox 22 2773 1037 2822; baseline 0.004 -16"><span class='ocrx_word' id='word_1_429' title='bbox 22 2773 226 2821; x_wconf 77' lang='grc' dir='ltr'>,πανάμερος</span> <span class='ocrx_word' id='word_1_430' title='bbox 257 2774 320 2820; x_wconf 83' lang='lat' dir='ltr'>(sc.</span> <span class='ocrx_word' id='word_1_431' title='bbox 353 2775 394 2810; x_wconf 83' lang='grc' dir='ltr'>ἐκ</span> <span class='ocrx_word' id='word_1_432' title='bbox 424 2775 625 2822; x_wconf 83' lang='grc' dir='ltr'>νησιώτιδος</span> <span class='ocrx_word' id='word_1_433' title='bbox 659 2775 789 2822; x_wconf 83' lang='grc' dir='ltr'>ἑστίας)</span> <span class='ocrx_word' id='word_1_434' title='bbox 822 2778 878 2810; x_wconf 84' lang='lat' dir='ltr'>Tr.</span> <span class='ocrx_word' id='word_1_435' title='bbox 899 2775 967 2810; x_wconf 84' lang='lat'>660</span> <span class='ocrx_word' id='word_1_436' title='bbox 984 2779 1037 2810; x_wconf 91' lang='lat' dir='ltr'>ch.</span> 
     </span>
     <span class='ocr_line' id='line_1_57' title="bbox 28 2817 1037 2870; baseline 0.003 -16"><span class='ocrx_word' id='word_1_437' title='bbox 28 2817 124 2866; x_wconf 70' lang='grc' dir='ltr'>εἷρπε</span> <span class='ocrx_word' id='word_1_438' title='bbox 219 2820 298 2857; x_wconf 80' lang='grc' dir='ltr'>ὅθεν</span> <span class='ocrx_word' id='word_1_439' title='bbox 324 2819 477 2870; x_wconf 75' lang='grc' dir='ltr'>εύμάρει’</span> <span class='ocrx_word' id='word_1_440' title='bbox 499 2821 658 2870; x_wconf 79' lang='grc' dir='ltr'>ὑπάρχοι,</span> <span class='ocrx_word' id='word_1_441' title='bbox 686 2823 792 2869; x_wconf 80' lang='grc' dir='ltr'>πόρον</span> <span class='ocrx_word' id='word_1_442' title='bbox 818 2825 878 2856; x_wconf 88' lang='grc' dir='ltr'><strong>Ρ11.</strong></span> <span class='ocrx_word' id='word_1_443' title='bbox 899 2822 968 2857; x_wconf 92' lang='grc'><strong>704</strong></span> <span class='ocrx_word' id='word_1_444' title='bbox 985 2825 1037 2857; x_wconf 86' lang='grc'><strong>011.</strong></span> 
     </span>
     <span class='ocr_line' id='line_1_58' title="bbox 0 2865 1039 2912; baseline 0.004 -12"><span class='ocrx_word' id='word_1_445' title='bbox 0 2868 10 2876; x_wconf 64' lang='grc'><em>“</em></span> <span class='ocrx_word' id='word_1_446' title='bbox 30 2865 85 2911; x_wconf 81' lang='lat' dir='ltr'>[cf.</span> <span class='ocrx_word' id='word_1_447' title='bbox 105 2878 133 2902; x_wconf 83' lang='lat' dir='ltr'>s.</span> <span class='ocrx_word' id='word_1_448' title='bbox 153 2867 269 2912; x_wconf 85' lang='grc' dir='ltr'>είλύω]</span> <span class='ocrx_word' id='word_1_449' title='bbox 289 2871 330 2903; x_wconf 84' lang='grc'>811</span> <span class='ocrx_word' id='word_1_450' title='bbox 346 2881 386 2903; x_wconf 86' lang='lat' dir='ltr'>ea</span> <span class='ocrx_word' id='word_1_451' title='bbox 402 2873 472 2903; x_wconf 89' lang='lat' dir='ltr'>loca</span> <span class='ocrx_word' id='word_1_452' title='bbox 488 2873 640 2912; x_wconf 87' lang='lat' dir='ltr'>accessit,</span> <span class='ocrx_word' id='word_1_453' title='bbox 661 2873 752 2904; x_wconf 90' lang='lat' dir='ltr'>unde</span> <span class='ocrx_word' id='word_1_454' title='bbox 770 2872 850 2904; x_wconf 86' lang='lat' dir='ltr'>mali</span> <span class='ocrx_word' id='word_1_455' title='bbox 875 2873 929 2904; x_wconf 88' lang='lat' dir='ltr'>sui</span> <span class='ocrx_word' id='word_1_456' title='bbox 946 2873 1039 2904; x_wconf 88' lang='lat' dir='ltr'>leva-</span> 
     </span>
     <span class='ocr_line' id='line_1_59' title="bbox 0 2917 1040 2964; baseline 0.004 -17"><span class='ocrx_word' id='word_1_457' title='bbox 0 2920 4 2960; x_wconf 67' lang='lat'>3&#39;</span> <span class='ocrx_word' id='word_1_458' title='bbox 28 2922 108 2948; x_wconf 87' lang='lat' dir='ltr'>men</span> <span class='ocrx_word' id='word_1_459' title='bbox 124 2922 318 2950; x_wconf 80' lang='lat' dir='ltr'>arcesseret.</span> <span class='ocrx_word' id='word_1_460' title='bbox 347 2918 390 2949; x_wconf 88' lang='lat' dir='ltr'>Et</span> <span class='ocrx_word' id='word_1_461' title='bbox 407 2929 483 2950; x_wconf 89' lang='lat' dir='ltr'>cum</span> <span class='ocrx_word' id='word_1_462' title='bbox 500 2919 674 2950; x_wconf 83' lang='lat' dir='ltr'>notissima</span> <span class='ocrx_word' id='word_1_463' title='bbox 689 2920 886 2951; x_wconf 74' lang='lat' dir='ltr'>attractione</span> <span class='ocrx_word' id='word_1_464' title='bbox 900 2931 907 2950; x_wconf 74' lang='grc' dir='ltr'>ε</span> <span class='ocrx_word' id='word_1_465' title='bbox 938 2917 1040 2964; x_wconf 86' lang='grc' dir='ltr'>βῆναι</span> 
     </span>
     <span class='ocr_line' id='line_1_60' title="bbox 0 2957 1039 3010; baseline 0.003 -15"><span class='ocrx_word' id='word_1_466' title='bbox 0 2970 2 3010; x_wconf 47' lang='lat'><em>3</em></span> <span class='ocrx_word' id='word_1_467' title='bbox 27 2957 144 2996; x_wconf 79' lang='grc' dir='ltr'>κεῖθεν</span> <span class='ocrx_word' id='word_1_468' title='bbox 169 2961 248 2997; x_wconf 78' lang='grc' dir='ltr'>ὅθεν</span> <span class='ocrx_word' id='word_1_469' title='bbox 273 2975 336 3010; x_wconf 91' lang='grc' dir='ltr'>περ</span> <span class='ocrx_word' id='word_1_470' title='bbox 359 2962 439 3010; x_wconf 77' lang='grc' dir='ltr'>ἥκει</span> <span class='ocrx_word' id='word_1_471' title='bbox 463 2964 518 2997; x_wconf 86' lang='lat' dir='ltr'>Oc</span> <span class='ocrx_word' id='word_1_472' title='bbox 538 2962 640 2997; x_wconf 92' lang='grc'><strong>1227.</strong></span> <span class='ocrx_word' id='word_1_473' title='bbox 661 2966 704 2997; x_wconf 84' lang='lat' dir='ltr'>cf.</span> <span class='ocrx_word' id='word_1_474' title='bbox 724 2963 854 3007; x_wconf 82' lang='grc' dir='ltr'>κεῖθεν,</span> <span class='ocrx_word' id='word_1_475' title='bbox 874 2967 964 3007; x_wconf 90' lang='lat' dir='ltr'>quod</span> <span class='ocrx_word' id='word_1_476' title='bbox 980 2967 1039 2998; x_wconf 88' lang='lat' dir='ltr'>ad-</span> 
     </span>
     <span class='ocr_line' id='line_1_61' title="bbox 28 3009 1036 3054; baseline 0.006 -15"><span class='ocrx_word' id='word_1_477' title='bbox 28 3009 182 3042; x_wconf 68' lang='lat' dir='ltr'>verbium</span> <span class='ocrx_word' id='word_1_478' title='bbox 214 3011 270 3043; x_wconf 87' lang='lat' dir='ltr'>hic</span> <span class='ocrx_word' id='word_1_479' title='bbox 291 3022 311 3043; x_wconf 88' lang='lat' dir='ltr'>a</span> <span class='ocrx_word' id='word_1_480' title='bbox 339 3013 480 3044; x_wconf 87' lang='lat' dir='ltr'>relativo</span> <span class='ocrx_word' id='word_1_481' title='bbox 504 3012 609 3044; x_wconf 87' lang='lat' dir='ltr'>altero</span> <span class='ocrx_word' id='word_1_482' title='bbox 640 3013 836 3045; x_wconf 80' lang='lat' dir='ltr'>attractione</span> <span class='ocrx_word' id='word_1_483' title='bbox 869 3013 1036 3054; x_wconf 74' lang='lat' dir='ltr'>afficitur,</span> 
     </span>
     <span class='ocr_line' id='line_1_62' title="bbox 0 3051 1040 3101; baseline 0.007 -16"><span class='ocrx_word' id='word_1_484' title='bbox 0 3074 3 3101; x_wconf 59' lang='lat' dir='ltr'><strong><em>g</em></strong></span> <span class='ocrx_word' id='word_1_485' title='bbox 28 3051 141 3095; x_wconf 77' lang='lat' dir='ltr'>ipsum</span> <span class='ocrx_word' id='word_1_486' title='bbox 159 3062 273 3090; x_wconf 84' lang='lat' dir='ltr'>autem</span> <span class='ocrx_word' id='word_1_487' title='bbox 295 3055 375 3092; x_wconf 77' lang='grc' dir='ltr'>ὅθεν</span> <span class='ocrx_word' id='word_1_488' title='bbox 401 3069 420 3091; x_wconf 89' lang='grc'>8</span> <span class='ocrx_word' id='word_1_489' title='bbox 440 3059 687 3100; x_wconf 87' lang='lat' dir='ltr'>praepositione</span> <span class='ocrx_word' id='word_1_490' title='bbox 704 3061 934 3092; x_wconf 84' lang='lat' dir='ltr'>attractionem</span> <span class='ocrx_word' id='word_1_491' title='bbox 950 3062 1040 3101; x_wconf 89' lang='lat' dir='ltr'>pati-</span> 
     </span>
     <span class='ocr_line' id='line_1_63' title="bbox 0 3101 1040 3163; baseline 0.008 -31"><span class='ocrx_word' id='word_1_492' title='bbox 0 3103 87 3163; x_wconf 50' lang='lat' dir='ltr'>[sur</span> <span class='ocrx_word' id='word_1_493' title='bbox 103 3101 160 3134; x_wconf 84' lang='lat' dir='ltr'>Tr.</span> <span class='ocrx_word' id='word_1_494' title='bbox 180 3101 269 3136; x_wconf 83' lang='lat'><strong>701:</strong></span> <span class='ocrx_word' id='word_1_495' title='bbox 298 3102 338 3138; x_wconf 82' lang='grc' dir='ltr'>ἐκ</span> <span class='ocrx_word' id='word_1_496' title='bbox 371 3103 408 3139; x_wconf 88' lang='grc' dir='ltr'>δὲ</span> <span class='ocrx_word' id='word_1_497' title='bbox 440 3108 505 3151; x_wconf 83' lang='grc' dir='ltr'>γῆς</span> <span class='ocrx_word' id='word_1_498' title='bbox 538 3102 617 3139; x_wconf 81' lang='grc' dir='ltr'>ὅθεν</span> <span class='ocrx_word' id='word_1_499' title='bbox 646 3103 827 3151; x_wconf 83' lang='grc' dir='ltr'>προύκειτ’,</span> <span class='ocrx_word' id='word_1_500' title='bbox 860 3104 1040 3145; x_wconf 80' lang='grc' dir='ltr'>ἀναζέουσι</span> 
     </span>
     <span class='ocr_line' id='line_1_64' title="bbox 0 3142 1039 3228; baseline 0.006 -46"><span class='ocrx_word' id='word_1_501' title='bbox 0 3167 7 3195; x_wconf 76' lang='lat' dir='ltr'>i</span> <span class='ocrx_word' id='word_1_502' title='bbox 26 3142 247 3228; x_wconf 54' lang='grc' dir='ltr'>θροὲβώδεις</span> <span class='ocrx_word' id='word_1_503' title='bbox 258 3149 374 3206; x_wconf 75' lang='grc' dir='ltr'><strong>ρἰφροί.</strong></span> <span class='ocrx_word' id='word_1_504' title='bbox 395 3153 479 3185; x_wconf 83' lang='grc' dir='ltr'><strong>Ν8111</strong></span> <span class='ocrx_word' id='word_1_505' title='bbox 493 3153 720 3206; x_wconf 64' lang='grc'><strong>51800111811118</strong></span> <span class='ocrx_word' id='word_1_506' title='bbox 732 3153 933 3195; x_wconf 85' lang='lat' dir='ltr'>consideres,</span> <span class='ocrx_word' id='word_1_507' title='bbox 953 3151 1039 3188; x_wconf 81' lang='grc' dir='ltr'>ὅπου</span> 
     </span>
     <span class='ocr_line' id='line_1_65' title="bbox 0 3196 1041 3285; baseline 0 -6"><span class='ocrx_word' id='word_1_508' title='bbox 0 3196 1041 3285; x_wconf 42' lang='lat' dir='ltr'>l22²ss⁰ii²sss⁰m13¹12⁰i¹ssdiffao{Sitifim&amp;iziissf‘ffisszssi</span> 
     </span>
     <span class='ocr_line' id='line_1_66' title="bbox 8 3288 1039 3335; baseline 0.005 -14"><span class='ocrx_word' id='word_1_509' title='bbox 8 3308 19 3314; x_wconf 58' lang='lat'>=2</span> <span class='ocrx_word' id='word_1_510' title='bbox 30 3288 230 3330; x_wconf 51' lang='lat' dir='ltr'>significatio</span> <span class='ocrx_word' id='word_1_511' title='bbox 254 3301 366 3324; x_wconf 89' lang='lat' dir='ltr'>rerum</span> <span class='ocrx_word' id='word_1_512' title='bbox 382 3293 572 3325; x_wconf 88' lang='lat' dir='ltr'>secundum</span> <span class='ocrx_word' id='word_1_513' title='bbox 587 3293 734 3325; x_wconf 91' lang='lat' dir='ltr'>locorum</span> <span class='ocrx_word' id='word_1_514' title='bbox 751 3294 1039 3335; x_wconf 87' lang='lat' dir='ltr'>propinquitatem</span> 
     </span>
     <span class='ocr_line' id='line_1_67' title="bbox 21 3333 1039 3381; baseline 0.005 -13"><span class='ocrx_word' id='word_1_515' title='bbox 21 3333 189 3378; x_wconf 50' lang='lat' dir='ltr'>{deinceps</span> <span class='ocrx_word' id='word_1_516' title='bbox 212 3340 430 3379; x_wconf 87' lang='lat' dir='ltr'>sequentium</span> <span class='ocrx_word' id='word_1_517' title='bbox 446 3343 517 3380; x_wconf 76' lang='lat' dir='ltr'>est,</span> <span class='ocrx_word' id='word_1_518' title='bbox 545 3339 824 3381; x_wconf 85' lang='lat' dir='ltr'>quemadmodum</span> <span class='ocrx_word' id='word_1_519' title='bbox 846 3342 949 3373; x_wconf 88' lang='lat' dir='ltr'>etiam</span> <span class='ocrx_word' id='word_1_520' title='bbox 972 3342 1039 3373; x_wconf 89' lang='lat' dir='ltr'>La-</span> 
     </span>
     <span class='ocr_line' id='line_1_68' title="bbox 81 3382 1039 3432; baseline 0.006 -17"><span class='ocrx_word' id='word_1_521' title='bbox 81 3383 111 3415; x_wconf 88' lang='lat' dir='ltr'>is</span> <span class='ocrx_word' id='word_1_522' title='bbox 142 3383 220 3416; x_wconf 71' lang='lat' dir='ltr'>inde</span> <span class='ocrx_word' id='word_1_523' title='bbox 251 3385 360 3418; x_wconf 89' lang='lat' dir='ltr'>dicere</span> <span class='ocrx_word' id='word_1_524' title='bbox 384 3395 455 3418; x_wconf 88' lang='lat' dir='ltr'>mos</span> <span class='ocrx_word' id='word_1_525' title='bbox 480 3389 544 3419; x_wconf 90' lang='lat' dir='ltr'>est.</span> <span class='ocrx_word' id='word_1_526' title='bbox 586 3382 664 3420; x_wconf 81' lang='grc' dir='ltr'>ὅθεν</span> <span class='ocrx_word' id='word_1_527' title='bbox 692 3384 851 3421; x_wconf 84' lang='grc' dir='ltr'>κατεῖδον</span> <span class='ocrx_word' id='word_1_528' title='bbox 928 3399 946 3421; x_wconf 94' lang='grc' dir='ltr'>ν</span> <span class='ocrx_word' id='word_1_529' title='bbox 980 3386 1039 3432; x_wconf 91' lang='grc' dir='ltr'>βε-</span> 
     </span>
     <span class='ocr_line' id='line_1_69' title="bbox 73 3427 1034 3479; baseline 0.003 -16"><span class='ocrx_word' id='word_1_530' title='bbox 73 3427 263 3477; x_wconf 83' lang='grc' dir='ltr'>κχιομένην</span> <span class='ocrx_word' id='word_1_531' title='bbox 288 3429 439 3478; x_wconf 82' lang='grc' dir='ltr'>βροτοῖσι</span> <span class='ocrx_word' id='word_1_532' title='bbox 462 3430 599 3479; x_wconf 80' lang='grc' dir='ltr'>κλεινὴν</span> <span class='ocrx_word' id='word_1_533' title='bbox 617 3428 734 3468; x_wconf 88' lang='grc' dir='ltr'>Νῦσαν</span> <span class='ocrx_word' id='word_1_534' title='bbox 750 3435 791 3467; x_wconf 87' lang='lat' dir='ltr'>fr.</span> <span class='ocrx_word' id='word_1_535' title='bbox 811 3434 877 3466; x_wconf 87' lang='lat' dir='ltr'>inc.</span> <span class='ocrx_word' id='word_1_536' title='bbox 922 3431 980 3476; x_wconf 87' lang='lat'>82,</span> <span class='ocrx_word' id='word_1_537' title='bbox 1003 3432 1034 3466; x_wconf 89' lang='lat'>1.</span> 
     </span>
    </p>
   </div>
   <div class='ocr_carea' id='block_1_13' title="bbox 97 3495 325 3535">
    <p class='ocr_par' dir='ltr' id='par_1_18' title="bbox 38 3479 325 3535">
     <span class='ocr_line' id='line_1_70' title="bbox 97 3495 325 3535; baseline -0.003 -8.206"><span class='ocrx_word' id='word_1_538' title='bbox 97 3495 169 3525; x_wconf 75' lang='lat' dir='ltr'>Lex.</span> <span class='ocrx_word' id='word_1_539' title='bbox 181 3497 272 3535; x_wconf 81' lang='lat' dir='ltr'>Soph.</span> <span class='ocrx_word' id='word_1_540' title='bbox 285 3498 325 3526; x_wconf 90' lang='lat'>11.</span> 
     </span>
    </p>
   </div>
   <div class='ocr_carea' id='block_1_14' title="bbox 0 3322 73 3600">
    <p class='ocr_par' dir='ltr' id='par_1_19' title="bbox 0 3322 73 3600">
     <span class='ocr_line' id='line_1_71' title="bbox 0 3322 73 3600; baseline 0 0"><span class='ocrx_word' id='word_1_541' title='bbox 0 3322 73 3600; x_wconf 95' lang='lat' dir='ltr'>     </span> 
     </span>
    </p>
   </div>
   <div class='ocr_carea' id='block_1_15' title="bbox 840 155 1304 216">
    <p class='ocr_par' dir='ltr' id='par_1_20' title="bbox 840 155 1304 216">
     <span class='ocr_line' id='line_1_72' title="bbox 840 155 1304 216; baseline 0 -2"><span class='ocrx_word' id='word_1_542' title='bbox 840 155 1126 216; x_wconf 82' lang='grc' dir='ltr'>Ὀδύσασθαι</span> <span class='ocrx_word' id='word_1_543' title='bbox 1150 195 1218 202; x_wconf 94' lang='lat'>—</span> <span class='ocrx_word' id='word_1_544' title='bbox 1245 160 1304 214; x_wconf 84' lang='grc' dir='ltr'>Οἴ</span> 
     </span>
    </p>
   </div>
   <div class='ocr_carea' id='block_1_16' title="bbox 2002 163 2100 217">
    <p class='ocr_par' dir='ltr' id='par_1_21' title="bbox 2002 163 2100 217">
     <span class='ocr_line' id='line_1_73' title="bbox 2002 163 2100 217; baseline -0.01 0"><span class='ocrx_word' id='word_1_545' title='bbox 2002 163 2100 217; x_wconf 88' lang='lat'>513</span> 
     </span>
    </p>
   </div>
   <div class='ocr_carea' id='block_1_17' title="bbox 1081 283 2102 619">
    <p class='ocr_par' dir='ltr' id='par_1_22' title="bbox 1081 283 2102 619">
     <span class='ocr_line' id='line_1_74' title="bbox 1081 283 2102 326; baseline 0.002 -11"><span class='ocrx_word' id='word_1_546' title='bbox 1081 301 1128 306; x_wconf 90' lang='lat'><strong>—</strong></span> <span class='ocrx_word' id='word_1_547' title='bbox 1143 286 1160 322; x_wconf 89' lang='grc' dir='ltr'>ΙΙ</span> <span class='ocrx_word' id='word_1_548' title='bbox 1177 283 1229 316; x_wconf 90' lang='lat' dir='ltr'>Ad</span> <span class='ocrx_word' id='word_1_549' title='bbox 1246 284 1374 316; x_wconf 81' lang='lat' dir='ltr'>fontem</span> <span class='ocrx_word' id='word_1_550' title='bbox 1393 284 1440 316; x_wconf 92' lang='lat' dir='ltr'>rei</span> <span class='ocrx_word' id='word_1_551' title='bbox 1465 287 1501 316; x_wconf 93' lang='lat' dir='ltr'>et</span> <span class='ocrx_word' id='word_1_552' title='bbox 1522 284 1683 324; x_wconf 87' lang='lat' dir='ltr'>originem</span> <span class='ocrx_word' id='word_1_553' title='bbox 1703 284 1914 317; x_wconf 87' lang='lat' dir='ltr'>iudicandam</span> <span class='ocrx_word' id='word_1_554' title='bbox 1940 284 2102 326; x_wconf 72' lang='lat' dir='ltr'>transfer-</span> 
     </span>
     <span class='ocr_line' id='line_1_75' title="bbox 1083 331 2101 374; baseline 0.003 -13"><span class='ocrx_word' id='word_1_555' title='bbox 1083 333 1147 371; x_wconf 82' lang='lat' dir='ltr'>tur,</span> <span class='ocrx_word' id='word_1_556' title='bbox 1170 334 1205 362; x_wconf 89' lang='lat' dir='ltr'>et</span> <span class='ocrx_word' id='word_1_557' title='bbox 1219 341 1238 362; x_wconf 89' lang='lat' dir='ltr'>a</span> <span class='ocrx_word' id='word_1_558' title='bbox 1255 331 1335 363; x_wconf 88' lang='lat' dir='ltr'>locis</span> <span class='ocrx_word' id='word_1_559' title='bbox 1353 331 1490 372; x_wconf 89' lang='lat' dir='ltr'>quidem</span> <span class='ocrx_word' id='word_1_560' title='bbox 1507 332 1710 371; x_wconf 85' lang='lat' dir='ltr'>genitalibus</span> <span class='ocrx_word' id='word_1_561' title='bbox 1729 336 1863 373; x_wconf 90' lang='lat' dir='ltr'>sumpta</span> <span class='ocrx_word' id='word_1_562' title='bbox 1881 333 2005 374; x_wconf 80' lang='lat' dir='ltr'>ssgura:</span> <span class='ocrx_word' id='word_1_563' title='bbox 2083 343 2101 364; x_wconf 93' lang='grc' dir='ltr'>ν</span> 
     </span>
     <span class='ocr_line' id='line_1_76' title="bbox 1081 374 2051 426; baseline 0.001 -16"><span class='ocrx_word' id='word_1_564' title='bbox 1081 378 1247 411; x_wconf 83' lang='grc' dir='ltr'>τεκοῦσαν</span> <span class='ocrx_word' id='word_1_565' title='bbox 1264 374 1399 424; x_wconf 84' lang='grc' dir='ltr'>ἤροσεν,</span> <span class='ocrx_word' id='word_1_566' title='bbox 1421 375 1501 412; x_wconf 78' lang='grc' dir='ltr'>ὅθεν</span> <span class='ocrx_word' id='word_1_567' title='bbox 1519 388 1585 424; x_wconf 86' lang='grc' dir='ltr'>περ</span> <span class='ocrx_word' id='word_1_568' title='bbox 1602 375 1704 416; x_wconf 79' lang='grc' dir='ltr'>αὐτὸς</span> <span class='ocrx_word' id='word_1_569' title='bbox 1722 377 1856 426; x_wconf 84' lang='grc' dir='ltr'>ἐσπάρη</span> <span class='ocrx_word' id='word_1_570' title='bbox 1874 378 1932 412; x_wconf 73' lang='grc'>011</span> <span class='ocrx_word' id='word_1_571' title='bbox 1949 375 2051 411; x_wconf 85' lang='grc'><strong>1498.</strong></span> 
     </span>
     <span class='ocr_line' id='line_1_77' title="bbox 1147 428 2102 484; baseline -0.001 -13"><span class='ocrx_word' id='word_1_572' title='bbox 1147 428 1250 471; x_wconf 63' lang='grc' dir='ltr'>’Ὃθι</span> <span class='ocrx_word' id='word_1_573' title='bbox 1265 436 1334 469; x_wconf 80' lang='lat' dir='ltr'>ubi.</span> <span class='ocrx_word' id='word_1_574' title='bbox 1355 433 1442 482; x_wconf 81' lang='grc' dir='ltr'>εἴην,</span> <span class='ocrx_word' id='word_1_575' title='bbox 1461 433 1518 470; x_wconf 78' lang='grc' dir='ltr'>ὅθι</span> <span class='ocrx_word' id='word_1_576' title='bbox 1534 434 1642 470; x_wconf 80' lang='grc' dir='ltr'>δαΐων</span> <span class='ocrx_word' id='word_1_577' title='bbox 1659 434 1792 482; x_wconf 83' lang='grc' dir='ltr'>ἀνδρῶν</span> <span class='ocrx_word' id='word_1_578' title='bbox 1805 434 1882 484; x_wconf 85' lang='grc' dir='ltr'>τάχ’</span> <span class='ocrx_word' id='word_1_579' title='bbox 1901 435 2102 483; x_wconf 78' lang='grc' dir='ltr'>ἐπιστροφαὶ</span> 
     </span>
     <span class='ocr_line' id='line_1_78' title="bbox 1092 478 2101 528; baseline 0 -11"><span class='ocrx_word' id='word_1_580' title='bbox 1092 478 1169 528; x_wconf 88' lang='grc' dir='ltr'>Αρη</span> <span class='ocrx_word' id='word_1_581' title='bbox 1189 481 1342 528; x_wconf 73' lang='grc' dir='ltr'>μίξουσιν</span> <span class='ocrx_word' id='word_1_582' title='bbox 1359 484 1415 516; x_wconf 87' lang='lat' dir='ltr'>OG</span> <span class='ocrx_word' id='word_1_583' title='bbox 1436 480 1526 516; x_wconf 89' lang='grc'><strong>1044</strong></span> <span class='ocrx_word' id='word_1_584' title='bbox 1536 484 1587 516; x_wconf 91' lang='lat' dir='ltr'>ch.</span> <span class='ocrx_word' id='word_1_585' title='bbox 1617 484 1683 517; x_wconf 87' lang='lat' dir='ltr'>Sed</span> <span class='ocrx_word' id='word_1_586' title='bbox 1699 494 1776 516; x_wconf 90' lang='lat' dir='ltr'>cum</span> <span class='ocrx_word' id='word_1_587' title='bbox 1794 494 1861 516; x_wconf 91' lang='lat' dir='ltr'>non</span> <span class='ocrx_word' id='word_1_588' title='bbox 1879 485 1924 517; x_wconf 88' lang='lat' dir='ltr'>sit</span> <span class='ocrx_word' id='word_1_589' title='bbox 1941 485 2009 517; x_wconf 92' lang='lat' dir='ltr'>nisi</span> <span class='ocrx_word' id='word_1_590' title='bbox 2029 494 2101 517; x_wconf 89' lang='lat' dir='ltr'>me-</span> 
     </span>
     <span class='ocr_line' id='line_1_79' title="bbox 1081 527 2101 572; baseline 0.003 -11"><span class='ocrx_word' id='word_1_591' title='bbox 1081 530 1221 562; x_wconf 87' lang='lat' dir='ltr'>licarum</span> <span class='ocrx_word' id='word_1_592' title='bbox 1238 531 1386 572; x_wconf 86' lang='lat' dir='ltr'>partium</span> <span class='ocrx_word' id='word_1_593' title='bbox 1413 527 1469 565; x_wconf 76' lang='grc' dir='ltr'>ὅθι</span> <span class='ocrx_word' id='word_1_594' title='bbox 1481 558 1488 572; x_wconf 95' lang='grc'>,</span> <span class='ocrx_word' id='word_1_595' title='bbox 1509 532 1598 572; x_wconf 92' lang='lat' dir='ltr'>quod</span> <span class='ocrx_word' id='word_1_596' title='bbox 1615 535 1706 563; x_wconf 89' lang='lat' dir='ltr'>recte</span> <span class='ocrx_word' id='word_1_597' title='bbox 1723 541 1789 564; x_wconf 91' lang='lat' dir='ltr'>sec.</span> <span class='ocrx_word' id='word_1_598' title='bbox 1812 531 2012 564; x_wconf 81' lang='lat' dir='ltr'>Elmsleium</span> <span class='ocrx_word' id='word_1_599' title='bbox 2029 541 2101 564; x_wconf 91' lang='lat' dir='ltr'>mo-</span> 
     </span>
     <span class='ocr_line' id='line_1_80' title="bbox 1084 575 2101 619; baseline 0.002 -10"><span class='ocrx_word' id='word_1_600' title='bbox 1084 578 1160 609; x_wconf 89' lang='lat' dir='ltr'>nuit</span> <span class='ocrx_word' id='word_1_601' title='bbox 1182 577 1299 609; x_wconf 90' lang='lat' dir='ltr'>Herm.</span> <span class='ocrx_word' id='word_1_602' title='bbox 1327 578 1368 610; x_wconf 88' lang='lat' dir='ltr'>ad</span> <span class='ocrx_word' id='word_1_603' title='bbox 1394 578 1476 610; x_wconf 88' lang='lat' dir='ltr'>Eur.</span> <span class='ocrx_word' id='word_1_604' title='bbox 1505 578 1551 610; x_wconf 90' lang='lat' dir='ltr'>IT</span> <span class='ocrx_word' id='word_1_605' title='bbox 1567 575 1640 619; x_wconf 60' lang='lat'>35„</span> <span class='ocrx_word' id='word_1_606' title='bbox 1670 579 1724 610; x_wconf 95' lang='grc' dir='ltr'>ΕΙ.</span> <span class='ocrx_word' id='word_1_607' title='bbox 1746 575 1826 611; x_wconf 91' lang='grc'><strong>709.</strong></span> <span class='ocrx_word' id='word_1_608' title='bbox 1858 588 1925 611; x_wconf 93' lang='lat' dir='ltr'>non</span> <span class='ocrx_word' id='word_1_609' title='bbox 1952 576 2024 613; x_wconf 77' lang='grc' dir='ltr'>ὅθι</span> <span class='ocrx_word' id='word_1_610' title='bbox 2043 580 2101 611; x_wconf 86' lang='lat' dir='ltr'>sed</span> 
     </span>
    </p>
   </div>
   <div class='ocr_carea' id='block_1_18' title="bbox 1083 621 2103 717">
    <p class='ocr_par' dir='ltr' id='par_1_23' title="bbox 1083 621 2103 717">
     <span class='ocr_line' id='line_1_81' title="bbox 1084 621 2103 668; baseline 0.002 -12"><span class='ocrx_word' id='word_1_611' title='bbox 1084 621 1156 658; x_wconf 81' lang='grc' dir='ltr'>ὅτε</span> <span class='ocrx_word' id='word_1_612' title='bbox 1182 625 1266 657; x_wconf 87' lang='lat' dir='ltr'>latet</span> <span class='ocrx_word' id='word_1_613' title='bbox 1294 622 1392 666; x_wconf 79' lang='grc' dir='ltr'>[ὅπου</span> <span class='ocrx_word' id='word_1_614' title='bbox 1419 626 1506 657; x_wconf 90' lang='lat' dir='ltr'>coni.</span> <span class='ocrx_word' id='word_1_615' title='bbox 1536 625 1672 668; x_wconf 88' lang='lat' dir='ltr'>Dind.].</span> <span class='ocrx_word' id='word_1_616' title='bbox 1704 643 1745 649; x_wconf 94' lang='lat'><strong>—</strong></span> <span class='ocrx_word' id='word_1_617' title='bbox 1776 627 1827 658; x_wconf 93' lang='lat' dir='ltr'>De</span> <span class='ocrx_word' id='word_1_618' title='bbox 1853 630 1931 658; x_wconf 91' lang='lat' dir='ltr'>tono</span> <span class='ocrx_word' id='word_1_619' title='bbox 1949 626 2103 667; x_wconf 86' lang='lat' dir='ltr'>disputat</span> 
     </span>
     <span class='ocr_line' id='line_1_82' title="bbox 1083 669 2103 717; baseline 0.001 -14"><span class='ocrx_word' id='word_1_620' title='bbox 1083 672 1195 713; x_wconf 85' lang='lat' dir='ltr'>Apoll.</span> <span class='ocrx_word' id='word_1_621' title='bbox 1215 672 1256 704; x_wconf 90' lang='lat' dir='ltr'>de</span> <span class='ocrx_word' id='word_1_622' title='bbox 1274 672 1349 704; x_wconf 88' lang='lat' dir='ltr'>adv.</span> <span class='ocrx_word' id='word_1_623' title='bbox 1374 682 1408 714; x_wconf 89' lang='lat' dir='ltr'>p.</span> <span class='ocrx_word' id='word_1_624' title='bbox 1430 669 1511 714; x_wconf 88' lang='grc'><strong>573,</strong></span> <span class='ocrx_word' id='word_1_625' title='bbox 1534 669 1589 704; x_wconf 90' lang='grc'>14.</span> <span class='ocrx_word' id='word_1_626' title='bbox 1819 671 1869 716; x_wconf 81' lang='lat'>[11</span> <span class='ocrx_word' id='word_1_627' title='bbox 1892 684 1925 714; x_wconf 92' lang='lat' dir='ltr'>p.</span> <span class='ocrx_word' id='word_1_628' title='bbox 1946 670 2027 714; x_wconf 90' lang='lat'><strong>281,</strong></span> <span class='ocrx_word' id='word_1_629' title='bbox 2047 670 2103 717; x_wconf 84' lang='lat'>2.)</span> 
     </span>
    </p>
   </div>
   <div class='ocr_carea' id='block_1_19' title="bbox 1076 726 2102 3222">
    <p class='ocr_par' dir='ltr' id='par_1_24' title="bbox 1076 726 2102 3222">
     <span class='ocr_line' id='line_1_83' title="bbox 1149 726 2099 766; baseline 0.002 -3"><span class='ocrx_word' id='word_1_630' title='bbox 1149 726 1158 738; x_wconf 84' lang='lat'><em>‘</em></span> <span class='ocrx_word' id='word_1_631' title='bbox 1173 726 1200 764; x_wconf 80' lang='grc' dir='ltr'><strong>Ο</strong></span> <span class='ocrx_word' id='word_1_632' title='bbox 1212 727 1318 764; x_wconf 77' lang='grc' dir='ltr'>θούν</span> <span class='ocrx_word' id='word_1_633' title='bbox 1331 741 1409 764; x_wconf 90' lang='grc' dir='ltr'>εκα</span> <span class='ocrx_word' id='word_1_634' title='bbox 1434 741 1511 763; x_wconf 86' lang='grc'><strong>011111</strong></span> <span class='ocrx_word' id='word_1_635' title='bbox 1527 732 1569 763; x_wconf 90' lang='lat' dir='ltr'>ab</span> <span class='ocrx_word' id='word_1_636' title='bbox 1587 732 1664 762; x_wconf 89' lang='lat' dir='ltr'>aliis</span> <span class='ocrx_word' id='word_1_637' title='bbox 1681 731 1850 763; x_wconf 87' lang='lat' dir='ltr'>disiuncte</span> <span class='ocrx_word' id='word_1_638' title='bbox 1864 733 2028 764; x_wconf 87' lang='lat' dir='ltr'>scribatur</span> <span class='ocrx_word' id='word_1_639' title='bbox 2045 726 2099 766; x_wconf 81' lang='grc' dir='ltr'>ὅθ’</span> 
     </span>
     <span class='ocr_line' id='line_1_84' title="bbox 1084 774 2102 819; baseline 0.001 -9"><span class='ocrx_word' id='word_1_640' title='bbox 1084 774 1224 818; x_wconf 52' lang='grc' dir='ltr'>οὕνεκα,</span> <span class='ocrx_word' id='word_1_641' title='bbox 1254 788 1273 809; x_wconf 92' lang='grc'>8</span> <span class='ocrx_word' id='word_1_642' title='bbox 1296 779 1454 819; x_wconf 90' lang='lat' dir='ltr'>plurimis</span> <span class='ocrx_word' id='word_1_643' title='bbox 1480 787 1548 810; x_wconf 89' lang='lat' dir='ltr'>uno</span> <span class='ocrx_word' id='word_1_644' title='bbox 1573 779 1754 819; x_wconf 85' lang='lat' dir='ltr'>vocabulo,</span> <span class='ocrx_word' id='word_1_645' title='bbox 1783 779 1917 811; x_wconf 84' lang='lat' dir='ltr'>diversa</span> <span class='ocrx_word' id='word_1_646' title='bbox 1940 779 2044 811; x_wconf 84' lang='lat' dir='ltr'>etiam</span> <span class='ocrx_word' id='word_1_647' title='bbox 2061 780 2102 811; x_wconf 85' lang='lat' dir='ltr'>ab</span> 
     </span>
     <span class='ocr_line' id='line_1_85' title="bbox 1083 825 2099 866; baseline 0.003 -11"><span class='ocrx_word' id='word_1_648' title='bbox 1083 825 1211 864; x_wconf 86' lang='lat' dir='ltr'>origine</span> <span class='ocrx_word' id='word_1_649' title='bbox 1230 826 1406 866; x_wconf 88' lang='lat' dir='ltr'>repetitur.</span> <span class='ocrx_word' id='word_1_650' title='bbox 1444 825 1574 858; x_wconf 83' lang='lat' dir='ltr'>Schaef.</span> <span class='ocrx_word' id='word_1_651' title='bbox 1604 825 1742 866; x_wconf 90' lang='lat' dir='ltr'>quidem</span> <span class='ocrx_word' id='word_1_652' title='bbox 1766 835 1842 858; x_wconf 89' lang='lat' dir='ltr'>cum</span> <span class='ocrx_word' id='word_1_653' title='bbox 1860 826 1997 857; x_wconf 85' lang='lat' dir='ltr'>divisim</span> <span class='ocrx_word' id='word_1_654' title='bbox 2015 828 2099 858; x_wconf 85' lang='lat' dir='ltr'>scri-</span> 
     </span>
     <span class='ocr_line' id='line_1_86' title="bbox 1083 872 2101 914; baseline 0.002 -11"><span class='ocrx_word' id='word_1_655' title='bbox 1083 872 1167 903; x_wconf 89' lang='lat' dir='ltr'>bens</span> <span class='ocrx_word' id='word_1_656' title='bbox 1193 872 1295 903; x_wconf 91' lang='lat' dir='ltr'>etiam</span> <span class='ocrx_word' id='word_1_657' title='bbox 1319 873 1566 913; x_wconf 86' lang='lat' dir='ltr'>reprehendere</span> <span class='ocrx_word' id='word_1_658' title='bbox 1599 873 1741 904; x_wconf 84' lang='lat' dir='ltr'>alterius</span> <span class='ocrx_word' id='word_1_659' title='bbox 1773 873 1913 905; x_wconf 90' lang='lat' dir='ltr'>rationis</span> <span class='ocrx_word' id='word_1_660' title='bbox 1944 877 2101 914; x_wconf 82' lang='lat' dir='ltr'>patronos</span> 
     </span>
     <span class='ocr_line' id='line_1_87' title="bbox 1084 916 2101 956; baseline 0.002 -6"><span class='ocrx_word' id='word_1_661' title='bbox 1084 919 1239 950; x_wconf 85' lang='lat' dir='ltr'>videatur</span> <span class='ocrx_word' id='word_1_662' title='bbox 1256 920 1295 951; x_wconf 86' lang='lat' dir='ltr'>ad</span> <span class='ocrx_word' id='word_1_663' title='bbox 1315 920 1369 951; x_wconf 88' lang='lat' dir='ltr'>Ai.</span> <span class='ocrx_word' id='word_1_664' title='bbox 1394 916 1470 956; x_wconf 82' lang='lat'><strong>123.</strong></span> <span class='ocrx_word' id='word_1_665' title='bbox 1494 921 1529 951; x_wconf 92' lang='lat' dir='ltr'>in</span> <span class='ocrx_word' id='word_1_666' title='bbox 1547 919 1619 951; x_wconf 87' lang='lat' dir='ltr'>ind.</span> <span class='ocrx_word' id='word_1_667' title='bbox 1639 920 1797 952; x_wconf 86' lang='lat' dir='ltr'>Hecubae</span> <span class='ocrx_word' id='word_1_668' title='bbox 1815 920 2038 952; x_wconf 90' lang='lat' dir='ltr'>Porsonianae</span> <span class='ocrx_word' id='word_1_669' title='bbox 2060 922 2101 952; x_wconf 87' lang='lat' dir='ltr'>ab</span> 
     </span>
     <span class='ocr_line' id='line_1_88' title="bbox 1084 962 2101 1007; baseline 0.001 -9"><span class='ocrx_word' id='word_1_670' title='bbox 1084 962 1137 998; x_wconf 82' lang='grc' dir='ltr'>ὅτι</span> <span class='ocrx_word' id='word_1_671' title='bbox 1161 966 1352 998; x_wconf 89' lang='lat' dir='ltr'>ducendum</span> <span class='ocrx_word' id='word_1_672' title='bbox 1378 968 1544 1006; x_wconf 82' lang='lat' dir='ltr'>affirmat,</span> <span class='ocrx_word' id='word_1_673' title='bbox 1572 967 1677 998; x_wconf 88' lang='lat' dir='ltr'>altera</span> <span class='ocrx_word' id='word_1_674' title='bbox 1694 972 1787 1007; x_wconf 86' lang='lat' dir='ltr'>parte</span> <span class='ocrx_word' id='word_1_675' title='bbox 1814 976 1897 999; x_wconf 88' lang='lat' dir='ltr'>num</span> <span class='ocrx_word' id='word_1_676' title='bbox 1917 964 2043 1001; x_wconf 82' lang='grc' dir='ltr'>οὔνεκα</span> <span class='ocrx_word' id='word_1_677' title='bbox 2059 977 2101 999; x_wconf 84' lang='grc'>811</span> 
     </span>
     <span class='ocr_line' id='line_1_89' title="bbox 1085 1010 2102 1055; baseline 0 -9"><span class='ocrx_word' id='word_1_678' title='bbox 1085 1010 1186 1046; x_wconf 79' lang='grc' dir='ltr'>ἕνεκα</span> <span class='ocrx_word' id='word_1_679' title='bbox 1203 1014 1259 1053; x_wconf 89' lang='lat' dir='ltr'>sit,</span> <span class='ocrx_word' id='word_1_680' title='bbox 1288 1023 1355 1045; x_wconf 91' lang='lat' dir='ltr'>non</span> <span class='ocrx_word' id='word_1_681' title='bbox 1373 1015 1462 1045; x_wconf 88' lang='lat' dir='ltr'>ultra</span> <span class='ocrx_word' id='word_1_682' title='bbox 1479 1014 1636 1054; x_wconf 73' lang='lat' dir='ltr'>delinita,</span> <span class='ocrx_word' id='word_1_683' title='bbox 1665 1023 1807 1055; x_wconf 90' lang='lat' dir='ltr'>quorum</span> <span class='ocrx_word' id='word_1_684' title='bbox 1826 1015 1910 1046; x_wconf 94' lang='lat' dir='ltr'>illud</span> <span class='ocrx_word' id='word_1_685' title='bbox 1927 1015 2102 1046; x_wconf 89' lang='lat' dir='ltr'>abundan-</span> 
     </span>
     <span class='ocr_line' id='line_1_90' title="bbox 1083 1060 2100 1103; baseline 0.002 -12"><span class='ocrx_word' id='word_1_686' title='bbox 1083 1061 1165 1091; x_wconf 88' lang='lat' dir='ltr'>tiam</span> <span class='ocrx_word' id='word_1_687' title='bbox 1184 1060 1296 1100; x_wconf 87' lang='lat' dir='ltr'>habet,</span> <span class='ocrx_word' id='word_1_688' title='bbox 1317 1061 1378 1092; x_wconf 90' lang='lat' dir='ltr'>hoc</span> <span class='ocrx_word' id='word_1_689' title='bbox 1394 1071 1498 1092; x_wconf 86' lang='lat' dir='ltr'>sensu</span> <span class='ocrx_word' id='word_1_690' title='bbox 1516 1062 1691 1092; x_wconf 88' lang='lat' dir='ltr'>evertitur.</span> <span class='ocrx_word' id='word_1_691' title='bbox 1722 1061 1889 1093; x_wconf 87' lang='lat' dir='ltr'>Subtilius</span> <span class='ocrx_word' id='word_1_692' title='bbox 1906 1072 2006 1103; x_wconf 86' lang='lat' dir='ltr'>quam</span> <span class='ocrx_word' id='word_1_693' title='bbox 2024 1071 2100 1093; x_wconf 77' lang='lat' dir='ltr'>vere</span> 
     </span>
     <span class='ocr_line' id='line_1_91' title="bbox 1083 1104 2102 1149; baseline 0.002 -10"><span class='ocrx_word' id='word_1_694' title='bbox 1083 1108 1210 1147; x_wconf 85' lang='lat' dir='ltr'>Reisig.</span> <span class='ocrx_word' id='word_1_695' title='bbox 1237 1117 1347 1139; x_wconf 90' lang='lat' dir='ltr'>enarr.</span> <span class='ocrx_word' id='word_1_696' title='bbox 1376 1108 1431 1140; x_wconf 89' lang='lat' dir='ltr'>OC</span> <span class='ocrx_word' id='word_1_697' title='bbox 1457 1118 1490 1149; x_wconf 86' lang='lat' dir='ltr'><strong>p.</strong></span> <span class='ocrx_word' id='word_1_698' title='bbox 1514 1105 1581 1140; x_wconf 86' lang='lat'>128</span> <span class='ocrx_word' id='word_1_699' title='bbox 1614 1117 1657 1140; x_wconf 79' lang='lat' dir='ltr'>ex</span> <span class='ocrx_word' id='word_1_700' title='bbox 1691 1104 1747 1142; x_wconf 80' lang='grc' dir='ltr'>ὅθι</span> <span class='ocrx_word' id='word_1_701' title='bbox 1780 1105 1905 1142; x_wconf 73' lang='grc' dir='ltr'>οὕνεκα</span> <span class='ocrx_word' id='word_1_702' title='bbox 1937 1110 2102 1141; x_wconf 85' lang='lat' dir='ltr'>coaluisse</span> 
     </span>
     <span class='ocr_line' id='line_1_92' title="bbox 1085 1155 2098 1198; baseline 0.003 -13"><span class='ocrx_word' id='word_1_703' title='bbox 1085 1155 1275 1195; x_wconf 83' lang='lat' dir='ltr'>existimat,</span> <span class='ocrx_word' id='word_1_704' title='bbox 1304 1160 1342 1186; x_wconf 90' lang='lat' dir='ltr'>ut</span> <span class='ocrx_word' id='word_1_705' title='bbox 1362 1157 1407 1187; x_wconf 90' lang='lat' dir='ltr'>sit</span> <span class='ocrx_word' id='word_1_706' title='bbox 1430 1155 1487 1186; x_wconf 83' lang='lat' dir='ltr'>ubi</span> <span class='ocrx_word' id='word_1_707' title='bbox 1506 1155 1540 1186; x_wconf 81' lang='lat' dir='ltr'>id</span> <span class='ocrx_word' id='word_1_708' title='bbox 1557 1158 1623 1194; x_wconf 79' lang='lat' dir='ltr'>est,</span> <span class='ocrx_word' id='word_1_709' title='bbox 1652 1157 1745 1187; x_wconf 70' lang='lat' dir='ltr'>cuius</span> <span class='ocrx_word' id='word_1_710' title='bbox 1763 1165 1865 1187; x_wconf 80' lang='lat' dir='ltr'>causa</span> <span class='ocrx_word' id='word_1_711' title='bbox 1891 1155 2033 1197; x_wconf 82' lang='lat' dir='ltr'>quidque</span> <span class='ocrx_word' id='word_1_712' title='bbox 2050 1156 2098 1198; x_wconf 74' lang='lat' dir='ltr'>fit.</span> 
     </span>
     <span class='ocr_line' id='line_1_93' title="bbox 1085 1202 2102 1244; baseline 0.002 -11"><span class='ocrx_word' id='word_1_713' title='bbox 1085 1202 1165 1233; x_wconf 91' lang='lat' dir='ltr'>Lob.</span> <span class='ocrx_word' id='word_1_714' title='bbox 1189 1203 1223 1233; x_wconf 92' lang='lat' dir='ltr'>in</span> <span class='ocrx_word' id='word_1_715' title='bbox 1247 1203 1350 1234; x_wconf 85' lang='lat' dir='ltr'>Aiace</span> <span class='ocrx_word' id='word_1_716' title='bbox 1368 1203 1516 1244; x_wconf 89' lang='lat' dir='ltr'>primum</span> <span class='ocrx_word' id='word_1_717' title='bbox 1542 1203 1684 1234; x_wconf 88' lang='lat' dir='ltr'>iunctim</span> <span class='ocrx_word' id='word_1_718' title='bbox 1703 1203 1803 1234; x_wconf 89' lang='lat' dir='ltr'>scribi</span> <span class='ocrx_word' id='word_1_719' title='bbox 1821 1204 1970 1243; x_wconf 87' lang='lat' dir='ltr'>curavit,</span> <span class='ocrx_word' id='word_1_720' title='bbox 2001 1213 2102 1244; x_wconf 88' lang='lat' dir='ltr'>quam</span> 
     </span>
     <span class='ocr_line' id='line_1_94' title="bbox 1083 1248 2096 1293; baseline 0.002 -13"><span class='ocrx_word' id='word_1_721' title='bbox 1083 1249 1248 1280; x_wconf 86' lang='lat' dir='ltr'>rationem</span> <span class='ocrx_word' id='word_1_722' title='bbox 1281 1259 1358 1281; x_wconf 91' lang='lat' dir='ltr'>cum</span> <span class='ocrx_word' id='word_1_723' title='bbox 1393 1250 1598 1281; x_wconf 88' lang='lat' dir='ltr'>Buttmanno</span> <span class='ocrx_word' id='word_1_724' title='bbox 1639 1250 1811 1290; x_wconf 88' lang='lat' dir='ltr'>probasset</span> <span class='ocrx_word' id='word_1_725' title='bbox 1843 1248 1919 1293; x_wconf 82' lang='lat' dir='ltr'>(Gr.</span> <span class='ocrx_word' id='word_1_726' title='bbox 1956 1250 2035 1282; x_wconf 84' lang='lat' dir='ltr'>Mai.</span> <span class='ocrx_word' id='word_1_727' title='bbox 2068 1252 2096 1283; x_wconf 89' lang='lat'>1.</span> 
     </span>
     <span class='ocr_line' id='line_1_95' title="bbox 1083 1293 2100 1340; baseline 0.002 -12"><span class='ocrx_word' id='word_1_728' title='bbox 1083 1305 1117 1336; x_wconf 91' lang='lat' dir='ltr'>p.</span> <span class='ocrx_word' id='word_1_729' title='bbox 1142 1293 1242 1340; x_wconf 83' lang='lat'><strong>121.)</strong></span> <span class='ocrx_word' id='word_1_730' title='bbox 1257 1301 1291 1328; x_wconf 90' lang='lat' dir='ltr'>et</span> <span class='ocrx_word' id='word_1_731' title='bbox 1308 1297 1514 1336; x_wconf 89' lang='lat' dir='ltr'>Hermanno,</span> <span class='ocrx_word' id='word_1_732' title='bbox 1537 1297 1678 1328; x_wconf 89' lang='lat' dir='ltr'>eandem</span> <span class='ocrx_word' id='word_1_733' title='bbox 1694 1298 1881 1329; x_wconf 89' lang='lat' dir='ltr'>accuratius</span> <span class='ocrx_word' id='word_1_734' title='bbox 1898 1301 2100 1338; x_wconf 87' lang='lat' dir='ltr'>persecutus</span> 
     </span>
     <span class='ocr_line' id='line_1_96' title="bbox 1082 1341 2094 1385; baseline 0.001 -10"><span class='ocrx_word' id='word_1_735' title='bbox 1082 1352 1211 1384; x_wconf 77' lang='lat' dir='ltr'>parerg.</span> <span class='ocrx_word' id='word_1_736' title='bbox 1244 1344 1285 1375; x_wconf 91' lang='lat' dir='ltr'>ad</span> <span class='ocrx_word' id='word_1_737' title='bbox 1313 1344 1436 1383; x_wconf 82' lang='lat' dir='ltr'>Phryn.</span> <span class='ocrx_word' id='word_1_738' title='bbox 1467 1354 1500 1385; x_wconf 92' lang='lat' dir='ltr'>p.</span> <span class='ocrx_word' id='word_1_739' title='bbox 1522 1341 1626 1384; x_wconf 89' lang='grc'><strong>657.,</strong></span> <span class='ocrx_word' id='word_1_740' title='bbox 1659 1353 1701 1376; x_wconf 87' lang='grc'>118</span> <span class='ocrx_word' id='word_1_741' title='bbox 1735 1353 1802 1376; x_wconf 87' lang='grc'><strong>11011</strong></span> <span class='ocrx_word' id='word_1_742' title='bbox 1834 1345 2094 1385; x_wconf 88' lang='lat' dir='ltr'>intelligeretur,</span> 
     </span>
     <span class='ocr_line' id='line_1_97' title="bbox 1082 1391 2102 1432; baseline 0.002 -10"><span class='ocrx_word' id='word_1_743' title='bbox 1082 1391 1169 1431; x_wconf 90' lang='lat' dir='ltr'>quod</span> <span class='ocrx_word' id='word_1_744' title='bbox 1186 1391 1361 1422; x_wconf 88' lang='lat' dir='ltr'>brevitatis</span> <span class='ocrx_word' id='word_1_745' title='bbox 1385 1400 1536 1422; x_wconf 88' lang='lat' dir='ltr'>summae</span> <span class='ocrx_word' id='word_1_746' title='bbox 1563 1392 1711 1423; x_wconf 89' lang='lat' dir='ltr'>studioso</span> <span class='ocrx_word' id='word_1_747' title='bbox 1736 1393 1777 1423; x_wconf 88' lang='lat' dir='ltr'>ab</span> <span class='ocrx_word' id='word_1_748' title='bbox 1803 1392 1876 1432; x_wconf 86' lang='lat' dir='ltr'>ipso</span> <span class='ocrx_word' id='word_1_749' title='bbox 1894 1392 2102 1424; x_wconf 91' lang='lat' dir='ltr'>Buttmanno</span> 
     </span>
     <span class='ocr_line' id='line_1_98' title="bbox 1082 1438 2100 1480; baseline 0.002 -11"><span class='ocrx_word' id='word_1_750' title='bbox 1082 1438 1262 1479; x_wconf 85' lang='lat' dir='ltr'>acciderat,</span> <span class='ocrx_word' id='word_1_751' title='bbox 1290 1438 1471 1478; x_wconf 83' lang='lat' dir='ltr'>diligenter</span> <span class='ocrx_word' id='word_1_752' title='bbox 1488 1439 1587 1470; x_wconf 87' lang='lat' dir='ltr'>cavit.</span> <span class='ocrx_word' id='word_1_753' title='bbox 1624 1438 1670 1469; x_wconf 87' lang='lat' dir='ltr'>Et</span> <span class='ocrx_word' id='word_1_754' title='bbox 1686 1443 1768 1479; x_wconf 86' lang='lat' dir='ltr'>puto</span> <span class='ocrx_word' id='word_1_755' title='bbox 1794 1448 1886 1470; x_wconf 90' lang='lat' dir='ltr'>nunc</span> <span class='ocrx_word' id='word_1_756' title='bbox 1903 1440 2002 1480; x_wconf 85' lang='lat' dir='ltr'>vulgo</span> <span class='ocrx_word' id='word_1_757' title='bbox 2019 1448 2100 1471; x_wconf 91' lang='lat' dir='ltr'>con-</span> 
     </span>
     <span class='ocr_line' id='line_1_99' title="bbox 1082 1482 2099 1526; baseline 0.003 -10"><span class='ocrx_word' id='word_1_758' title='bbox 1082 1486 1214 1526; x_wconf 91' lang='lat' dir='ltr'>sentiri,</span> <span class='ocrx_word' id='word_1_759' title='bbox 1230 1490 1268 1516; x_wconf 87' lang='lat' dir='ltr'>ut</span> <span class='ocrx_word' id='word_1_760' title='bbox 1284 1482 1447 1519; x_wconf 81' lang='grc' dir='ltr'>ούνεκα</span> <span class='ocrx_word' id='word_1_761' title='bbox 1463 1495 1506 1517; x_wconf 83' lang='lat' dir='ltr'>ex</span> <span class='ocrx_word' id='word_1_762' title='bbox 1525 1483 1564 1518; x_wconf 77' lang='grc' dir='ltr'>οὗ</span> <span class='ocrx_word' id='word_1_763' title='bbox 1584 1482 1695 1526; x_wconf 80' lang='grc' dir='ltr'>ἕνεκα,</span> <span class='ocrx_word' id='word_1_764' title='bbox 1716 1486 1764 1518; x_wconf 89' lang='lat' dir='ltr'>ita</span> <span class='ocrx_word' id='word_1_765' title='bbox 1776 1483 1945 1519; x_wconf 76' lang='grc' dir='ltr'>ὁθούνεκα</span> <span class='ocrx_word' id='word_1_766' title='bbox 1961 1495 2005 1518; x_wconf 81' lang='lat' dir='ltr'>ex</span> <span class='ocrx_word' id='word_1_767' title='bbox 2019 1484 2099 1519; x_wconf 85' lang='grc' dir='ltr'>ὅτου</span> 
     </span>
     <span class='ocr_line' id='line_1_100' title="bbox 1083 1528 2099 1574; baseline 0.001 -10"><span class='ocrx_word' id='word_1_768' title='bbox 1083 1528 1184 1565; x_wconf 78' lang='grc' dir='ltr'>ἕνεκα</span> <span class='ocrx_word' id='word_1_769' title='bbox 1213 1537 1421 1564; x_wconf 90' lang='lat' dir='ltr'>contractum</span> <span class='ocrx_word' id='word_1_770' title='bbox 1455 1542 1543 1564; x_wconf 87' lang='lat' dir='ltr'>esse.</span> <span class='ocrx_word' id='word_1_771' title='bbox 1588 1532 1653 1564; x_wconf 85' lang='lat' dir='ltr'>Sed</span> <span class='ocrx_word' id='word_1_772' title='bbox 1682 1533 1919 1574; x_wconf 88' lang='lat' dir='ltr'>imponendam</span> <span class='ocrx_word' id='word_1_773' title='bbox 1953 1534 2099 1573; x_wconf 85' lang='lat' dir='ltr'>syllabae</span> 
     </span>
     <span class='ocr_line' id='line_1_101' title="bbox 1081 1579 2099 1621; baseline 0.002 -11"><span class='ocrx_word' id='word_1_774' title='bbox 1081 1579 1179 1610; x_wconf 89' lang='lat' dir='ltr'>alteri</span> <span class='ocrx_word' id='word_1_775' title='bbox 1205 1580 1394 1611; x_wconf 88' lang='lat' dir='ltr'>coronidem</span> <span class='ocrx_word' id='word_1_776' title='bbox 1412 1589 1506 1621; x_wconf 87' lang='lat' dir='ltr'>esse,</span> <span class='ocrx_word' id='word_1_777' title='bbox 1536 1580 1603 1612; x_wconf 87' lang='lat' dir='ltr'>nisi</span> <span class='ocrx_word' id='word_1_778' title='bbox 1627 1580 1703 1621; x_wconf 86' lang='lat' dir='ltr'>quis</span> <span class='ocrx_word' id='word_1_779' title='bbox 1731 1581 1890 1613; x_wconf 83' lang='lat' dir='ltr'>universe</span> <span class='ocrx_word' id='word_1_780' title='bbox 1907 1581 2099 1613; x_wconf 86' lang='lat' dir='ltr'>innocentis</span> 
     </span>
     <span class='ocr_line' id='line_1_102' title="bbox 1080 1627 2099 1668; baseline 0.002 -11"><span class='ocrx_word' id='word_1_781' title='bbox 1080 1627 1172 1657; x_wconf 88' lang='lat' dir='ltr'>illius</span> <span class='ocrx_word' id='word_1_782' title='bbox 1191 1627 1298 1666; x_wconf 89' lang='lat' dir='ltr'>signi,</span> <span class='ocrx_word' id='word_1_783' title='bbox 1329 1632 1368 1658; x_wconf 88' lang='lat' dir='ltr'>ut</span> <span class='ocrx_word' id='word_1_784' title='bbox 1384 1628 1486 1667; x_wconf 85' lang='lat' dir='ltr'>Angli</span> <span class='ocrx_word' id='word_1_785' title='bbox 1504 1627 1660 1668; x_wconf 88' lang='lat' dir='ltr'>quidam,</span> <span class='ocrx_word' id='word_1_786' title='bbox 1691 1627 1796 1659; x_wconf 86' lang='lat' dir='ltr'>hostis</span> <span class='ocrx_word' id='word_1_787' title='bbox 1815 1628 1879 1667; x_wconf 90' lang='lat' dir='ltr'>sit,</span> <span class='ocrx_word' id='word_1_788' title='bbox 1909 1633 1999 1660; x_wconf 86' lang='lat' dir='ltr'>recte</span> <span class='ocrx_word' id='word_1_789' title='bbox 2017 1628 2099 1660; x_wconf 85' lang='lat' dir='ltr'>dicit</span> 
     </span>
     <span class='ocr_line' id='line_1_103' title="bbox 1081 1674 2082 1717; baseline 0.003 -13"><span class='ocrx_word' id='word_1_790' title='bbox 1081 1674 1214 1705; x_wconf 89' lang='lat' dir='ltr'>Passov.</span> <span class='ocrx_word' id='word_1_791' title='bbox 1244 1675 1318 1706; x_wconf 89' lang='lat' dir='ltr'>iure</span> <span class='ocrx_word' id='word_1_792' title='bbox 1343 1674 1484 1705; x_wconf 88' lang='lat' dir='ltr'>miratus</span> <span class='ocrx_word' id='word_1_793' title='bbox 1506 1674 1595 1716; x_wconf 88' lang='lat' dir='ltr'>quod</span> <span class='ocrx_word' id='word_1_794' title='bbox 1621 1683 1720 1706; x_wconf 87' lang='lat' dir='ltr'>nemo</span> <span class='ocrx_word' id='word_1_795' title='bbox 1747 1675 1844 1715; x_wconf 82' lang='lat' dir='ltr'>vulgo</span> <span class='ocrx_word' id='word_1_796' title='bbox 1865 1676 1977 1707; x_wconf 86' lang='lat' dir='ltr'>faciat.</span> <span class='ocrx_word' id='word_1_797' title='bbox 2008 1692 2048 1698; x_wconf 90' lang='lat'><em>-</em></span> <span class='ocrx_word' id='word_1_798' title='bbox 2067 1675 2082 1717; x_wconf 84' lang='grc' dir='ltr'>ΙΙ</span> 
     </span>
     <span class='ocr_line' id='line_1_104' title="bbox 1082 1718 2098 1763; baseline 0 -10"><span class='ocrx_word' id='word_1_799' title='bbox 1082 1720 1224 1753; x_wconf 86' lang='lat' dir='ltr'>Causam</span> <span class='ocrx_word' id='word_1_800' title='bbox 1242 1722 1291 1752; x_wconf 92' lang='lat' dir='ltr'>rei</span> <span class='ocrx_word' id='word_1_801' title='bbox 1308 1722 1415 1753; x_wconf 84' lang='lat' dir='ltr'>factae</span> <span class='ocrx_word' id='word_1_802' title='bbox 1432 1722 1728 1753; x_wconf 88' lang='lat' dir='ltr'>circumlocutione</span> <span class='ocrx_word' id='word_1_803' title='bbox 1746 1722 1867 1762; x_wconf 90' lang='lat' dir='ltr'>reddit,</span> <span class='ocrx_word' id='word_1_804' title='bbox 1897 1718 1962 1755; x_wconf 79' lang='grc' dir='ltr'>ὁτι</span> <span class='ocrx_word' id='word_1_805' title='bbox 1974 1747 1982 1763; x_wconf 94' lang='grc'>,</span> <span class='ocrx_word' id='word_1_806' title='bbox 2011 1722 2098 1763; x_wconf 82' lang='lat' dir='ltr'>quod</span> 
     </span>
     <span class='ocr_line' id='line_1_105' title="bbox 1080 1768 2095 1811; baseline 0.002 -12"><span class='ocrx_word' id='word_1_807' title='bbox 1080 1769 1326 1807; x_wconf 83' lang='lat' dir='ltr'>significatione</span> <span class='ocrx_word' id='word_1_808' title='bbox 1354 1778 1514 1809; x_wconf 89' lang='lat' dir='ltr'>aequans.</span> <span class='ocrx_word' id='word_1_809' title='bbox 1563 1768 1757 1808; x_wconf 80' lang='lat' dir='ltr'>Optativum</span> <span class='ocrx_word' id='word_1_810' title='bbox 1781 1770 1831 1800; x_wconf 90' lang='lat' dir='ltr'>sic</span> <span class='ocrx_word' id='word_1_811' title='bbox 1859 1779 1925 1801; x_wconf 92' lang='lat' dir='ltr'>non</span> <span class='ocrx_word' id='word_1_812' title='bbox 1954 1771 2095 1811; x_wconf 86' lang='lat' dir='ltr'>patitur,</span> 
     </span>
     <span class='ocr_line' id='line_1_106' title="bbox 1081 1809 2099 1862; baseline 0.002 -16"><span class='ocrx_word' id='word_1_813' title='bbox 1081 1815 1148 1846; x_wconf 85' lang='lat' dir='ltr'>nisi</span> <span class='ocrx_word' id='word_1_814' title='bbox 1166 1816 1325 1847; x_wconf 89' lang='lat' dir='ltr'>orationis</span> <span class='ocrx_word' id='word_1_815' title='bbox 1342 1816 1507 1856; x_wconf 87' lang='lat' dir='ltr'>obliquae.</span> <span class='ocrx_word' id='word_1_816' title='bbox 1538 1809 1694 1849; x_wconf 75' lang='grc' dir='ltr'>ὁθούνεκ’</span> <span class='ocrx_word' id='word_1_817' title='bbox 1719 1813 1783 1849; x_wconf 87' lang='grc' dir='ltr'>ούκ</span> <span class='ocrx_word' id='word_1_818' title='bbox 1808 1813 1949 1862; x_wconf 80' lang='grc' dir='ltr'>ὅψαιντό</span> <span class='ocrx_word' id='word_1_819' title='bbox 1974 1827 2024 1850; x_wconf 85' lang='grc' dir='ltr'>νιν</span> <span class='ocrx_word' id='word_1_820' title='bbox 2039 1817 2099 1849; x_wconf 74' lang='lat' dir='ltr'>OB</span> 
     </span>
     <span class='ocr_line' id='line_1_107' title="bbox 1083 1859 2098 1896; baseline 0.003 -3"><span class='ocrx_word' id='word_1_821' title='bbox 1083 1859 1184 1894; x_wconf 85' lang='lat'><strong>1271.</strong></span> <span class='ocrx_word' id='word_1_822' title='bbox 1215 1862 1443 1895; x_wconf 78' lang='lat' dir='ltr'>Indicativum</span> <span class='ocrx_word' id='word_1_823' title='bbox 1460 1867 1573 1894; x_wconf 87' lang='lat' dir='ltr'>autem</span> <span class='ocrx_word' id='word_1_824' title='bbox 1591 1864 1626 1894; x_wconf 88' lang='lat' dir='ltr'>in</span> <span class='ocrx_word' id='word_1_825' title='bbox 1641 1872 1676 1894; x_wconf 91' lang='lat' dir='ltr'>re</span> <span class='ocrx_word' id='word_1_826' title='bbox 1693 1864 1779 1895; x_wconf 81' lang='lat' dir='ltr'>sacta</span> <span class='ocrx_word' id='word_1_827' title='bbox 1794 1864 1989 1896; x_wconf 85' lang='lat' dir='ltr'>faciendave</span> <span class='ocrx_word' id='word_1_828' title='bbox 2008 1867 2098 1896; x_wconf 86' lang='lat' dir='ltr'>recta</span> 
     </span>
     <span class='ocr_line' id='line_1_108' title="bbox 1079 1907 2097 1955; baseline 0.004 -15"><span class='ocrx_word' id='word_1_829' title='bbox 1079 1909 1228 1941; x_wconf 90' lang='lat' dir='ltr'>oratione</span> <span class='ocrx_word' id='word_1_830' title='bbox 1247 1911 1486 1950; x_wconf 78' lang='lat' dir='ltr'>significanda:</span> <span class='ocrx_word' id='word_1_831' title='bbox 1517 1907 1673 1944; x_wconf 75' lang='grc' dir='ltr'>ὁθούνεκ’</span> <span class='ocrx_word' id='word_1_832' title='bbox 1689 1908 1733 1942; x_wconf 74' lang='grc' dir='ltr'>-ἶν</span> <span class='ocrx_word' id='word_1_833' title='bbox 1751 1920 1804 1943; x_wconf 91' lang='grc' dir='ltr'>σοι</span> <span class='ocrx_word' id='word_1_834' title='bbox 1822 1907 1979 1955; x_wconf 83' lang='grc' dir='ltr'>Πόλυβος</span> <span class='ocrx_word' id='word_1_835' title='bbox 1997 1908 2097 1944; x_wconf 82' lang='grc' dir='ltr'>οὐδὲν</span> 
     </span>
     <span class='ocr_line' id='line_1_109' title="bbox 1080 1926 2100 2003; baseline 0.002 -14"><span class='ocrx_word' id='word_1_836' title='bbox 1080 1954 1115 1989; x_wconf 85' lang='grc' dir='ltr'>ἐν</span> <span class='ocrx_word' id='word_1_837' title='bbox 1140 1955 1229 2001; x_wconf 85' lang='grc' dir='ltr'>γένει</span> <span class='ocrx_word' id='word_1_838' title='bbox 1259 1957 1318 1989; x_wconf 85' lang='lat' dir='ltr'>OR</span> <span class='ocrx_word' id='word_1_839' title='bbox 1337 1953 1438 1989; x_wconf 88' lang='lat'><strong>1016.</strong></span> <span class='ocrx_word' id='word_1_840' title='bbox 1474 1955 1602 2003; x_wconf 89' lang='grc' dir='ltr'>πρατόν</span> <span class='ocrx_word' id='word_1_841' title='bbox 1627 1967 1677 1989; x_wconf 92' lang='grc' dir='ltr'>νιν</span> <span class='ocrx_word' id='word_1_842' title='bbox 1696 1926 1884 2003; x_wconf 77' lang='grc' dir='ltr'>έξέπεμψεν</span> <span class='ocrx_word' id='word_1_843' title='bbox 1899 1982 1907 1998; x_wconf 86' lang='grc'>,</span> <span class='ocrx_word' id='word_1_844' title='bbox 1943 1954 2100 1991; x_wconf 83' lang='grc' dir='ltr'>ὁθούνεκ’</span> 
     </span>
     <span class='ocr_line' id='line_1_110' title="bbox 1079 2001 2094 2063; baseline 0.004 -28"><span class='ocrx_word' id='word_1_845' title='bbox 1079 2001 1182 2036; x_wconf 76' lang='grc' dir='ltr'>αὐτὸν</span> <span class='ocrx_word' id='word_1_846' title='bbox 1230 2005 1355 2047; x_wconf 85' lang='grc' dir='ltr'>μοῦνον</span> <span class='ocrx_word' id='word_1_847' title='bbox 1399 2001 1491 2050; x_wconf 88' lang='grc' dir='ltr'>δόλῳ</span> <span class='ocrx_word' id='word_1_848' title='bbox 1537 2003 1676 2037; x_wconf 83' lang='grc' dir='ltr'>ἔκτανεν</span> <span class='ocrx_word' id='word_1_849' title='bbox 1726 2005 1782 2037; x_wconf 89' lang='lat' dir='ltr'>Tr.</span> <span class='ocrx_word' id='word_1_850' title='bbox 1811 2002 1892 2037; x_wconf 86' lang='lat'><strong>277.</strong></span> <span class='ocrx_word' id='word_1_851' title='bbox 1937 2002 2094 2063; x_wconf 56' lang='grc' dir='ltr'>ὁθούνεκ’</span> 
     </span>
     <span class='ocr_line' id='line_1_111' title="bbox 1079 2045 2098 2122; baseline 0.005 -40"><span class='ocrx_word' id='word_1_852' title='bbox 1079 2047 1226 2095; x_wconf 74' lang='grc' dir='ltr'>ὑστάτην</span> <span class='ocrx_word' id='word_1_853' title='bbox 1244 2045 1272 2083; x_wconf 77' lang='grc' dir='ltr'>σ’</span> <span class='ocrx_word' id='word_1_854' title='bbox 1291 2047 1415 2122; x_wconf 51' lang='lat' dir='ltr'>{nega-f</span> <span class='ocrx_word' id='word_1_855' title='bbox 1437 2049 1504 2097; x_wconf 85' lang='grc' dir='ltr'>ἐγώ</span> <span class='ocrx_word' id='word_1_856' title='bbox 1518 2048 1599 2083; x_wconf 88' lang='grc'><strong>571.</strong></span> <span class='ocrx_word' id='word_1_857' title='bbox 1629 2048 1779 2085; x_wconf 81' lang='grc' dir='ltr'>ἐποικτεί</span> <span class='ocrx_word' id='word_1_858' title='bbox 1802 2064 1831 2084; x_wconf 89' lang='grc' dir='ltr'>ω</span> <span class='ocrx_word' id='word_1_859' title='bbox 1850 2050 1887 2085; x_wconf 82' lang='grc' dir='ltr'>δέ</span> <span class='ocrx_word' id='word_1_860' title='bbox 1903 2062 1969 2091; x_wconf 86' lang='grc' dir='ltr'>νιν,</span> <span class='ocrx_word' id='word_1_861' title='bbox 1991 2049 2098 2087; x_wconf 86' lang='grc' dir='ltr'>ὁθου-</span> 
     </span>
     <span class='ocr_line' id='line_1_112' title="bbox 1077 2092 2094 2146; baseline 0.003 -16"><span class='ocrx_word' id='word_1_862' title='bbox 1077 2092 1143 2130; x_wconf 79' lang='grc' dir='ltr'>νεκ’</span> <span class='ocrx_word' id='word_1_863' title='bbox 1171 2095 1236 2144; x_wconf 77' lang='grc' dir='ltr'>ἄτῃ</span> <span class='ocrx_word' id='word_1_864' title='bbox 1256 2097 1542 2143; x_wconf 55' lang='grc' dir='ltr'>συγκατεζευκται</span> <span class='ocrx_word' id='word_1_865' title='bbox 1558 2097 1653 2144; x_wconf 74' lang='grc' dir='ltr'>κακῇ</span> <span class='ocrx_word' id='word_1_866' title='bbox 1675 2099 1731 2131; x_wconf 85' lang='lat' dir='ltr'>Ai.</span> <span class='ocrx_word' id='word_1_867' title='bbox 1756 2098 1771 2130; x_wconf 91' lang='lat'><strong>1</strong></span> <span class='ocrx_word' id='word_1_868' title='bbox 1800 2095 1833 2132; x_wconf 91' lang='lat'><strong>3.</strong></span> <span class='ocrx_word' id='word_1_869' title='bbox 1862 2097 1880 2138; x_wconf 76' lang='grc' dir='ltr'>ζ</span> <span class='ocrx_word' id='word_1_870' title='bbox 1906 2096 1988 2133; x_wconf 88' lang='grc' dir='ltr'>λοῦν</span> <span class='ocrx_word' id='word_1_871' title='bbox 2007 2098 2094 2146; x_wconf 82' lang='grc' dir='ltr'>ἔχω,</span> 
     </span>
     <span class='ocr_line' id='line_1_113' title="bbox 1080 2139 2098 2180; baseline 0.003 -3"><span class='ocrx_word' id='word_1_872' title='bbox 1080 2142 1232 2178; x_wconf 76' lang='grc' dir='ltr'>ὁθούνεκΊ</span> <span class='ocrx_word' id='word_1_873' title='bbox 1255 2143 1354 2179; x_wconf 74' lang='grc' dir='ltr'>οὐδὲν</span> <span class='ocrx_word' id='word_1_874' title='bbox 1371 2139 1471 2178; x_wconf 80' lang='grc' dir='ltr'>τῶνδ’</span> <span class='ocrx_word' id='word_1_875' title='bbox 1489 2143 1690 2180; x_wconf 82' lang='grc' dir='ltr'>έπαισθάνει</span> <span class='ocrx_word' id='word_1_876' title='bbox 1707 2150 1826 2179; x_wconf 85' lang='grc' dir='ltr'>κακῶν</span> <span class='ocrx_word' id='word_1_877' title='bbox 1840 2144 1884 2178; x_wconf 89' lang='grc'>55</span> <span class='ocrx_word' id='word_1_878' title='bbox 1914 2172 1920 2179; x_wconf 91' lang='grc'>.</span> <span class='ocrx_word' id='word_1_879' title='bbox 1939 2140 2098 2180; x_wconf 86' lang='grc' dir='ltr'>ὁθούνεκ’</span> 
     </span>
     <span class='ocr_line' id='line_1_114' title="bbox 1079 2187 2097 2239; baseline 0.003 -15"><span class='ocrx_word' id='word_1_880' title='bbox 1079 2189 1261 2237; x_wconf 75' lang='grc' dir='ltr'>ἐξεύρομεν</span> <span class='ocrx_word' id='word_1_881' title='bbox 1286 2191 1468 2239; x_wconf 76' lang='grc' dir='ltr'>ζητοῦντες</span> <span class='ocrx_word' id='word_1_882' title='bbox 1488 2190 1598 2239; x_wconf 85' lang='grc' dir='ltr'>ἐχθίω</span> <span class='ocrx_word' id='word_1_883' title='bbox 1625 2189 1770 2239; x_wconf 84' lang='grc' dir='ltr'>Φρυγῶν</span> <span class='ocrx_word' id='word_1_884' title='bbox 1799 2190 1900 2226; x_wconf 87' lang='grc'><strong>1052.</strong></span> <span class='ocrx_word' id='word_1_885' title='bbox 1938 2187 2097 2227; x_wconf 75' lang='grc' dir='ltr'>ὁθούνεκ’</span> 
     </span>
     <span class='ocr_line' id='line_1_115' title="bbox 1078 2237 2096 2286; baseline 0.002 -15"><span class='ocrx_word' id='word_1_886' title='bbox 1078 2237 1149 2283; x_wconf 74' lang='grc' dir='ltr'>εἰμὶ</span> <span class='ocrx_word' id='word_1_887' title='bbox 1171 2241 1245 2276; x_wconf 87' lang='grc' dir='ltr'>τοῖς</span> <span class='ocrx_word' id='word_1_888' title='bbox 1272 2241 1412 2286; x_wconf 84' lang='grc' dir='ltr'>φονεῦσι</span> <span class='ocrx_word' id='word_1_889' title='bbox 1430 2237 1616 2285; x_wconf 78' lang='grc' dir='ltr'>σύντροφος</span> <span class='ocrx_word' id='word_1_890' title='bbox 1644 2241 1695 2272; x_wconf 89' lang='grc' dir='ltr'>ΕΙ.</span> <span class='ocrx_word' id='word_1_891' title='bbox 1720 2237 1820 2272; x_wconf 93' lang='grc'><strong>1190.</strong></span> <span class='ocrx_word' id='word_1_892' title='bbox 1844 2258 1885 2264; x_wconf 88' lang='grc'>-</span> <span class='ocrx_word' id='word_1_893' title='bbox 1904 2240 1919 2283; x_wconf 84' lang='grc' dir='ltr'>ΙΙ</span> <span class='ocrx_word' id='word_1_894' title='bbox 1936 2241 2039 2274; x_wconf 90' lang='lat' dir='ltr'>Plane</span> <span class='ocrx_word' id='word_1_895' title='bbox 2057 2246 2096 2273; x_wconf 92' lang='lat' dir='ltr'>ut</span> 
     </span>
     <span class='ocr_line' id='line_1_116' title="bbox 1079 2284 2094 2328; baseline 0.002 -10"><span class='ocrx_word' id='word_1_896' title='bbox 1079 2285 1134 2322; x_wconf 84' lang='grc' dir='ltr'>ὡς</span> <span class='ocrx_word' id='word_1_897' title='bbox 1161 2290 1195 2317; x_wconf 90' lang='grc'>81</span> <span class='ocrx_word' id='word_1_898' title='bbox 1220 2284 1306 2327; x_wconf 79' lang='grc' dir='ltr'>ὅτι,</span> <span class='ocrx_word' id='word_1_899' title='bbox 1345 2296 1430 2328; x_wconf 86' lang='lat' dir='ltr'>quae</span> <span class='ocrx_word' id='word_1_900' title='bbox 1454 2287 1581 2318; x_wconf 91' lang='lat' dir='ltr'>sentias</span> <span class='ocrx_word' id='word_1_901' title='bbox 1607 2288 1740 2319; x_wconf 88' lang='lat' dir='ltr'>dicasve</span> <span class='ocrx_word' id='word_1_902' title='bbox 1763 2288 1989 2328; x_wconf 86' lang='lat' dir='ltr'>proponendis</span> <span class='ocrx_word' id='word_1_903' title='bbox 2014 2297 2094 2320; x_wconf 91' lang='lat' dir='ltr'>con-</span> 
     </span>
     <span class='ocr_line' id='line_1_117' title="bbox 1079 2333 2097 2374; baseline 0.003 -10"><span class='ocrx_word' id='word_1_904' title='bbox 1079 2333 1238 2364; x_wconf 89' lang='lat' dir='ltr'>stitutum</span> <span class='ocrx_word' id='word_1_905' title='bbox 1253 2339 1323 2374; x_wconf 89' lang='lat' dir='ltr'>est,</span> <span class='ocrx_word' id='word_1_906' title='bbox 1344 2343 1410 2374; x_wconf 87' lang='lat' dir='ltr'>qua</span> <span class='ocrx_word' id='word_1_907' title='bbox 1426 2335 1584 2365; x_wconf 86' lang='lat' dir='ltr'>orationis</span> <span class='ocrx_word' id='word_1_908' title='bbox 1602 2335 1706 2366; x_wconf 85' lang='lat' dir='ltr'>forma</span> <span class='ocrx_word' id='word_1_909' title='bbox 1722 2335 1823 2366; x_wconf 89' lang='lat' dir='ltr'>etiam</span> <span class='ocrx_word' id='word_1_910' title='bbox 1842 2336 2011 2367; x_wconf 82' lang='lat' dir='ltr'>infinitivo</span> <span class='ocrx_word' id='word_1_911' title='bbox 2027 2336 2097 2367; x_wconf 85' lang='lat' dir='ltr'>uti-</span> 
     </span>
     <span class='ocr_line' id='line_1_118' title="bbox 1079 2380 2096 2422; baseline 0.003 -11"><span class='ocrx_word' id='word_1_912' title='bbox 1079 2389 1164 2411; x_wconf 91' lang='lat' dir='ltr'>mur.</span> <span class='ocrx_word' id='word_1_913' title='bbox 1194 2380 1423 2412; x_wconf 81' lang='lat' dir='ltr'>Indicativum</span> <span class='ocrx_word' id='word_1_914' title='bbox 1438 2381 1611 2422; x_wconf 86' lang='lat' dir='ltr'>plerisque</span> <span class='ocrx_word' id='word_1_915' title='bbox 1635 2382 1716 2413; x_wconf 88' lang='lat' dir='ltr'>locis</span> <span class='ocrx_word' id='word_1_916' title='bbox 1742 2386 1780 2413; x_wconf 91' lang='lat' dir='ltr'>ut</span> <span class='ocrx_word' id='word_1_917' title='bbox 1805 2383 1841 2413; x_wconf 92' lang='lat' dir='ltr'>in</span> <span class='ocrx_word' id='word_1_918' title='bbox 1867 2391 1903 2413; x_wconf 89' lang='lat' dir='ltr'>re</span> <span class='ocrx_word' id='word_1_919' title='bbox 1921 2387 2011 2414; x_wconf 90' lang='lat' dir='ltr'>certa</span> <span class='ocrx_word' id='word_1_920' title='bbox 2034 2392 2096 2414; x_wconf 86' lang='lat' dir='ltr'>nec</span> 
     </span>
     <span class='ocr_line' id='line_1_119' title="bbox 1077 2422 2095 2472; baseline 0.004 -14"><span class='ocrx_word' id='word_1_921' title='bbox 1077 2427 1239 2468; x_wconf 90' lang='lat' dir='ltr'>opinabili</span> <span class='ocrx_word' id='word_1_922' title='bbox 1256 2428 1422 2459; x_wconf 88' lang='lat' dir='ltr'>adsciscit.</span> <span class='ocrx_word' id='word_1_923' title='bbox 1452 2425 1518 2460; x_wconf 82' lang='grc' dir='ltr'>οἷδ’</span> <span class='ocrx_word' id='word_1_924' title='bbox 1535 2425 1658 2462; x_wconf 88' lang='grc' dir='ltr'>ὁθούνε</span> <span class='ocrx_word' id='word_1_925' title='bbox 1683 2422 1691 2435; x_wconf 81' lang='lat'><em>&#39;</em></span> <span class='ocrx_word' id='word_1_926' title='bbox 1709 2425 1815 2467; x_wconf 78' lang='grc' dir='ltr'>ἵξεται</span> <span class='ocrx_word' id='word_1_927' title='bbox 1832 2429 1893 2461; x_wconf 88' lang='grc' dir='ltr'><strong>Ρ11.</strong></span> <span class='ocrx_word' id='word_1_928' title='bbox 1915 2426 1996 2461; x_wconf 88' lang='grc'><strong>634.</strong></span> <span class='ocrx_word' id='word_1_929' title='bbox 2017 2427 2095 2472; x_wconf 83' lang='grc' dir='ltr'>(λέ-</span> 
     </span>
     <span class='ocr_line' id='line_1_120' title="bbox 1078 2439 2095 2521; baseline 0.002 -15"><span class='ocrx_word' id='word_1_930' title='bbox 1078 2484 1150 2518; x_wconf 86' lang='grc' dir='ltr'>γοις</span> <span class='ocrx_word' id='word_1_931' title='bbox 1168 2471 1236 2517; x_wconf 82' lang='grc' dir='ltr'>ἄν),</span> <span class='ocrx_word' id='word_1_932' title='bbox 1271 2472 1438 2515; x_wconf 81' lang='grc' dir='ltr'>ὁθούνεκ’,</span> <span class='ocrx_word' id='word_1_933' title='bbox 1467 2473 1497 2507; x_wconf 75' lang='grc' dir='ltr'>εἰ</span> <span class='ocrx_word' id='word_1_934' title='bbox 1517 2473 1565 2520; x_wconf 85' lang='grc' dir='ltr'>μὴ</span> <span class='ocrx_word' id='word_1_935' title='bbox 1586 2474 1638 2508; x_wconf 88' lang='grc' dir='ltr'>σοὶ</span> <span class='ocrx_word' id='word_1_936' title='bbox 1660 2439 1823 2521; x_wconf 54' lang='grc' dir='ltr'>ξυνῆλθε,</span> <span class='ocrx_word' id='word_1_937' title='bbox 1847 2475 1908 2513; x_wconf 84' lang='grc' dir='ltr'>τὰς</span> <span class='ocrx_word' id='word_1_938' title='bbox 1927 2474 2012 2520; x_wconf 80' lang='grc' dir='ltr'>ἐμὰς</span> <span class='ocrx_word' id='word_1_939' title='bbox 2030 2474 2095 2509; x_wconf 85' lang='grc' dir='ltr'>ούκ</span> 
     </span>
     <span class='ocr_line' id='line_1_121' title="bbox 1078 2515 2089 2579; baseline 0.002 -25"><span class='ocrx_word' id='word_1_940' title='bbox 1078 2518 1120 2554; x_wconf 86' lang='grc' dir='ltr'>σ’ίν</span> <span class='ocrx_word' id='word_1_941' title='bbox 1137 2515 1211 2554; x_wconf 81' lang='grc' dir='ltr'>ποτ’</span> <span class='ocrx_word' id='word_1_942' title='bbox 1229 2518 1303 2554; x_wconf 84' lang='grc' dir='ltr'>εἶπε</span> <span class='ocrx_word' id='word_1_943' title='bbox 1321 2517 1429 2554; x_wconf 83' lang='grc' dir='ltr'>Λαΐου</span> <span class='ocrx_word' id='word_1_944' title='bbox 1456 2519 1646 2579; x_wconf 42' lang='grc' dir='ltr'>διαφθοράς</span> <span class='ocrx_word' id='word_1_945' title='bbox 1674 2522 1732 2554; x_wconf 85' lang='lat' dir='ltr'>OR</span> <span class='ocrx_word' id='word_1_946' title='bbox 1748 2519 1828 2554; x_wconf 90' lang='grc'><strong>572.</strong></span> <span class='ocrx_word' id='word_1_947' title='bbox 1857 2523 1980 2568; x_wconf 83' lang='grc' dir='ltr'>γνώσει</span> <span class='ocrx_word' id='word_1_948' title='bbox 1996 2521 2089 2563; x_wconf 84' lang='grc' dir='ltr'>τάδε,</span> 
     </span>
     <span class='ocr_line' id='line_1_122' title="bbox 1078 2561 2095 2616; baseline 0.002 -16"><span class='ocrx_word' id='word_1_949' title='bbox 1078 2561 1234 2601; x_wconf 79' lang='grc' dir='ltr'>ὁθούνεκ’</span> <span class='ocrx_word' id='word_1_950' title='bbox 1252 2566 1353 2605; x_wconf 82' lang='grc' dir='ltr'>αὐτὸς</span> <span class='ocrx_word' id='word_1_951' title='bbox 1373 2566 1474 2601; x_wconf 79' lang='grc' dir='ltr'>αὑτὸν</span> <span class='ocrx_word' id='word_1_952' title='bbox 1494 2579 1571 2602; x_wconf 90' lang='grc' dir='ltr'>ουτε</span> <span class='ocrx_word' id='word_1_953' title='bbox 1595 2571 1654 2602; x_wconf 85' lang='grc' dir='ltr'>νῦν</span> <span class='ocrx_word' id='word_1_954' title='bbox 1671 2567 1764 2603; x_wconf 86' lang='grc' dir='ltr'>καλὰ</span> <span class='ocrx_word' id='word_1_955' title='bbox 1787 2567 1878 2615; x_wconf 80' lang='grc' dir='ltr'>δρᾷς,</span> <span class='ocrx_word' id='word_1_956' title='bbox 1909 2566 1988 2603; x_wconf 73' lang='grc' dir='ltr'>οὔτε</span> <span class='ocrx_word' id='word_1_957' title='bbox 2006 2568 2095 2616; x_wconf 88' lang='grc' dir='ltr'>πρό-</span> 
     </span>
     <span class='ocr_line' id='line_1_123' title="bbox 1079 2612 2092 2661; baseline 0.004 -15"><span class='ocrx_word' id='word_1_958' title='bbox 1079 2612 1159 2648; x_wconf 86' lang='grc' dir='ltr'>σθεν</span> <span class='ocrx_word' id='word_1_959' title='bbox 1184 2613 1338 2661; x_wconf 78' lang='grc' dir='ltr'>εἴργασαι</span> <span class='ocrx_word' id='word_1_960' title='bbox 1364 2615 1418 2647; x_wconf 81' lang='lat' dir='ltr'>OG</span> <span class='ocrx_word' id='word_1_961' title='bbox 1436 2613 1517 2648; x_wconf 88' lang='grc'><strong>853.</strong></span> <span class='ocrx_word' id='word_1_962' title='bbox 1556 2614 1778 2657; x_wconf 83' lang='grc' dir='ltr'>ἐκλανθάνει,</span> <span class='ocrx_word' id='word_1_963' title='bbox 1809 2614 1964 2650; x_wconf 83' lang='grc' dir='ltr'>ὁθούνεκ’</span> <span class='ocrx_word' id='word_1_964' title='bbox 1987 2614 2018 2649; x_wconf 75' lang='grc' dir='ltr'>εἴ</span> <span class='ocrx_word' id='word_1_965' title='bbox 2041 2627 2092 2654; x_wconf 86' lang='grc' dir='ltr'>τις</span> 
     </span>
     <span class='ocr_line' id='line_1_124' title="bbox 1077 2659 2094 2710; baseline 0.003 -16"><span class='ocrx_word' id='word_1_966' title='bbox 1077 2664 1121 2706; x_wconf 88' lang='grc' dir='ltr'>γῆ</span> <span class='ocrx_word' id='word_1_967' title='bbox 1157 2659 1258 2699; x_wconf 81' lang='grc' dir='ltr'>θεοὺς</span> <span class='ocrx_word' id='word_1_968' title='bbox 1284 2660 1461 2695; x_wconf 84' lang='grc' dir='ltr'>ἐπίσταται</span> <span class='ocrx_word' id='word_1_969' title='bbox 1485 2661 1648 2707; x_wconf 77' lang='grc' dir='ltr'>σεβίζειν,</span> <span class='ocrx_word' id='word_1_970' title='bbox 1677 2661 1701 2708; x_wconf 84' lang='grc' dir='ltr'>ἡ</span> <span class='ocrx_word' id='word_1_971' title='bbox 1728 2661 1766 2696; x_wconf 88' lang='grc' dir='ltr'>δὲ</span> <span class='ocrx_word' id='word_1_972' title='bbox 1789 2661 1885 2697; x_wconf 83' lang='grc' dir='ltr'>τοῦθ’</span> <span class='ocrx_word' id='word_1_973' title='bbox 1910 2661 2094 2710; x_wconf 78' lang='grc' dir='ltr'>ὑπερφέρει</span> 
     </span>
     <span class='ocr_line' id='line_1_125' title="bbox 1080 2705 2092 2757; baseline 0.003 -17"><span class='ocrx_word' id='word_1_974' title='bbox 1080 2705 1181 2741; x_wconf 87' lang='grc'><strong>1006.</strong></span> <span class='ocrx_word' id='word_1_975' title='bbox 1211 2707 1251 2742; x_wconf 85' lang='grc' dir='ltr'>ού</span> <span class='ocrx_word' id='word_1_976' title='bbox 1275 2706 1429 2743; x_wconf 85' lang='grc' dir='ltr'>κάτοισθ’</span> <span class='ocrx_word' id='word_1_977' title='bbox 1464 2707 1633 2743; x_wconf 83' lang='grc' dir='ltr'>ὁθούνεκα</span> <span class='ocrx_word' id='word_1_978' title='bbox 1658 2707 1856 2757; x_wconf 81' lang='grc' dir='ltr'>Ευνηγορεῖς</span> <span class='ocrx_word' id='word_1_979' title='bbox 1885 2715 2014 2757; x_wconf 91' lang='grc' dir='ltr'>σιγῶσα</span> <span class='ocrx_word' id='word_1_980' title='bbox 2040 2709 2092 2755; x_wconf 87' lang='grc' dir='ltr'>τῷ</span> 
     </span>
     <span class='ocr_line' id='line_1_126' title="bbox 1076 2753 2092 2803; baseline 0.001 -14"><span class='ocrx_word' id='word_1_981' title='bbox 1076 2755 1281 2802; x_wconf 82' lang='grc' dir='ltr'>κατηγόρῳ;</span> <span class='ocrx_word' id='word_1_982' title='bbox 1319 2756 1374 2787; x_wconf 87' lang='lat' dir='ltr'>Tr.</span> <span class='ocrx_word' id='word_1_983' title='bbox 1402 2753 1482 2788; x_wconf 90' lang='lat'><strong>813.</strong></span> <span class='ocrx_word' id='word_1_984' title='bbox 1518 2754 1664 2802; x_wconf 79' lang='grc' dir='ltr'>ἄγγελλε</span> <span class='ocrx_word' id='word_1_985' title='bbox 1706 2753 1732 2790; x_wconf 85' lang='grc' dir='ltr'>δ’</span> <span class='ocrx_word' id='word_1_986' title='bbox 1768 2756 1863 2803; x_wconf 79' lang='grc' dir='ltr'>ὅρκῳ</span> <span class='ocrx_word' id='word_1_987' title='bbox 1897 2754 2092 2803; x_wconf 82' lang='grc' dir='ltr'>προστιθεὶς</span> 
     </span>
     <span class='ocr_line' id='line_1_127' title="bbox 1078 2796 2093 2848; baseline 0.002 -12"><span class='ocrx_word' id='word_1_988' title='bbox 1078 2800 1250 2836; x_wconf 87' lang='grc' dir='ltr'>ὁθούνεκα</span> <span class='ocrx_word' id='word_1_989' title='bbox 1264 2796 1406 2847; x_wconf 76' lang='grc' dir='ltr'>τέθνηκ’</span> <span class='ocrx_word' id='word_1_990' title='bbox 1423 2797 1586 2848; x_wconf 83' lang='grc' dir='ltr'>Ὀρέστης</span> <span class='ocrx_word' id='word_1_991' title='bbox 1604 2804 1657 2835; x_wconf 91' lang='grc' dir='ltr'>ΕΙ.</span> <span class='ocrx_word' id='word_1_992' title='bbox 1670 2801 1727 2835; x_wconf 88' lang='grc'>47.</span> <span class='ocrx_word' id='word_1_993' title='bbox 1757 2801 1923 2848; x_wconf 83' lang='grc' dir='ltr'>μανθάνω</span> <span class='ocrx_word' id='word_1_994' title='bbox 1941 2802 1968 2837; x_wconf 88' lang='grc' dir='ltr'>δ’</span> <span class='ocrx_word' id='word_1_995' title='bbox 1985 2802 2093 2838; x_wconf 84' lang='grc' dir='ltr'>ὁθού-</span> 
     </span>
     <span class='ocr_line' id='line_1_128' title="bbox 1076 2847 2086 2895; baseline -0.001 -12"><span class='ocrx_word' id='word_1_996' title='bbox 1076 2860 1160 2883; x_wconf 89' lang='grc' dir='ltr'>νεκα</span> <span class='ocrx_word' id='word_1_997' title='bbox 1189 2847 1299 2894; x_wconf 81' lang='grc' dir='ltr'>ἔξωρα</span> <span class='ocrx_word' id='word_1_998' title='bbox 1328 2849 1470 2895; x_wconf 83' lang='grc' dir='ltr'>πράσσω</span> <span class='ocrx_word' id='word_1_999' title='bbox 1499 2847 1579 2882; x_wconf 86' lang='grc'><strong>617.</strong></span> <span class='ocrx_word' id='word_1_1000' title='bbox 1626 2850 1835 2883; x_wconf 88' lang='lat' dir='ltr'>Subauditur</span> <span class='ocrx_word' id='word_1_1001' title='bbox 1862 2852 2086 2883; x_wconf 88' lang='lat' dir='ltr'>indicativus:</span> 
     </span>
     <span class='ocr_line' id='line_1_129' title="bbox 1077 2891 2085 2944; baseline 0 -15"><span class='ocrx_word' id='word_1_1002' title='bbox 1077 2894 1213 2939; x_wconf 86' lang='grc' dir='ltr'>κλύων,</span> <span class='ocrx_word' id='word_1_1003' title='bbox 1242 2891 1399 2929; x_wconf 83' lang='grc' dir='ltr'>ὁθούνεκ’</span> <span class='ocrx_word' id='word_1_1004' title='bbox 1427 2893 1594 2942; x_wconf 81' lang='grc' dir='ltr'>Αἴγισθος</span> <span class='ocrx_word' id='word_1_1005' title='bbox 1619 2896 1681 2942; x_wconf 87' lang='grc' dir='ltr'>μὲν</span> <span class='ocrx_word' id='word_1_1006' title='bbox 1708 2895 1747 2931; x_wconf 87' lang='grc' dir='ltr'>ού</span> <span class='ocrx_word' id='word_1_1007' title='bbox 1772 2895 1861 2931; x_wconf 87' lang='grc' dir='ltr'>κατὰ</span> <span class='ocrx_word' id='word_1_1008' title='bbox 1884 2897 2003 2944; x_wconf 85' lang='grc' dir='ltr'>στέγας</span> <span class='ocrx_word' id='word_1_1009' title='bbox 2030 2898 2085 2930; x_wconf 88' lang='grc' dir='ltr'>ΕΙ.</span> 
     </span>
     <span class='ocr_line' id='line_1_130' title="bbox 1080 2941 2091 2986; baseline 0.001 -11"><span class='ocrx_word' id='word_1_1010' title='bbox 1080 2941 1180 2976; x_wconf 89' lang='lat'><strong>1308.</strong></span> <span class='ocrx_word' id='word_1_1011' title='bbox 1217 2944 1282 2976; x_wconf 83' lang='lat' dir='ltr'>Sed</span> <span class='ocrx_word' id='word_1_1012' title='bbox 1300 2945 1469 2984; x_wconf 78' lang='lat' dir='ltr'>optativus</span> <span class='ocrx_word' id='word_1_1013' title='bbox 1486 2946 1653 2985; x_wconf 86' lang='lat' dir='ltr'>sequitur,</span> <span class='ocrx_word' id='word_1_1014' title='bbox 1682 2954 1758 2976; x_wconf 91' lang='lat' dir='ltr'>cum</span> <span class='ocrx_word' id='word_1_1015' title='bbox 1776 2954 1828 2976; x_wconf 89' lang='lat' dir='ltr'>res</span> <span class='ocrx_word' id='word_1_1016' title='bbox 1846 2954 1912 2977; x_wconf 90' lang='lat' dir='ltr'>non</span> <span class='ocrx_word' id='word_1_1017' title='bbox 1930 2950 2091 2986; x_wconf 87' lang='lat' dir='ltr'>tanquam</span> 
     </span>
     <span class='ocr_line' id='line_1_131' title="bbox 1078 2991 2091 3032; baseline 0.001 -10"><span class='ocrx_word' id='word_1_1018' title='bbox 1078 2991 1175 3031; x_wconf 84' lang='lat' dir='ltr'>facta,</span> <span class='ocrx_word' id='word_1_1019' title='bbox 1209 2991 1267 3022; x_wconf 90' lang='lat' dir='ltr'>sed</span> <span class='ocrx_word' id='word_1_1020' title='bbox 1294 2999 1337 3021; x_wconf 85' lang='lat' dir='ltr'>ex</span> <span class='ocrx_word' id='word_1_1021' title='bbox 1363 2991 1543 3031; x_wconf 89' lang='lat' dir='ltr'>loquentis,</span> <span class='ocrx_word' id='word_1_1022' title='bbox 1574 2992 1683 3032; x_wconf 88' lang='lat' dir='ltr'>qualis</span> <span class='ocrx_word' id='word_1_1023' title='bbox 1707 2992 1774 3032; x_wconf 92' lang='lat' dir='ltr'>ipsi</span> <span class='ocrx_word' id='word_1_1024' title='bbox 1792 2992 1956 3032; x_wconf 86' lang='lat' dir='ltr'>videatur,</span> <span class='ocrx_word' id='word_1_1025' title='bbox 1978 2995 2091 3023; x_wconf 90' lang='lat' dir='ltr'>mente</span> 
     </span>
     <span class='ocr_line' id='line_1_132' title="bbox 1076 3034 2092 3080; baseline 0.002 -12"><span class='ocrx_word' id='word_1_1026' title='bbox 1076 3038 1293 3078; x_wconf 90' lang='lat' dir='ltr'>proponitur;</span> <span class='ocrx_word' id='word_1_1027' title='bbox 1316 3046 1379 3068; x_wconf 90' lang='lat' dir='ltr'>nec</span> <span class='ocrx_word' id='word_1_1028' title='bbox 1395 3042 1508 3069; x_wconf 87' lang='lat' dir='ltr'>tamen</span> <span class='ocrx_word' id='word_1_1029' title='bbox 1533 3038 1601 3069; x_wconf 90' lang='lat' dir='ltr'>nisi</span> <span class='ocrx_word' id='word_1_1030' title='bbox 1619 3039 1806 3078; x_wconf 88' lang='lat' dir='ltr'>sententia,</span> <span class='ocrx_word' id='word_1_1031' title='bbox 1835 3034 1925 3070; x_wconf 86' lang='lat' dir='ltr'>unde</span> <span class='ocrx_word' id='word_1_1032' title='bbox 1942 3048 2092 3080; x_wconf 86' lang='lat' dir='ltr'>suspen-</span> 
     </span>
     <span class='ocr_line' id='line_1_133' title="bbox 1077 3077 2089 3130; baseline 0.003 -15"><span class='ocrx_word' id='word_1_1033' title='bbox 1077 3085 1169 3116; x_wconf 89' lang='lat' dir='ltr'>ditur</span> <span class='ocrx_word' id='word_1_1034' title='bbox 1186 3084 1381 3116; x_wconf 82' lang='lat' dir='ltr'>secundaria</span> <span class='ocrx_word' id='word_1_1035' title='bbox 1397 3085 1513 3125; x_wconf 87' lang='lat' dir='ltr'>altera,</span> <span class='ocrx_word' id='word_1_1036' title='bbox 1530 3086 1750 3125; x_wconf 89' lang='lat' dir='ltr'>praeteritum</span> <span class='ocrx_word' id='word_1_1037' title='bbox 1763 3086 1858 3117; x_wconf 82' lang='lat' dir='ltr'>verbi</span> <span class='ocrx_word' id='word_1_1038' title='bbox 1874 3086 1990 3117; x_wconf 86' lang='lat' dir='ltr'>habet:</span> <span class='ocrx_word' id='word_1_1039' title='bbox 2030 3077 2089 3130; x_wconf 78' lang='grc' dir='ltr'>”δη</span> 
     </span>
     <span class='ocr_line' id='line_1_134' title="bbox 1078 3097 2092 3178; baseline 0.001 -15"><span class='ocrx_word' id='word_1_1040' title='bbox 1078 3128 1106 3163; x_wconf 85' lang='grc' dir='ltr'>δ’</span> <span class='ocrx_word' id='word_1_1041' title='bbox 1131 3124 1287 3164; x_wconf 77' lang='grc' dir='ltr'>ὁθούνεκ’</span> <span class='ocrx_word' id='word_1_1042' title='bbox 1314 3128 1421 3177; x_wconf 83' lang='grc' dir='ltr'>ἄνδρα</span> <span class='ocrx_word' id='word_1_1043' title='bbox 1443 3129 1504 3164; x_wconf 87' lang='grc' dir='ltr'>καὶ</span> <span class='ocrx_word' id='word_1_1044' title='bbox 1527 3130 1759 3177; x_wconf 88' lang='grc' dir='ltr'>πατροκτόνον</span> <span class='ocrx_word' id='word_1_1045' title='bbox 1784 3129 1952 3178; x_wconf 82' lang='grc' dir='ltr'>κᾶναγνον</span> <span class='ocrx_word' id='word_1_1046' title='bbox 1978 3097 2092 3166; x_wconf 59' lang='grc' dir='ltr'>ούῃδε-</span> 
     </span>
     <span class='ocr_line' id='line_1_135' title="bbox 1077 3174 2090 3222; baseline 0.001 -11"><span class='ocrx_word' id='word_1_1047' title='bbox 1077 3174 1190 3216; x_wconf 64' lang='lat' dir='ltr'>ficiato</span> <span class='ocrx_word' id='word_1_1048' title='bbox 1207 3177 1263 3209; x_wconf 89' lang='lat' dir='ltr'>OC</span> <span class='ocrx_word' id='word_1_1049' title='bbox 1280 3174 1361 3209; x_wconf 84' lang='lat'><strong>944.</strong></span> <span class='ocrx_word' id='word_1_1050' title='bbox 1821 3176 1871 3222; x_wconf 86' lang='lat'>(11</span> <span class='ocrx_word' id='word_1_1051' title='bbox 1888 3176 2014 3220; x_wconf 89' lang='lat' dir='ltr'><strong>p.282,</strong></span> <span class='ocrx_word' id='word_1_1052' title='bbox 2034 3177 2090 3222; x_wconf 86' lang='lat'>2.)</span> 
     </span>
    </p>
   </div>
   <div class='ocr_carea' id='block_1_20' title="bbox 1075 3243 2091 3482">
    <p class='ocr_par' dir='ltr' id='par_1_25' title="bbox 1075 3243 2091 3482">
     <span class='ocr_line' id='line_1_136' title="bbox 1139 3243 2091 3289; baseline 0 -9"><span class='ocrx_word' id='word_1_1053' title='bbox 1139 3243 1191 3282; x_wconf 79' lang='grc' dir='ltr'>Οἵ</span> <span class='ocrx_word' id='word_1_1054' title='bbox 1209 3247 1399 3280; x_wconf 89' lang='lat' dir='ltr'>interiectio</span> <span class='ocrx_word' id='word_1_1055' title='bbox 1415 3248 1628 3288; x_wconf 81' lang='lat' dir='ltr'>significandi</span> <span class='ocrx_word' id='word_1_1056' title='bbox 1644 3247 1766 3280; x_wconf 74' lang='lat' dir='ltr'>doloris</span> <span class='ocrx_word' id='word_1_1057' title='bbox 1782 3249 2010 3289; x_wconf 89' lang='lat' dir='ltr'>potissimum,</span> <span class='ocrx_word' id='word_1_1058' title='bbox 2031 3249 2091 3280; x_wconf 90' lang='lat' dir='ltr'>sed</span> 
     </span>
     <span class='ocr_line' id='line_1_137' title="bbox 1076 3294 2087 3336; baseline 0.002 -11"><span class='ocrx_word' id='word_1_1059' title='bbox 1076 3294 1256 3336; x_wconf 90' lang='lat' dir='ltr'>aliquando</span> <span class='ocrx_word' id='word_1_1060' title='bbox 1268 3295 1370 3326; x_wconf 89' lang='lat' dir='ltr'>etiam</span> <span class='ocrx_word' id='word_1_1061' title='bbox 1383 3295 1670 3334; x_wconf 83' lang='lat' dir='ltr'>indignabundam</span> <span class='ocrx_word' id='word_1_1062' title='bbox 1680 3296 1956 3327; x_wconf 77' lang='lat' dir='ltr'>exclamationem</span> <span class='ocrx_word' id='word_1_1063' title='bbox 1969 3296 2087 3336; x_wconf 84' lang='lat' dir='ltr'>efficit,</span> 
     </span>
     <span class='ocr_line' id='line_1_138' title="bbox 1075 3340 2091 3382; baseline 0.001 -10"><span class='ocrx_word' id='word_1_1064' title='bbox 1075 3350 1136 3382; x_wconf 91' lang='lat' dir='ltr'>per</span> <span class='ocrx_word' id='word_1_1065' title='bbox 1151 3351 1251 3382; x_wconf 91' lang='lat' dir='ltr'>quam</span> <span class='ocrx_word' id='word_1_1066' title='bbox 1268 3342 1381 3373; x_wconf 91' lang='lat' dir='ltr'>addito</span> <span class='ocrx_word' id='word_1_1067' title='bbox 1398 3340 1445 3378; x_wconf 80' lang='grc' dir='ltr'>ὡς</span> <span class='ocrx_word' id='word_1_1068' title='bbox 1462 3351 1561 3373; x_wconf 88' lang='lat' dir='ltr'>causa</span> <span class='ocrx_word' id='word_1_1069' title='bbox 1578 3342 1699 3373; x_wconf 90' lang='lat' dir='ltr'>doloris</span> <span class='ocrx_word' id='word_1_1070' title='bbox 1715 3343 1890 3374; x_wconf 84' lang='lat' dir='ltr'>inferatur.</span> <span class='ocrx_word' id='word_1_1071' title='bbox 1919 3342 2024 3375; x_wconf 83' lang='lat' dir='ltr'>Cuius</span> <span class='ocrx_word' id='word_1_1072' title='bbox 2041 3342 2091 3374; x_wconf 88' lang='lat' dir='ltr'>rei</span> 
     </span>
     <span class='ocr_line' id='line_1_139' title="bbox 1075 3387 2090 3430; baseline 0.001 -11"><span class='ocrx_word' id='word_1_1073' title='bbox 1075 3397 1128 3428; x_wconf 89' lang='lat' dir='ltr'>ap.</span> <span class='ocrx_word' id='word_1_1074' title='bbox 1142 3388 1283 3420; x_wconf 90' lang='lat' dir='ltr'>comicos</span> <span class='ocrx_word' id='word_1_1075' title='bbox 1300 3389 1485 3420; x_wconf 87' lang='lat' dir='ltr'>usitatioris</span> <span class='ocrx_word' id='word_1_1076' title='bbox 1502 3399 1555 3430; x_wconf 90' lang='lat' dir='ltr'>ap.</span> <span class='ocrx_word' id='word_1_1077' title='bbox 1575 3387 1676 3430; x_wconf 88' lang='lat' dir='ltr'>Soph.</span> <span class='ocrx_word' id='word_1_1078' title='bbox 1696 3399 1803 3421; x_wconf 89' lang='lat' dir='ltr'>unum</span> <span class='ocrx_word' id='word_1_1079' title='bbox 1820 3390 2014 3430; x_wconf 84' lang='lat' dir='ltr'>exemplum</span> <span class='ocrx_word' id='word_1_1080' title='bbox 2027 3398 2090 3421; x_wconf 79' lang='lat' dir='ltr'>ex-</span> 
     </span>
     <span class='ocr_line' id='line_1_140' title="bbox 1076 3431 2087 3482; baseline 0.002 -16"><span class='ocrx_word' id='word_1_1081' title='bbox 1076 3438 1152 3476; x_wconf 87' lang='lat' dir='ltr'>stat,</span> <span class='ocrx_word' id='word_1_1082' title='bbox 1168 3431 1239 3479; x_wconf 81' lang='grc' dir='ltr'>οἴμ’</span> <span class='ocrx_word' id='word_1_1083' title='bbox 1254 3434 1301 3473; x_wconf 81' lang='grc' dir='ltr'>ὡς</span> <span class='ocrx_word' id='word_1_1084' title='bbox 1310 3432 1454 3479; x_wconf 85' lang='grc' dir='ltr'>λάλημα</span> <span class='ocrx_word' id='word_1_1085' title='bbox 1467 3433 1573 3482; x_wconf 86' lang='grc' dir='ltr'>δῆλον</span> <span class='ocrx_word' id='word_1_1086' title='bbox 1584 3432 1778 3482; x_wconf 71' lang='grc' dir='ltr'>ἐκπεφυκὸς</span> <span class='ocrx_word' id='word_1_1087' title='bbox 1791 3432 1822 3470; x_wconf 79' lang='grc' dir='ltr'>εἶ</span> <span class='ocrx_word' id='word_1_1088' title='bbox 1829 3437 1912 3469; x_wconf 84' lang='grc' dir='ltr'><strong>Α111.</strong></span> <span class='ocrx_word' id='word_1_1089' title='bbox 1923 3432 2003 3468; x_wconf 89' lang='lat'><strong>320.</strong></span> <span class='ocrx_word' id='word_1_1090' title='bbox 2016 3435 2087 3476; x_wconf 84' lang='lat' dir='ltr'>ohe,</span> 
     </span>
    </p>
   </div>
   <div class='ocr_carea' id='block_1_21' title="bbox 1767 3491 1812 3527">
    <p class='ocr_par' dir='ltr' id='par_1_26' title="bbox 1767 3491 1812 3527">
     <span class='ocr_line' id='line_1_141' title="bbox 1767 3491 1812 3527; baseline -0.022 0"><span class='ocrx_word' id='word_1_1091' title='bbox 1767 3491 1812 3527; x_wconf 87' lang='lat'>33</span> 
     </span>
    </p>
   </div>
  </div>
 </body>
</html>
