2288 3600
322 144 421 192 626
853 140 856 144 ¹
1129 144 1349 210 Πέτρινος

391 257 611 306 Πέτρῖνος
630 269 758 293 saxeae.
799 257 895 294 οἶκον
923 259 986 306 μὲν
1013 258 1094 306 ὁρᾷς
1118 255 1207 294 τόνδ’
1233 258 1343 307 ἀμφί-

321 304 427 352 θυρον
445 305 604 352 πετρίνης.
620 305 740 353 κοίτης
757 307 818 339 Ph.
844 305 910 340 160
927 317 981 340 an.
1003 312 1150 340 antrum.

393 363 559 411 Πέτρος
585 376 712 398 saxum.
744 367 912 405 Legitima
937 367 1090 398 vocabuli
1115 368 1166 399 vis
1189 368 1248 398 illa
1272 370 1339 407 est,

322 418 361 445 ut
388 414 532 454 lapidem
557 415 711 454 quemvis
736 415 894 445 maiorem
910 414 1090 454 significet.
1129 412 1164 447 ἐν
1189 412 1343 459 πέτροισι

321 460 444 507 πέτρον
471 458 637 507 ἐκτρίβων
671 461 733 492 Ph.
754 457 835 492 296.
866 461 907 492 de
932 462 1012 501 igne
1037 462 1141 493 silicis
1168 462 1264 492 venis
1282 463 1342 493 ab-

323 513 435 540 struso
459 508 678 548 excudendo,
712 511 751 540 ut
775 508 866 539 dixit
893 508 985 548 Virg.
1016 508 1135 548 Georg.
1160 506 1190 548 1,
1216 505 1293 540 135.
1324 518 1343 539 a

325 557 454 587 Wakel'.
483 559 707 596 comparatus.
743 553 782 588 τὸ
808 552 998 601 λευσθῆναι
1022 554 1157 602 πέτροις
1183 555 1239 588 OC
1256 552 1337 588 435.

321 602 368 640 ὡς
394 600 457 636 οὐκ
483 600 623 647 ἀρκέσοι
647 601 686 635 τὸ
713 600 762 647 μὴ
789 599 828 636 ού
855 600 1009 647 πέτροισι
1032 604 1099 640 πᾶς
1116 600 1342 641 καταξανθεὶς

321 648 438 683 θανεῖν
464 651 519 681 Ai.
542 647 622 681 728.
654 649 722 681 Sed
738 650 961 681 confunditur
978 660 1056 682 cum
1074 648 1193 696 πέτρα.
1230 651 1344 682 Dubia

321 698 458 738 quidem
484 698 657 729 sententia
682 701 716 728 et
741 698 837 738 quasi
864 698 1105 729 intermedium
1122 698 1271 739 positum
1291 701 1343 729 est

320 742 380 778 καὶ
427 742 468 791 ἀρ
494 741 534 777 ἂν
551 742 678 789 πέτρου
698 741 797 789 φύσιν
825 741 864 777 σύ
882 739 907 790 γ’
930 742 1107 790 ὀργάνειας
1125 745 1183 777 OR
1197 742 1277 776 334.
1307 755 1339 776 V.

323 791 483 838 ὀργαινω.
518 792 583 824 Sed
603 792 743 823 certiora
758 792 851 826 haec.
898 788 936 824 οὗ
961 790 1061 825 κῶλα
1083 790 1224 838 κάμψον
1251 786 1339 825 τοῦδ’

323 837 374 872 ἐπ’
395 836 537 877 ἀξέστου
563 836 689 884 πέτρου
713 839 768 871 OC
790 836 844 870 19.
866 837 977 885 πάγου
997 841 1097 871 scribi
1115 839 1217 871 schol.
1238 840 1343 871 adno-

322 891 391 926 tat,
420 887 510 927 quod
535 887 721 918 absurdum
743 890 826 927 puto
851 896 927 917 cum
952 887 1121 927 Reisigio,
1151 896 1343 928 quanquam

323 938 427 973 negat
443 934 672 965 Hermannus.
701 935 762 967 τοῦ
779 945 816 966 τε
834 930 996 978 Θορικίου
1014 932 1141 979 πέτρου
1162 930 1263 965 1595.
1285 930 1344 966 εὕ-

322 974 412 1015 δοντ’
438 977 490 1014 ἐπ’
514 979 624 1024 ἀκτῆς
651 979 686 1014 έν
709 983 902 1027 κατηρεφεῖ
927 979 1042 1027 πέτρῳ
1066 981 1128 1013 Ph.
1149 978 1230 1013 272.
1257 981 1343 1022 quod

322 1032 459 1060 antrum
477 1031 529 1060 est
546 1028 766 1068 Philoctetae,
795 1038 896 1070 saepe
914 1027 1035 1075 πέτρα,
1063 1027 1242 1075 πετρήρεις
1268 1026 1345 1062 στέ-

324 1087 391 1123 γαι,
413 1073 509 1113 οἶκος
526 1072 687 1121 πετρίνης
704 1073 826 1122 κοίτης
846 1076 986 1108 dictum.

394 1143 477 1181 Πετ
515 1145 544 1179 ώ
555 1145 603 1192 δη
615 1157 631 1184 ς
649 1156 778 1180 saxeus.
799 1145 968 1192 πετρώδει
985 1145 1098 1186 ζῶσαν
1114 1144 1149 1179 ἐν
1166 1146 1345 1193 κατώρυχι

323 1195 405 1226 Ant.
428 1191 472 1226 77
501 1220 507 1226 .
537 1194 578 1226 de
605 1204 706 1226 saxea
723 1195 869 1236 sepulcri
889 1204 1057 1236 compage.
1088 1191 1254 1239 πετρώδει
1279 1204 1344 1227 κα-

322 1239 519 1288 τάφρακτος
537 1239 572 1274 έν
591 1240 710 1287 δεσμῷ
719 1238 789 1274 958
802 1242 853 1275 ch.
877 1243 918 1274 de
936 1246 1031 1274 antro
1046 1242 1169 1274 montis
1183 1242 1341 1282 Pangaei,

324 1289 360 1320 in
387 1299 452 1368 qgo
469 1289 624 1368 glclusus
650 1300 668 1321 a
686 1289 814 1322 Baccho
833 1290 1008 1330 Lycurgus
1034 1289 1220 1322 secundum
1237 1289 1342 1330 Apol-

323 1337 390 1368 lod.
436 1362 443 1376 ‚
496 1361 502 1368 .

398 1391 427 1428 Π
438 1406 454 1428 ε
466 1392 484 1428 ύ
494 1391 517 1428 θ
527 1406 545 1428 ο
557 1407 581 1440 μ
592 1406 613 1428 α
624 1406 635 1428 ι
652 1404 772 1436 quaero
786 1399 821 1428 et
838 1395 1024 1436 quaerendo
1038 1397 1182 1435 exquiro.
1206 1390 1346 1428 Πυθώδ’

326 1441 386 1475 ἰὼν
411 1439 543 1476 πεύθου
571 1440 615 1475 τὰ
640 1439 824 1489 χρησθέντ’
851 1441 880 1476 εἰ
906 1447 1024 1490 σαφῶς
1047 1440 1193 1489 ἤγγειλά
1218 1451 1271 1475 σοι
1289 1443 1346 1474 OR

325 1487 406 1522 604.
434 1487 478 1522 τὰ
494 1487 694 1537 χρησθέντα
711 1492 935 1523 communiter
948 1491 988 1523 ad
1002 1488 1134 1524 πεύθου
1153 1495 1187 1523 et
1204 1487 1346 1536 ἤγγειλα

325 1538 542 1569 referendum
566 1538 875 1579 abstinendumque
893 1539 933 1570 ab
952 1539 1241 1579 interpunctione.
1264 1535 1347 1581 [πυ.-

326 1582 391 1618 θοῦ
410 1585 512 1616 Dind.
543 1585 649 1617 dedit.
679 1581 811 1618 πεύθου
829 1585 930 1617 habet
948 1586 1007 1617 LA
1025 1586 1062 1617 in
1086 1586 1206 1617 litura:
1236 1585 1348 1616 fuerat

326 1630 486 1673 επυθου.]
516 1629 647 1665 πεύθου
674 1629 831 1678 μολοῦσα
853 1630 996 1679 τάνδρός
1022 1633 1078 1664 Tr.
1100 1630 1168 1665 387
1191 1632 1261 1675 [ubi
1280 1643 1348 1665 πυ-

327 1677 392 1712 θοῦ
408 1679 566 1722 Nauck.].

399 1735 428 1772 Π
440 1749 456 1771 ε
467 1735 548 1783 ύκη
566 1737 629 1778 faa:
641 1739 750 1779 picea.
779 1736 994 1784 πελασθῆναι
1013 1733 1165 1785 φλέγοντΊ
1187 1735 1348 1783 ἀγλαῶπι

326 1783 440 1831 πεύκᾳ
456 1783 593 1818 OR214
603 1786 655 1818 ch.
675 1805 716 1810 —
737 1786 869 1818 Tonum
886 1787 1037 1818 enotavit
1051 1786 1129 1818 Arc.
1142 1796 1176 1827 p.
1194 1783 1270 1826 106,
1290 1783 1343 1817 11.

398 1840 516 1877 Πευκ
533 1841 540 1853 ’
561 1855 624 1883 εις
644 1847 768 1885 picea-⁹.
800 1842 878 1889 πρὶν
899 1870 906 1878 ,
924 1869 951 1876 ..
977 1845 1185 1891 στεφάνωμα
1209 1842 1346 1891 πύργων

327 1884 537 1925 πευκάενθ’”
574 1902 714 1938 φαιστον
735 1889 826 1925 ἑλεῖν
843 1893 926 1924 Ant.
951 1889 1016 1923 123
1034 1893 1086 1923 ch.
1108 1893 1150 1924 de
1167 1893 1256 1932 igne.

401 1957 430 1995 Π
441 1972 456 1994 ε
467 1959 485 1994 ύ
497 1973 520 1994 κ
530 1973 566 1995 ιν
576 1973 594 1996 o
605 1973 622 2000 ς
639 1972 677 1994 es:
695 1964 786 2003 liyno
798 1964 900 2003 pinus
913 1963 1027 2002 piceae
1038 1962 1218 2003 confectus,
1241 1972 1348 2003 quan-

330 2019 429 2051 quam
454 2010 556 2041 etiam
577 2012 711 2050 piceum
729 2011 918 2050 significare
935 2013 1058 2050 potest.
1088 2006 1254 2056 πευκίνης
1280 2007 1346 2043 λα-

322 2055 424 2102 βόντα
441 2053 623 2102 λαμπάδος
642 2055 744 2094 σέλας
763 2058 819 2090 Tr.
843 2054 944 2089 1198.

391 2112 588 2162 Πεφνεῖν
623 2116 777 2148 occidere.
829 2114 888 2149 τὸν
922 2114 1053 2162 πατέρα
1094 2114 1209 2160 πατὴρ
1243 2113 1341 2160 ὑμῶν

320 2160 447 2207 ἔπεφνε
481 2160 638 2208 [ἔπεφνεν
657 2163 728 2205 LA]
751 2162 810 2195 OR
829 2158 930 2195 1497.
965 2163 1138 2195 Aoristum
1155 2163 1339 2195 Herodian.

319 2210 472 2251 putabat,
507 2211 567 2242 sed
590 2211 776 2243 Aristarch.
812 2214 927 2243 contra
955 2213 1126 2243 senserat:
1171 2222 1201 2243 v.
1236 2211 1338 2243 schol.

320 2258 360 2289 ll.
383 2251 507 2290 ⁷:827.

390 2312 452 2363 Πῄ
475 2325 539 2357 qua
563 2318 620 2348 υἱα
638 2321 674 2349 et
691 2327 756 2359 qua
770 2321 867 2358 parte
891 2317 1099 2358 significans.
1135 2317 1186 2348 De
1212 2317 1340 2348 adscri-

318 2364 427 2396 bendo
455 2363 474 2396 ι’
501 2364 582 2395 satis
609 2364 738 2396 dictum
762 2365 798 2396 in
824 2362 976 2412 μηδαμῇ
1001 2368 1036 2396 et
1061 2361 1177 2410 λάθρᾳ
1219 2363 1265 2405 [et
1290 2367 1341 2395 est

319 2412 448 2452 ubique
476 2411 661 2452 ascriptum
685 2413 721 2443 in
740 2411 825 2453 LA.]
862 2412 932 2443 Nec
957 2412 1082 2451 ambigi
1109 2412 1151 2443 de
1169 2412 1340 2451 significa-

318 2460 412 2491 tione
428 2462 560 2500 potest;
592 2468 655 2490 nec
669 2461 762 2491 enim
780 2469 834 2500 ap.
857 2459 960 2500 Soph.
983 2469 1060 2491 culn
1078 2461 1140 2492 ποῖ
1157 2459 1340 2491 confundi-

318 2510 385 2547 tur,
414 2515 477 2538 nec
493 2514 639 2546 usquam
657 2505 708 2554 πῇ
724 2509 789 2553 γῆς
806 2510 989 2547 comparat,
1017 2507 1058 2538 de
1083 2515 1149 2547 quo
1177 2507 1340 2538 extermi-

318 2553 430 2585 nando
463 2562 507 2584 ex
539 2553 730 2586 Atticorum
772 2554 906 2594 scriptis
949 2553 1202 2595 iniquissimam
1244 2553 1341 2584 litem

318 2601 441 2632 Elmsl.
462 2599 568 2631 movit
585 2600 627 2631 ad
644 2601 728 2632 Eur.
750 2601 882 2633 Heracl.
902 2596 958 2631 19.
975 2597 1032 2633 46.
1061 2599 1113 2646 πᾷ
1128 2611 1186 2644 μοι
1205 2597 1342 2646 φθογγά

312 2646 475 2694 φοράδην
493 2644 556 2700 (sc.
579 2643 793 2691 διαπέταται)
826 2647 885 2680 OR
905 2643 995 2679 1310
1012 2657 1066 2680 an.
1101 2658 1165 2688 qua
1181 2651 1336 2688 oculatur,

317 2696 408 2736 quod
435 2695 575 2726 minlme
591 2699 724 2735 pugnat
750 2705 827 2727 cum
845 2695 1036 2727 coniunctis
1061 2696 1123 2728 ποῖ
1146 2695 1208 2741 γᾶς
1235 2693 1342 2739 φέρο-

319 2753 402 2786 μαι;
431 2734 503 2775 οὐδ’
521 2738 594 2786 ἔχω
611 2741 661 2787 πᾷ
678 2739 732 2776 θῶ
750 2742 833 2774 Ant.
856 2737 958 2774 1342.
980 2743 1004 2774 i.
1021 2751 1053 2782 q.
1076 2739 1158 2787 ὅπῃ.
1188 2742 1343 2782 Respicit

318 2788 426 2822 Creon
451 2796 570 2829 corpus
594 2789 779 2822 Haemonis
812 2789 970 2821 manibus
995 2792 1179 2829 gestatum.
1222 2788 1337 2830 [Dind.

318 2846 346 2868 c.
376 2837 525 2877 Kaysero
551 2830 618 2869 οὐδ’
648 2833 676 2870 ἔ.
707 2834 777 2870 ὅπα
801 2835 886 2881 πρὸς
914 2833 1041 2881 πότερα
1072 2832 1186 2869 κλιθῶ
1219 2835 1337 2877 dedit]

316 2881 359 2928 τᾷ
387 2880 414 2916 δ’
433 2880 474 2917 αὖ
491 2885 592 2928 φορεῖ
617 2894 688 2925 νιν,
725 2884 782 2915 Tr.
809 2879 879 2915 965
897 2883 949 2915 ch.
980 2893 1026 2916 sc.
1047 2879 1151 2921 ξένων
1182 2879 1340 2927 ἐξόμιλος

320 2928 416 2975 βάσις
431 2929 490 2964 τὸν
504 2926 695 2975 Ἡρακλέα.
726 2931 793 2964 Sed
811 2940 878 2962 non
898 2939 962 2971 quo
979 2939 1053 2962 eum
1066 2933 1202 2970 portant
1232 2931 1340 2962 inter-

318 2982 429 3019 pretor
445 2988 522 3010 cum
536 2979 732 3010 Hermanno
746 3003 754 3019 ,
777 2978 837 3010 sed
855 2988 875 3009 a
893 2986 959 3018 qua
972 2980 1068 3018 parte
1085 2977 1152 3009 hue
1165 2977 1336 3008 accedunt.

319 3023 368 3069 πᾷ
386 3035 452 3068 μου
469 3022 611 3070 ψαύεις;
643 3022 744 3058 1006.
775 3034 839 3066 qua
852 3027 949 3065 parte
965 3034 1016 3055 me
1033 3026 1143 3064 ιαπρίε
1159 3024 1185 3057 i.
1206 3034 1237 3056 e.
1258 3033 1340 3065 quo-

317 3071 415 3103 modo
439 3074 569 3112 tarmis,-
583 3092 590 3102 -.
604 3080 667 3103 nec
690 3072 752 3103 hoc
773 3081 851 3103 cum
876 3072 1099 3112 sequentibus
1123 3073 1187 3105 ποῖ
1211 3068 1339 3108 κλίνεις

253 3142 258 3148 ,
319 3119 389 3150 ullo
406 3119 502 3150 modo
517 3121 659 3160 pugnat.
688 3116 737 3164 πᾷ
752 3116 801 3164 πᾷ
817 3116 869 3163 πᾷ
886 3115 951 3172 γὰρ
977 3115 1041 3151 οὐκ
1059 3115 1141 3163 ἔβαν
1160 3115 1247 3164 ἐγώ;
1278 3118 1334 3150 Ai.

319 3162 389 3197 867
406 3166 458 3198 ch.
492 3165 569 3207 [quo
588 3165 659 3197 loco
675 3166 789 3207 priora
806 3165 872 3197 duo
890 3175 939 3209 πᾳ
954 3162 1004 3210 πᾷ
1021 3165 1125 3197 Dind.
1145 3175 1173 3197 c.
1195 3165 1333 3197 Lachm.

319 3213 466 3244 mutavit
479 3213 515 3243 in
529 3214 643 3246 παπαῖ
655 3212 795 3254 παπαὶ]
811 3211 860 3257 πᾷ
876 3211 926 3258 πᾷ
940 3213 1051 3245 κεῖται
1069 3209 1086 3245 ὁ
1105 3209 1337 3258 δυστράπελος

320 3256 521 3304 δυσώνυμος
549 3255 656 3300 Αἶας;
687 3256 755 3291 913
773 3259 825 3291 ch.
857 3269 922 3300 qua
943 3262 1050 3299 parte,
1080 3260 1167 3300 quod
1185 3262 1238 3291 est
1256 3259 1335 3290 dili-

320 3307 457 3344 gentius
476 3306 659 3337 scrutantis
679 3316 781 3347 quam
799 3306 987 3346 generatim
1005 3315 1171 3346 quaerens
1189 3307 1267 3339 ποῦ.

391 3372 530 3420 Πηγή.
559 3375 696 3416 Propria
713 3375 818 3415 fontis
845 3376 1093 3414 significatione
1111 3383 1176 3406 non
1195 3375 1330 3414 legitur.

318 3422 475 3453 Proxime
501 3426 612 3453 tamen
638 3423 718 3454 inde
744 3422 825 3453 haec
849 3423 993 3453 absunt:
1024 3419 1094 3467 ὁρῶ
1112 3418 1272 3466 κολώνης
1300 3418 1333 3458 ἐξ
1368 3413 1532 3453 τι“δεινὸν
1559 3421 1660 3464 πῆμα
1685 3416 1741 3451 46.
1779 3413 1851 3450 ἀλλ’
1881 3415 1938 3450 ἐπὶ
1963 3419 2065 3462 πῆμα
2089 3411 2203 3463 xcix
2253 3447 2256 3451 ,

1373 155 1442 180 ’--
1467 145 1614 213 Πῆμα
2064 151 2115 201 [11
2129 165 2167 199 p.
2185 126 2241 202 ef

1379 259 1489 307 ἄκρας
1513 271 1591 307 νεορ
1615 258 1717 299 ύτους
1741 259 1855 307 πηγὰς
1880 258 2051 306 γάλακτος
2077 261 2131 295 ΕΙ.
2151 258 2189 294 8³
2233 279 2243 294 ,>

1399 320 1415 342 ε
1441 308 1555 355 πηγάς
1581 272 1646 352 (gc.
1667 307 1742 356 γεῖ)
1768 309 1824 342 OG
1841 305 1922 341 479.
1951 313 2137 350 utrumque
2162 308 2234 350 deg-

1378 322 1488 404 1σχειν
1508 350 1535 390 δ’
1553 354 1669 390 οὐκέτι
1684 350 1799 402 πηγὰς
1819 354 1966 401 δύναμαι
1984 353 2147 402 δακρύων
2159 356 2215 390 An
2224 342 2245 380 {t

1379 401 1527 450 ἔρρωγεν
1560 401 1654 450 παγὰ
1687 401 1845 448 δακρύων
1879 403 1936 435 Tr.
1969 399 2040 435 852
2063 404 2116 436 cb.
2154 421 2198 427 —-

1378 452 1559 483 dictionem
1577 452 1659 482 haec
1676 450 1812 482 habent.
1841 447 1872 484 εἰ
1887 453 1951 496 τῆς
1969 447 2164 495 ἀκουούσης
2183 479 2185 481 .
2212 451 2240 478 ’“;

1378 501 1443 545 γῆς
1461 495 1502 531 δι’
1519 497 1617 531 ὤτων
1637 495 1793 544 φραγμός
1811 497 1869 529 0Ιί
1883 494 1985 530 1387.
2007 497 2050 529 de
2063 497 2185 530 auditu
2202 512 2209 525 a

1379 544 1537 592 φραγμὸς
1555 540 1591 578 δι’
1613 544 1711 578 ὤτων
1729 545 1965 584 coniungenda
1981 545 2153 578 videntur.
2196 561 2199 563 Δ
2234 543 2244 565 ‘¹

1377 591 1507 639 χθονὸς
1523 591 1647 630 νυκτός
1673 603 1710 625 τε
1726 589 1839 638 πηγὰς
1858 588 2005 638 ούρανοῦ
2021 587 2046 625 τ’
2067 589 2187 625 ἀναπτι
2230 613 2235 618 --

1379 642 1421 673 fr.
1444 637 1524 681 655,
1541 637 1575 672 2.
1596 650 1653 685 πη
1665 637 1738 685 γαὶ
1762 637 1886 676 νυκτός
1902 639 2064 671 videntur
2081 602 2233 672 Oceanit-

1379 689 1534 728 regiones
1552 687 1636 727 dici,
1665 696 1708 719 ex
1726 688 1851 727 quibus
1877 687 1956 718 oriri
1981 695 2048 718 nox
2065 687 2193 728 pariter
2215 701 2229 714 ·-·

1379 736 1560 775 dabantur,
1592 735 1689 766 velut
1707 733 1909 766 occidentali
1927 734 2043 774 mergi.
2065 751 2111 757 —-
2134 734 2184 766 Ac
2212 748 2226 761 ·.÷

1379 784 1446 815 bali
1464 783 1593 821 origine
1612 782 1813 821 illustratur,
1835 791 1936 822 quam
1954 791 1973 812 a
1990 778 2104 826 πηδᾶν
2121 789 2203 823 repe
2227 779 2241 809 ,’

1380 830 1445 861 ΕΜ
1463 839 1497 871 p.
1519 825 1600 869 669,
1625 826 1679 860 17.
2222 824 2239 837 '⁴

1451 885 1514 933 Πή
1526 899 1600 934 γνυ
1613 898 1660 928 μι
1678 887 1753 929 fiyo.
1784 883 1858 920 εἶτα
1889 881 1975 920 τόνδ’
2013 884 2169 934 ἐφέστιον
2238 912 2240 914 .

1379 934 1486 1016 {dura
1503 938 1679 981 σκῆπτρον
1698 935 1752 966 El.
1770 931 1850 966 420.
1881 931 1992 979 ἕπηξα
2009 929 2034 967 δ’
2055 930 2156 967 αὐτὸν
2174 930 2210 968 εὖ
2238 942 2241 943 ’

1404 994 1443 1021 ας
1469 981 1537 1028 ἐγώ
1562 983 1617 1014 Ai.
1638 978 1720 1014 821.
1749 981 1791 1013 de
1817 981 1927 1022 gladio
1952 981 2069 1014 eodem
2087 976 2237 1024 figenda,

1380 1033 1447 1063 fixo
1465 1031 1593 1063 dictum
1612 1027 1747 1075 πέπηγε
1766 1025 1794 1061 δ’
1812 1027 1846 1062 ἐν
1866 1028 1913 1076 γῇ
1929 1026 2080 1075 πολεμίᾳ
2095 1027 2140 1076 τῇ
2157 1024 2213 1070 Τ,
2236 1055 2245 1067 -,

1452 1098 1614 1147 Πηδάω
1633 1101 1763 1134 insilio.
1788 1097 1837 1137 εἰς
1855 1097 1894 1133 δὲ
1916 1096 2061 1132 ναυτικὰ
2086 1096 2152 1132 σκά
2179 1109 2203 1145 η
2222 1090 2228 1096 ’

1381 1146 1490 1194 ἄρδην
1514 1141 1685 1192 (Έκτορος
1719 1148 1773 1179 Αἰ.
1797 1144 1900 1180 1279.
1924 1155 2096 1187 percurro.
2139 1157 2156 1179 ε
2173 1155 2220 1180 σι’·

1381 1195 1547 1241 πηδῶντα
1564 1194 1665 1230 πεδία
1690 1192 1749 1228 σὺν
1766 1191 1957 1241 νεορράντῳ
1976 1191 2064 1240 ξίφει
2080 1194 2136 1226 Ai.
2157 1190 2242 1235 30„
2265 1227 2270 1231 .

1382 1244 1539 1276 struendi
1562 1244 1657 1275 verbi
1683 1243 1812 1275 ratione
1839 1241 1986 1274 advertit
2004 1240 2136 1281 Pnugk.
2157 1241 2198 1273 ad
2227 1250 2239 1259 ‘1
2286 1280 2288 1282 Ι

1381 1287 1471 1332 532,
1501 1291 1560 1322 sed
1585 1292 1662 1332 plus
1696 1289 1850 1322 centenis
1882 1289 1911 1320 is
1936 1298 2018 1321 usus
2043 1288 2169 1320 firmari
2219 1294 2240 1335 'y

1382 1339 1549 1379 exemplis
1565 1338 1697 1380 potuit,
1728 1337 1789 1378 qui
1806 1346 1874 1368 non
1890 1339 2030 1378 propter
2046 1335 2191 1368 intr-ansi
2225 1338 2234 1368 ,’

1382 1387 1465 1417 bum
1490 1386 1669 1417 transitive
1695 1385 1825 1416 dictum
1851 1384 1911 1416 sed
1935 1384 2037 1415 verbo
2063 1381 2243 1424 simplici?
2284 1384 2288 1424 s

1382 1434 1490 1474 posito
1509 1434 1579 1464 sive
1597 1432 1884 1474 praepositionem
1901 1433 1938 1462 et
1954 1439 2069 1462 casum
2094 1429 2179 1462 comi
2203 1443 2211 1457 ³
2230 1437 2237 1459 't
2259 1431 2263 1434 '
2285 1429 2288 1454 ἶ

1383 1481 1608 1512 memorabilis
1634 1484 1696 1512 est.
1728 1497 1768 1503 —
1797 1478 1931 1510 Tralate
1958 1477 2090 1509 dictum
2114 1473 2166 1514 τίς
2193 1473 2228 1515 ὁ-

1383 1525 1522 1572 μείζονα
1549 1524 1681 1571 δαίμων
1713 1530 1783 1559 τῶν
1809 1523 1984 1570 μακίστων
2015 1522 2101 1570 πρὸς
2126 1523 2170 1572 σῇ
2202 1520 2229 1569 ,Γ
2286 1565 2288 1568 Ι

1385 1572 1508 1621 μοίρας
1538 1575 1595 1606 ΟΒ,
1615 1571 1705 1606 1300
1723 1584 1779 1605 an.
1808 1573 1849 1605 de
1867 1573 2022 1604 irruente
2048 1571 2164 1604 invido
2178 1572 2228 1604 αι’

1454 1630 1648 1679 Πήδημα
1665 1634 1782 1664 saltus.
1811 1628 1869 1670 ξὺν
1894 1628 2104 1677 ἀσφαδάστῳ
2128 1626 2188 1664 καὶ
2222 1648 2228 1655 ·
2282 1644 2287 1666 2

1383 1678 1511 1726 δήματι
1536 1677 1686 1726 πλεύραν
1713 1675 1940 1726 διαρρήξαντα
1969 1678 2025 1710 Ai.
2046 1674 2126 1710 833.
2147 1677 2191 1710 de
2213 1668 2233 1703 »’
2282 1671 2285 1697 ³

1384 1738 1501 1760 ensem
1522 1729 1755 1759 incumbente.
2216 1743 2239 1771 ;,
2284 1738 2288 1771 3

1454 1783 1622 1832 Πηκτίς
1647 1794 1751 1825 ,oenus
1774 1784 1920 1817 citharae
1946 1784 2072 1825 Lydae.
2107 1777 2238 1830 πηκτί,
2284 1777 2288 1780 ’

1383 1835 1424 1866 fr.
1456 1834 1574 1866 Tham.
1602 1830 1685 1873 226,
1717 1830 1747 1864 1.
1792 1829 2002 1866 ἀντίσπαστά
2033 1842 2069 1865 τε
2101 1827 2176 1866 Λυδ
2202 1828 2239 1870 ὲ-
2281 1850 2285 1866 ι.

1384 1878 1549 1927 πηκτίδος
1582 1877 1769 1960 συγχῖορδία
1801 1880 1886 1919 Mys.
1917 1876 1998 1920 361,
2027 1876 2062 1911 2.
2100 1897 2142 1903 -
2232 1880 2235 1886 ’
2280 1885 2283 1892 ·

1383 1929 1502 1960 Aread.
1524 1939 1558 1970 p.
1581 1925 1638 1969 35,
1685 1953 1692 1959 .

1455 1984 1631 2032 Πηκτός
1648 1988 1850 2026 compactus.
1880 1983 2010 2032 πηκταί
2032 1996 2069 2018 τε
2085 1981 2187 2031 λύραι
2280 1999 2282 2013 =

1383 2032 1472 2072 διδες
1492 2035 1610 2068 Tham.
1631 2035 1673 2066 fr.
1694 2031 1776 2074 227,
1795 2030 1826 2065 1.
1847 2032 1943 2075 fimas.
1966 2031 2000 2066 ἐν
2018 2029 2082 2079 γάρ
2100 2030 2133 2066 οἱ
2149 2032 2187 2080 χ
2204 2030 2219 2060 ι’

1380 2075 1452 2115 τόδ’
1470 2079 1573 2129 ἔγχος
1590 2082 1645 2114 Ai.
1666 2077 1747 2113 908.
2214 2078 2234 2110 .'
2284 2071 2288 2085 ¹

1452 2137 1513 2186 Πη
1523 2138 1544 2173 λ
1554 2135 1576 2174 δι’
1588 2152 1613 2186 μ
1624 2137 1667 2177 ύς
1680 2140 1841 2194 pelamys
1869 2147 1979 2178 genus
1991 2138 2106 2179 piscis.
2149 2138 2184 2179 j·
2217 2141 2220 2146 '

1378 2183 1797 2275 {assaraci
1818 2182 2058 2272 iiam<

1450 2290 1545 2339 Πηλ
1557 2290 1626 2331 εύς
1645 2302 1680 2325 n.
1699 2302 1751 2334 pr.
1773 2290 1791 2325 ὁ
1810 2288 1957 2336 Πηλέως
1975 2288 2075 2336 γόνος
2092 2290 2154 2323 Ph.
2276 2303 2284 2344 ξ

1376 2339 1434 2374 τὸν
1454 2337 1615 2375 Αἰάκειον
1634 2340 1705 2371 Pel.
1727 2341 1769 2371 fr.
1791 2335 1873 2379 434,
1898 2336 1928 2370 1.
1957 2342 2118 2380 correpta,
2146 2341 2185 2370 ut
2213 2375 2217 2381 ,
2277 2346 2281 2363 ι

1377 2389 1499 2420 ultima
1523 2389 1661 2427 syllaba.
1695 2386 1925 2428 [Cognominis
1951 2386 2086 2417 fabulae
2111 2382 2229 2425 sunt*

1378 2436 1419 2467 fr.
1440 2431 1657 2479 434—442.]
2217 2476 2225 2481 Δ
2283 2472 2287 2476 1

1396 2494 1399 2499 ⁴
1449 2490 1623 2539 Πήλιον
1648 2502 1754 2526 mom.
1785 2489 1819 2525 ἐν
1844 2490 1893 2525 τῶ
1908 2488 2030 2537 Πηλίῳ
2057 2491 2123 2523 ino,
2142 2490 2232 2538 frus.

1378 2541 1550 2573 Eustathii
1579 2541 1681 2572 verba
1706 2543 1788 2572 sunt
1813 2549 1846 2581 p.
1868 2524 1950 2579 877,
1970 2536 2037 2579 51,
2073 2537 2132 2570 sed
2156 2538 2217 2570 seii
2264 2584 2266 2586 γ

1378 2589 1479 2630 Soph.
1498 2588 1689 2629 desumpta.
2227 2603 2229 2607 .

1448 2642 1734 2691 Πηλιωτικός
1769 2647 1804 2677 in
1828 2645 1917 2676 Pelio
1941 2647 2051 2676 monte
2073 2644 2211 2676 alitus-,³
2278 2641 2288 2652 ὲ

1379 2690 1523 2740 Σύαγρε,
1554 2690 1771 2738 Πηλιωτικὸν
1796 2689 1922 2739 τρέφος
1946 2691 2031 2724 Ach.
2052 2692 2129 2724 Am.
2149 2690 2191 2724 fr.
2223 2735 2226 2737 Α
2277 2653 2288 2738 ξ

1377 2751 1458 2773 cane
1483 2738 1643 2784 dictum]
2204 2744 2226 2781 J
2279 2742 2288 2780 j

1448 2796 1599 2845 Πηλός
1625 2800 1745 2830 cutum.
1790 2795 1894 2843 ἀργὸν
1927 2794 2071 2844 (ἀρχόν)
2097 2793 2226 2842 πηλὸν
2279 2777 2288 2805 ί

1376 2848 1496 2892 χεροῖν
1514 2846 1619 2878 Pand.
1642 2846 1682 2877 fr.
1703 2841 1784 2877 432.
1821 2845 1874 2876 Ex
1892 2845 2009 2876 eadem
2027 2843 2140 2876 fabula
2279 2849 2282 2854 ¹

1377 2887 1482 2925 Dind.
1503 2895 1600 2934 putat
1614 2893 1715 2924 verba
1731 2888 1868 2936 θέλοιμι
1884 2889 1995 2936 πηλὸν
2013 2887 2181 2937 ὀργάσαι(
2214 2928 2219 2932 .

1376 2950 1410 2982 p.
1432 2936 1512 2979 629,
1534 2937 1591 2971 34.
1613 2941 1656 2971 cf.
1679 2949 1706 2971 s.
1727 2951 1759 2971 v.
1782 2936 1928 2984 ὀργάζω.
1960 2955 2000 2961 —-
2028 2935 2137 2974 πολὺς
2162 2933 2222 2970 δὲ,
2245 2934 2249 2939 ”

1375 2984 1488 3020 πίθων
1520 2985 1724 3031 τυρβάζεται
1754 2987 1821 3017 inc.
1849 2987 1890 3017 fr.
1920 2982 2000 3016 927.
2028 2995 2081 3026 ap.
2107 2983 2171 3016 ΕΜ
2206 2987 2228 3025 ...1
2266 2988 2285 3022 ,’

1377 3034 1466 3066 Gud.
1486 3044 1519 3075 p.
1541 3030 1623 3074 298,
1642 3030 1675 3065 3.
1695 3035 1813 3065 vinum
1829 3033 1965 3073 utrique
1983 3032 2182 3073 explicatur,
2276 3046 2279 3053 =

1374 3078 1535 3125 καπήλου
1561 3090 1682 3112 nomen
1709 3084 1744 3112 et
1769 3077 1864 3113 οἴνου
1890 3078 2020 3120 aliquid
2045 3078 2169 3110 habere
2199 3110 2201 3112 .

1375 3128 1466 3159 dinis
1499 3128 1738 3168 ostenderent3
1783 3127 1878 3167 quasi
1903 3135 1970 3158 non
1995 3126 2099 3157 limus
2123 3124 2192 3168 ef<
2217 3162 2224 3167 .,
2276 3131 2278 3134 ·

1374 3175 1483 3207 faeces
1507 3184 1552 3206 ex
1569 3175 1670 3206 doliis
1687 3174 1842 3215 protrudi
1869 3177 1903 3205 et
1922 3173 1992 3204 elui
2010 3173 2150 3214 possint.
2268 3186 2271 3194 ν

1443 3229 1504 3278 Πῆ
1517 3244 1574 3276 μα
1598 3233 1783 3264 calamitas.
1811 3230 1849 3264 τὸ
1874 3233 1976 3277 πῆμα
2007 3231 2109 3264 τοῦτο
2138 3230 2220 3281 τῆξ

1371 3281 1430 3314 νῦν
1464 3277 1573 3324 παρόν
1608 3280 1668 3312 Ph.
1699 3276 1779 3310 765.
1816 3276 1848 3310 εἴ
1880 3288 1963 3311 ποτε
2056 3273 2219 3320 ὴνύσατξ

1372 3324 1484 3373 φλόγα
1517 3324 1677 3371 πήματος
1711 3325 1769 3357 OR
1789 3321 1854 3355 166
1871 3325 1924 3356 ch.
1956 3335 1987 3356 v.
2019 3321 2113 3357 ἀνύω
2148 3319 2204 3355 ΒΓ
2262 3322 2268 3341 2'

1371 3371 1496 3420 σχεδὸν
1515 3368 1539 3404 δ’
1561 3370 1746 3416 ἐπίσταμαί
1762 3382 1794 3403 τι
1812 3369 1900 3417 πῆμ’
1917 3368 2043 3417 ἔχοντά
2057 3380 2107 3403 νιν
2125 3367 2180 3402 Τι’.
2194 3371 2213 3403 ;'
2267 3394 2273 3414 3

2205 1915 2239 1960 tsi.
2280 1914 2287 1956 j
