<?xml version="1.0" encoding="UTF-8"?>
<!DOCTYPE html PUBLIC "-//W3C//DTD XHTML 1.0 Transitional//EN"
    "http://www.w3.org/TR/xhtml1/DTD/xhtml1-transitional.dtd">
<html xmlns="http://www.w3.org/1999/xhtml" xml:lang="en" lang="en">
 <head>
  <title>
</title>
<meta http-equiv="Content-Type" content="text/html;charset=utf-8" />
  <meta name='ocr-system' content='tesseract 3.04.00' />
  <meta name='ocr-capabilities' content='ocr_page ocr_carea ocr_par ocr_line ocrx_word'/>
</head>
<body>
  <div class='ocr_page' id='page_1' title='image "./lexiconsophocleu00elleuoft_0486.png"; bbox 0 0 2288 3600; ppageno 0'>
   <div class='ocr_carea' id='block_1_1' title="bbox 226 151 326 199">
    <p class='ocr_par' dir='ltr' id='par_1_1' title="bbox 226 151 326 199">
     <span class='ocr_line' id='line_1_1' title="bbox 226 151 326 199; baseline -0.01 0"><span class='ocrx_word' id='word_1_1' title='bbox 226 151 326 199; x_wconf 84' lang='lat'>224</span> 
     </span>
    </p>
   </div>
   <div class='ocr_carea' id='block_1_2' title="bbox 223 256 1243 349">
    <p class='ocr_par' dir='ltr' id='par_1_2' title="bbox 223 256 1243 349">
     <span class='ocr_line' id='line_1_2' title="bbox 224 256 1243 306; baseline -0.007 -7"><span class='ocrx_word' id='word_1_2' title='bbox 224 264 334 305; x_wconf 73' lang='grc' dir='ltr'>δείξας</span> <span class='ocrx_word' id='word_1_3' title='bbox 351 265 414 298; x_wconf 80' lang='lat' dir='ltr'>Ph.</span> <span class='ocrx_word' id='word_1_4' title='bbox 425 261 494 297; x_wconf 89' lang='lat'>426</span> <span class='ocrx_word' id='word_1_5' title='bbox 512 268 602 296; x_wconf 88' lang='lat' dir='ltr'>recte</span> <span class='ocrx_word' id='word_1_6' title='bbox 620 264 722 296; x_wconf 90' lang='lat' dir='ltr'>Dind.</span> <span class='ocrx_word' id='word_1_7' title='bbox 745 274 773 295; x_wconf 81' lang='lat' dir='ltr'>c.</span> <span class='ocrx_word' id='word_1_8' title='bbox 796 264 887 295; x_wconf 85' lang='lat' dir='ltr'>Pors.</span> <span class='ocrx_word' id='word_1_9' title='bbox 908 271 973 294; x_wconf 89' lang='lat' dir='ltr'>sec.</span> <span class='ocrx_word' id='word_1_10' title='bbox 997 259 1173 306; x_wconf 50' lang='lat' dir='ltr'>scholssyp.</span> <span class='ocrx_word' id='word_1_11' title='bbox 1194 256 1243 293; x_wconf 82' lang='grc' dir='ltr'>δύ’</span> 
     </span>
     <span class='ocr_line' id='line_1_3' title="bbox 223 305 1239 349; baseline -0.007 -2"><span class='ocrx_word' id='word_1_12' title='bbox 223 312 318 347; x_wconf 81' lang='grc' dir='ltr'>αὐτὼ</span> <span class='ocrx_word' id='word_1_13' title='bbox 344 310 371 345; x_wconf 89' lang='grc' dir='ltr'>δ’</span> <span class='ocrx_word' id='word_1_14' title='bbox 398 311 450 346; x_wconf 91' lang='grc' dir='ltr'>ἐ.;</span> <span class='ocrx_word' id='word_1_15' title='bbox 479 322 554 344; x_wconf 88' lang='lat' dir='ltr'>nam</span> <span class='ocrx_word' id='word_1_16' title='bbox 579 312 614 343; x_wconf 89' lang='lat' dir='ltr'>in</span> <span class='ocrx_word' id='word_1_17' title='bbox 648 312 742 343; x_wconf 87' lang='lat' dir='ltr'>libris</span> <span class='ocrx_word' id='word_1_18' title='bbox 767 314 819 342; x_wconf 91' lang='lat' dir='ltr'>est</span> <span class='ocrx_word' id='word_1_19' title='bbox 844 306 958 343; x_wconf 71' lang='grc' dir='ltr'>αὔτωσ</span> <span class='ocrx_word' id='word_1_20' title='bbox 992 305 1070 341; x_wconf 86' lang='grc' dir='ltr'>δείν’</span> <span class='ocrx_word' id='word_1_21' title='bbox 1096 305 1239 349; x_wconf 78' lang='grc' dir='ltr'>ἐλεξας.]</span> 
     </span>
    </p>
   </div>
   <div class='ocr_carea' id='block_1_3' title="bbox 208 365 1245 1524">
    <p class='ocr_par' dir='ltr' id='par_1_3' title="bbox 296 365 833 416">
     <span class='ocr_line' id='line_1_4' title="bbox 296 365 833 416; baseline -0.006 -11"><span class='ocrx_word' id='word_1_22' title='bbox 296 367 531 416; x_wconf 83' lang='grc' dir='ltr'>[*Ἐκδέρω</span> <span class='ocrx_word' id='word_1_23' title='bbox 557 381 588 402; x_wconf 86' lang='lat' dir='ltr'>V.</span> <span class='ocrx_word' id='word_1_24' title='bbox 609 370 632 402; x_wconf 92' lang='lat' dir='ltr'>i.</span> <span class='ocrx_word' id='word_1_25' title='bbox 656 365 833 415; x_wconf 88' lang='grc' dir='ltr'>ἐκκείρω.]</span> 
     </span>
    </p>

    <p class='ocr_par' dir='ltr' id='par_1_4' title="bbox 225 422 1241 510">
     <span class='ocr_line' id='line_1_5' title="bbox 225 422 1241 510; baseline -0.007 -46"><span class='ocrx_word' id='word_1_26' title='bbox 225 478 275 510; x_wconf 75' lang='lat' dir='ltr'>Ph</span> <span class='ocrx_word' id='word_1_27' title='bbox 293 426 377 510; x_wconf 52' lang='grc' dir='ltr'>’ξζ2κ3</span> <span class='ocrx_word' id='word_1_28' title='bbox 383 427 485 477; x_wconf 81' lang='grc' dir='ltr'>δέχο</span> <span class='ocrx_word' id='word_1_29' title='bbox 497 439 571 474; x_wconf 90' lang='grc' dir='ltr'>μαι</span> <span class='ocrx_word' id='word_1_30' title='bbox 604 430 763 469; x_wconf 78' lang='lat' dir='ltr'>opperior.</span> <span class='ocrx_word' id='word_1_31' title='bbox 814 429 928 460; x_wconf 87' lang='grc' dir='ltr'>κεῖνον</span> <span class='ocrx_word' id='word_1_32' title='bbox 957 422 1071 459; x_wconf 87' lang='grc' dir='ltr'>ἐνθάδ’</span> <span class='ocrx_word' id='word_1_33' title='bbox 1097 422 1241 471; x_wconf 77' lang='grc' dir='ltr'>ἐκδέχου</span> 
     </span>
    </p>

    <p class='ocr_par' dir='ltr' id='par_1_5' title="bbox 230 529 1242 627">
     <span class='ocr_line' id='line_1_6' title="bbox 303 529 1242 581; baseline -0.007 -12"><span class='ocrx_word' id='word_1_34' title='bbox 303 532 341 570; x_wconf 87' lang='grc' dir='ltr'>Ἐ</span> <span class='ocrx_word' id='word_1_35' title='bbox 351 533 399 568; x_wconf 93' lang='grc' dir='ltr'>κδ</span> <span class='ocrx_word' id='word_1_36' title='bbox 409 546 432 581; x_wconf 94' lang='grc' dir='ltr'>η</span> <span class='ocrx_word' id='word_1_37' title='bbox 445 547 470 580; x_wconf 87' lang='grc' dir='ltr'>μ</span> <span class='ocrx_word' id='word_1_38' title='bbox 480 533 496 568; x_wconf 84' lang='grc' dir='ltr'>ἐ</span> <span class='ocrx_word' id='word_1_39' title='bbox 507 547 535 567; x_wconf 94' lang='grc' dir='ltr'>ω</span> <span class='ocrx_word' id='word_1_40' title='bbox 549 543 681 575; x_wconf 67' lang='lat' dir='ltr'>pereyre</span> <span class='ocrx_word' id='word_1_41' title='bbox 696 533 823 566; x_wconf 79' lang='lat' dir='ltr'>absum.</span> <span class='ocrx_word' id='word_1_42' title='bbox 853 530 984 577; x_wconf 85' lang='grc' dir='ltr'>θεωρὸς</span> <span class='ocrx_word' id='word_1_43' title='bbox 1004 529 1166 577; x_wconf 83' lang='grc' dir='ltr'>ἐκδημῶν</span> <span class='ocrx_word' id='word_1_44' title='bbox 1184 530 1242 562; x_wconf 90' lang='lat' dir='ltr'>OR</span> 
     </span>
     <span class='ocr_line' id='line_1_7' title="bbox 230 579 801 627; baseline -0.007 -11"><span class='ocrx_word' id='word_1_45' title='bbox 230 581 306 616; x_wconf 90' lang='lat'>114.</span> <span class='ocrx_word' id='word_1_46' title='bbox 335 584 444 615; x_wconf 86' lang='lat' dir='ltr'>Affert</span> <span class='ocrx_word' id='word_1_47' title='bbox 464 582 586 615; x_wconf 84' lang='lat' dir='ltr'>Suidas</span> <span class='ocrx_word' id='word_1_48' title='bbox 604 593 635 614; x_wconf 84' lang='lat' dir='ltr'>v.</span> <span class='ocrx_word' id='word_1_49' title='bbox 658 579 801 627; x_wconf 87' lang='grc' dir='ltr'>θεωρός.</span> 
     </span>
    </p>

    <p class='ocr_par' dir='ltr' id='par_1_6' title="bbox 226 631 1242 736">
     <span class='ocr_line' id='line_1_8' title="bbox 296 631 1242 683; baseline -0.007 -8"><span class='ocrx_word' id='word_1_50' title='bbox 296 631 579 675; x_wconf 36' lang='grc' dir='ltr'>Ἐκδὶλδάσκω</span> <span class='ocrx_word' id='word_1_51' title='bbox 597 640 705 672; x_wconf 64' lang='lat' dir='ltr'>doc-w.</span> <span class='ocrx_word' id='word_1_52' title='bbox 734 638 781 677; x_wconf 79' lang='grc' dir='ltr'>ὡς</span> <span class='ocrx_word' id='word_1_53' title='bbox 798 635 871 672; x_wconf 86' lang='grc' dir='ltr'>τάδ’</span> <span class='ocrx_word' id='word_1_54' title='bbox 888 635 950 683; x_wconf 77' lang='grc' dir='ltr'>οὐγ</span> <span class='ocrx_word' id='word_1_55' title='bbox 977 634 1035 670; x_wconf 80' lang='grc' dir='ltr'>ὧδ’</span> <span class='ocrx_word' id='word_1_56' title='bbox 1053 633 1119 669; x_wconf 78' lang='grc' dir='ltr'>ἔστ’</span> <span class='ocrx_word' id='word_1_57' title='bbox 1136 633 1242 681; x_wconf 81' lang='grc' dir='ltr'>ἄριστ’</span> 
     </span>
     <span class='ocr_line' id='line_1_9' title="bbox 226 678 1242 736; baseline -0.007 -14"><span class='ocrx_word' id='word_1_58' title='bbox 226 686 449 736; x_wconf 75' lang='grc' dir='ltr'><strong>εἰργασμένα,</strong></span> <span class='ocrx_word' id='word_1_59' title='bbox 481 686 530 733; x_wconf 84' lang='grc' dir='ltr'>μή</span> <span class='ocrx_word' id='word_1_60' title='bbox 549 685 582 733; x_wconf 81' lang='grc' dir='ltr'>μ’</span> <span class='ocrx_word' id='word_1_61' title='bbox 601 684 779 720; x_wconf 85' lang='grc' dir='ltr'>ἐκδίδασκε</span> <span class='ocrx_word' id='word_1_62' title='bbox 797 686 854 718; x_wconf 83' lang='lat' dir='ltr'>OR</span> <span class='ocrx_word' id='word_1_63' title='bbox 873 678 974 717; x_wconf 84' lang='lat'>1370.</span> <span class='ocrx_word' id='word_1_64' title='bbox 1021 682 1069 729; x_wconf 82' lang='grc' dir='ltr'>μή</span> <span class='ocrx_word' id='word_1_65' title='bbox 1098 681 1131 728; x_wconf 86' lang='grc' dir='ltr'>μ’</span> <span class='ocrx_word' id='word_1_66' title='bbox 1150 681 1242 717; x_wconf 85' lang='grc' dir='ltr'>ἐκδί-</span> 
     </span>
    </p>

    <p class='ocr_par' dir='ltr' id='par_1_7' title="bbox 208 728 1243 1160">
     <span class='ocr_line' id='line_1_10' title="bbox 208 728 1242 782; baseline -0.007 -12"><span class='ocrx_word' id='word_1_67' title='bbox 208 760 210 762; x_wconf 90' lang='grc'>-</span> <span class='ocrx_word' id='word_1_68' title='bbox 227 736 330 770; x_wconf 88' lang='grc' dir='ltr'>δασκε</span> <span class='ocrx_word' id='word_1_69' title='bbox 345 738 420 773; x_wconf 83' lang='grc' dir='ltr'>τοῖς</span> <span class='ocrx_word' id='word_1_70' title='bbox 438 733 550 782; x_wconf 79' lang='grc' dir='ltr'><strong>φίλοις</strong></span> <span class='ocrx_word' id='word_1_71' title='bbox 568 732 653 768; x_wconf 84' lang='grc' dir='ltr'>εἶναι</span> <span class='ocrx_word' id='word_1_72' title='bbox 669 732 781 779; x_wconf 81' lang='grc' dir='ltr'>κακήν</span> <span class='ocrx_word' id='word_1_73' title='bbox 796 734 848 764; x_wconf 86' lang='grc' dir='ltr'>ΕΙ.</span> <span class='ocrx_word' id='word_1_74' title='bbox 862 729 941 764; x_wconf 90' lang='lat'>395.</span> <span class='ocrx_word' id='word_1_75' title='bbox 970 728 1039 765; x_wconf 84' lang='grc' dir='ltr'>τόδ’</span> <span class='ocrx_word' id='word_1_76' title='bbox 1050 729 1242 764; x_wconf 89' lang='grc' dir='ltr'>ἐκδιδάσκει</span> 
     </span>
     <span class='ocr_line' id='line_1_11' title="bbox 225 776 1242 864; baseline -0.007 1"><span class='ocrx_word' id='word_1_77' title='bbox 225 783 284 818; x_wconf 55' lang='grc' dir='ltr'>ἀ’</span> <span class='ocrx_word' id='word_1_78' title='bbox 302 776 1130 864; x_wconf 29' lang='grc' dir='ltr'>ῧῆίαλὶῖσσελῖίέέαᾷεχρᾙέτὰῖνπῖἒῗαῡῖῗσξὲῗ</span> <span class='ocrx_word' id='word_1_79' title='bbox 1143 776 1242 858; x_wconf 64' lang='grc' dir='ltr'>.ῗὲἕὲ</span> 
     </span>
     <span class='ocr_line' id='line_1_12' title="bbox 226 839 1238 922; baseline -0.009 -9"><span class='ocrx_word' id='word_1_80' title='bbox 226 839 475 922; x_wconf 46' lang='grc' dir='ltr'>ἐὲιιὲἰδάέξῑιεν</span> <span class='ocrx_word' id='word_1_81' title='bbox 481 841 547 909; x_wconf 65' lang='grc' dir='ltr'>αόΟ</span> <span class='ocrx_word' id='word_1_82' title='bbox 559 855 660 909; x_wconf 88' lang='grc'>1540.</span> <span class='ocrx_word' id='word_1_83' title='bbox 682 855 752 909; x_wconf 81' lang='grc' dir='ltr'>σ’ἐν</span> <span class='ocrx_word' id='word_1_84' title='bbox 764 839 887 922; x_wconf 52' lang='grc' dir='ltr'>βραῗεῖ</span> <span class='ocrx_word' id='word_1_85' title='bbox 901 846 990 908; x_wconf 72' lang='grc' dir='ltr'>τδῦτ’</span> <span class='ocrx_word' id='word_1_86' title='bbox 999 870 1166 913; x_wconf 78' lang='grc' dir='ltr'>ἐκδιδάξω</span> <span class='ocrx_word' id='word_1_87' title='bbox 1177 845 1238 904; x_wconf 59' lang='lat' dir='ltr'>Pis.</span> 
     </span>
     <span class='ocr_line' id='line_1_13' title="bbox 227 920 1239 969; baseline -0.008 -10"><span class='ocrx_word' id='word_1_88' title='bbox 227 923 308 959; x_wconf 87' lang='lat'>436.</span> <span class='ocrx_word' id='word_1_89' title='bbox 355 923 422 969; x_wconf 87' lang='grc' dir='ltr'>ἐγώ</span> <span class='ocrx_word' id='word_1_90' title='bbox 440 935 475 958; x_wconf 89' lang='grc' dir='ltr'>σε</span> <span class='ocrx_word' id='word_1_91' title='bbox 493 926 559 957; x_wconf 87' lang='grc' dir='ltr'>πᾶν</span> <span class='ocrx_word' id='word_1_92' title='bbox 579 920 745 962; x_wconf 78' lang='grc' dir='ltr'>ἐκδιδάξω</span> <span class='ocrx_word' id='word_1_93' title='bbox 763 920 842 955; x_wconf 92' lang='grc'>604.</span> <span class='ocrx_word' id='word_1_94' title='bbox 874 940 915 945; x_wconf 86' lang='grc'>-</span> <span class='ocrx_word' id='word_1_95' title='bbox 944 922 1070 953; x_wconf 79' lang='lat' dir='ltr'>Passiv.</span> <span class='ocrx_word' id='word_1_96' title='bbox 1094 920 1239 959; x_wconf 77' lang='lat' dir='ltr'>edoceor,</span> 
     </span>
     <span class='ocr_line' id='line_1_14' title="bbox 228 966 1238 1018; baseline -0.007 -12"><span class='ocrx_word' id='word_1_97' title='bbox 228 975 328 1006; x_wconf 69' lang='lat' dir='ltr'>disco.</span> <span class='ocrx_word' id='word_1_98' title='bbox 357 971 514 1018; x_wconf 52' lang='grc' dir='ltr'>αἰσχροῖς</span> <span class='ocrx_word' id='word_1_99' title='bbox 531 969 595 1018; x_wconf 86' lang='grc' dir='ltr'>γὰρ</span> <span class='ocrx_word' id='word_1_100' title='bbox 613 968 738 1017; x_wconf 75' lang='grc' dir='ltr'>αἰσχρὰ</span> <span class='ocrx_word' id='word_1_101' title='bbox 755 966 925 1016; x_wconf 77' lang='grc' dir='ltr'>πράγματ’</span> <span class='ocrx_word' id='word_1_102' title='bbox 943 966 1238 1001; x_wconf 81' lang='grc' dir='ltr'>ἐκδιδάσκεταιΕΙ.</span> 
     </span>
     <span class='ocr_line' id='line_1_15' title="bbox 228 1012 1242 1066; baseline -0.006 -13"><span class='ocrx_word' id='word_1_103' title='bbox 228 1019 309 1054; x_wconf 92' lang='grc'>621.</span> <span class='ocrx_word' id='word_1_104' title='bbox 339 1018 394 1066; x_wconf 81' lang='grc' dir='ltr'>ὄψ’</span> <span class='ocrx_word' id='word_1_105' title='bbox 429 1016 628 1066; x_wconf 82' lang='grc' dir='ltr'>κδιδαχθεὶς</span> <span class='ocrx_word' id='word_1_106' title='bbox 644 1022 713 1052; x_wconf 86' lang='grc' dir='ltr'>τῶν</span> <span class='ocrx_word' id='word_1_107' title='bbox 730 1015 803 1051; x_wconf 75' lang='grc' dir='ltr'>κατ’</span> <span class='ocrx_word' id='word_1_108' title='bbox 821 1016 917 1050; x_wconf 85' lang='grc' dir='ltr'>οἷκον</span> <span class='ocrx_word' id='word_1_109' title='bbox 937 1017 992 1047; x_wconf 89' lang='lat' dir='ltr'>Tr.</span> <span class='ocrx_word' id='word_1_110' title='bbox 1013 1012 1094 1047; x_wconf 88' lang='lat'>934.</span> <span class='ocrx_word' id='word_1_111' title='bbox 1121 1012 1164 1048; x_wconf 79' lang='grc' dir='ltr'>ἵν’</span> <span class='ocrx_word' id='word_1_112' title='bbox 1184 1013 1242 1047; x_wconf 90' lang='grc' dir='ltr'>ἐκ-</span> 
     </span>
     <span class='ocr_line' id='line_1_16' title="bbox 228 1060 1243 1115; baseline -0.007 -14"><span class='ocrx_word' id='word_1_113' title='bbox 228 1065 380 1115; x_wconf 76' lang='grc' dir='ltr'>διδαχθῇ</span> <span class='ocrx_word' id='word_1_114' title='bbox 397 1069 497 1101; x_wconf 86' lang='grc' dir='ltr'>πᾶσιν</span> <span class='ocrx_word' id='word_1_115' title='bbox 515 1063 689 1113; x_wconf 70' lang='grc' dir='ltr'>ἀγγέλλειν</span> <span class='ocrx_word' id='word_1_116' title='bbox 711 1062 810 1097; x_wconf 91' lang='grc'>1110.</span> <span class='ocrx_word' id='word_1_117' title='bbox 841 1060 1038 1109; x_wconf 85' lang='grc' dir='ltr'>ἐκδιδαχθῶ</span> <span class='ocrx_word' id='word_1_118' title='bbox 1056 1060 1143 1107; x_wconf 83' lang='grc' dir='ltr'>δῆτα</span> <span class='ocrx_word' id='word_1_119' title='bbox 1161 1060 1243 1094; x_wconf 90' lang='grc' dir='ltr'>δυσ-</span> 
     </span>
     <span class='ocr_line' id='line_1_17' title="bbox 230 1112 495 1160; baseline -0.011 -11"><span class='ocrx_word' id='word_1_120' title='bbox 230 1113 362 1160; x_wconf 82' lang='grc' dir='ltr'>σεβεῖν;</span> <span class='ocrx_word' id='word_1_121' title='bbox 394 1112 495 1147; x_wconf 89' lang='grc'>1245.</span> 
     </span>
    </p>

    <p class='ocr_par' dir='ltr' id='par_1_8' title="bbox 231 1165 1245 1304">
     <span class='ocr_line' id='line_1_18' title="bbox 300 1165 1245 1217; baseline -0.008 -9"><span class='ocrx_word' id='word_1_122' title='bbox 300 1166 547 1217; x_wconf 65' lang='grc' dir='ltr'>Ἐκδίδωμι</span> <span class='ocrx_word' id='word_1_123' title='bbox 579 1171 687 1203; x_wconf 76' lang='lat' dir='ltr'>trade.</span> <span class='ocrx_word' id='word_1_124' title='bbox 740 1169 870 1216; x_wconf 82' lang='grc' dir='ltr'>ποιμὴν</span> <span class='ocrx_word' id='word_1_125' title='bbox 896 1166 1002 1206; x_wconf 83' lang='grc' dir='ltr'>ἄλλος</span> <span class='ocrx_word' id='word_1_126' title='bbox 1034 1166 1061 1200; x_wconf 89' lang='grc' dir='ltr'>σ’</span> <span class='ocrx_word' id='word_1_127' title='bbox 1087 1165 1245 1202; x_wconf 89' lang='grc' dir='ltr'>ἐκδίδωσί</span> 
     </span>
     <span class='ocr_line' id='line_1_19' title="bbox 231 1212 1245 1266; baseline -0.006 -12"><span class='ocrx_word' id='word_1_128' title='bbox 231 1232 290 1266; x_wconf 87' lang='grc' dir='ltr'>μοι</span> <span class='ocrx_word' id='word_1_129' title='bbox 307 1221 365 1253; x_wconf 88' lang='lat' dir='ltr'>OR</span> <span class='ocrx_word' id='word_1_130' title='bbox 385 1217 475 1252; x_wconf 88' lang='grc'>1040</span> <span class='ocrx_word' id='word_1_131' title='bbox 508 1222 544 1252; x_wconf 78' lang='lat' dir='ltr'>in</span> <span class='ocrx_word' id='word_1_132' title='bbox 565 1221 778 1260; x_wconf 80' lang='lat' dir='ltr'>potestatem:</span> <span class='ocrx_word' id='word_1_133' title='bbox 806 1215 843 1254; x_wconf 86' lang='grc' dir='ltr'>ὅς</span> <span class='ocrx_word' id='word_1_134' title='bbox 867 1227 905 1263; x_wconf 91' lang='grc' dir='ltr'>γε</span> <span class='ocrx_word' id='word_1_135' title='bbox 927 1218 1001 1253; x_wconf 89' lang='grc' dir='ltr'>τοῖς</span> <span class='ocrx_word' id='word_1_136' title='bbox 1028 1213 1185 1262; x_wconf 85' lang='grc' dir='ltr'>ἐχθροῖσί</span> <span class='ocrx_word' id='word_1_137' title='bbox 1211 1212 1245 1260; x_wconf 88' lang='grc' dir='ltr'>μ’</span> 
     </span>
     <span class='ocr_line' id='line_1_20' title="bbox 231 1262 719 1304; baseline -0.012 -2"><span class='ocrx_word' id='word_1_138' title='bbox 231 1266 390 1302; x_wconf 78' lang='grc' dir='ltr'>ἐκδοῦναι</span> <span class='ocrx_word' id='word_1_139' title='bbox 406 1265 519 1304; x_wconf 84' lang='grc' dir='ltr'>θέλεις</span> <span class='ocrx_word' id='word_1_140' title='bbox 537 1267 598 1299; x_wconf 85' lang='grc' dir='ltr'>ΡΙι.</span> <span class='ocrx_word' id='word_1_141' title='bbox 618 1262 719 1297; x_wconf 92' lang='grc'>1386.</span> 
     </span>
    </p>

    <p class='ocr_par' dir='ltr' id='par_1_9' title="bbox 231 1319 1245 1420">
     <span class='ocr_line' id='line_1_21' title="bbox 295 1319 1245 1369; baseline -0.008 -8"><span class='ocrx_word' id='word_1_142' title='bbox 295 1319 512 1363; x_wconf 76' lang='grc' dir='ltr'>Ἕκδῖκος</span> <span class='ocrx_word' id='word_1_143' title='bbox 538 1327 688 1357; x_wconf 74' lang='lat' dir='ltr'>iniustus.</span> <span class='ocrx_word' id='word_1_144' title='bbox 735 1321 774 1356; x_wconf 80' lang='grc' dir='ltr'>οὐ</span> <span class='ocrx_word' id='word_1_145' title='bbox 791 1321 854 1369; x_wconf 83' lang='grc' dir='ltr'>γὰρ</span> <span class='ocrx_word' id='word_1_146' title='bbox 872 1320 1025 1366; x_wconf 81' lang='grc' dir='ltr'>φιλοῦσιν</span> <span class='ocrx_word' id='word_1_147' title='bbox 1042 1319 1167 1366; x_wconf 80' lang='grc' dir='ltr'>ἄνδρας</span> <span class='ocrx_word' id='word_1_148' title='bbox 1185 1319 1245 1354; x_wconf 84' lang='grc' dir='ltr'>ἐκ-</span> 
     </span>
     <span class='ocr_line' id='line_1_22' title="bbox 231 1368 1061 1420; baseline -0.007 -12"><span class='ocrx_word' id='word_1_149' title='bbox 231 1372 347 1412; x_wconf 82' lang='grc' dir='ltr'>δίκους</span> <span class='ocrx_word' id='word_1_150' title='bbox 362 1371 498 1420; x_wconf 76' lang='grc' dir='ltr'>τρέφειν</span> <span class='ocrx_word' id='word_1_151' title='bbox 516 1372 570 1405; x_wconf 87' lang='lat' dir='ltr'>OC</span> <span class='ocrx_word' id='word_1_152' title='bbox 589 1369 669 1404; x_wconf 90' lang='lat'>920.</span> <span class='ocrx_word' id='word_1_153' title='bbox 700 1371 819 1404; x_wconf 82' lang='lat' dir='ltr'>Suidas</span> <span class='ocrx_word' id='word_1_154' title='bbox 837 1380 869 1401; x_wconf 80' lang='lat' dir='ltr'>v,</span> <span class='ocrx_word' id='word_1_155' title='bbox 892 1368 1061 1406; x_wconf 89' lang='grc' dir='ltr'>ἐκδίκους.</span> 
     </span>
    </p>

    <p class='ocr_par' dir='ltr' id='par_1_10' title="bbox 233 1424 1245 1524">
     <span class='ocr_line' id='line_1_23' title="bbox 300 1424 1245 1474; baseline -0.007 -8"><span class='ocrx_word' id='word_1_156' title='bbox 300 1429 519 1469; x_wconf 86' lang='grc' dir='ltr'>Ἐκδίκως</span> <span class='ocrx_word' id='word_1_157' title='bbox 546 1433 676 1463; x_wconf 80' lang='lat' dir='ltr'>iniuste.</span> <span class='ocrx_word' id='word_1_158' title='bbox 705 1427 815 1463; x_wconf 81' lang='grc' dir='ltr'>*κακὰ</span> <span class='ocrx_word' id='word_1_159' title='bbox 833 1427 955 1474; x_wconf 87' lang='grc' dir='ltr'>δρῶσιν</span> <span class='ocrx_word' id='word_1_160' title='bbox 975 1425 1121 1465; x_wconf 79' lang='grc' dir='ltr'>ἐκδίκως</span> <span class='ocrx_word' id='word_1_161' title='bbox 1139 1424 1245 1471; x_wconf 83' lang='grc' dir='ltr'>[ἐνδί-</span> 
     </span>
     <span class='ocr_line' id='line_1_24' title="bbox 233 1474 950 1524; baseline -0.011 -10"><span class='ocrx_word' id='word_1_162' title='bbox 233 1486 305 1514; x_wconf 77' lang='grc' dir='ltr'>κως</span> <span class='ocrx_word' id='word_1_163' title='bbox 323 1476 397 1523; x_wconf 89' lang='lat' dir='ltr'>LA]</span> <span class='ocrx_word' id='word_1_164' title='bbox 424 1477 486 1524; x_wconf 79' lang='grc' dir='ltr'>ἐμέ</span> <span class='ocrx_word' id='word_1_165' title='bbox 503 1480 585 1511; x_wconf 90' lang='lat' dir='ltr'>Ant.</span> <span class='ocrx_word' id='word_1_166' title='bbox 607 1474 676 1509; x_wconf 85' lang='lat'>928</span> <span class='ocrx_word' id='word_1_167' title='bbox 700 1475 794 1522; x_wconf 82' lang='lat' dir='ltr'>[secl.</span> <span class='ocrx_word' id='word_1_168' title='bbox 816 1474 950 1520; x_wconf 86' lang='lat' dir='ltr'>Dind.].</span> 
     </span>
    </p>
   </div>
   <div class='ocr_carea' id='block_1_4' title="bbox 232 1542 1246 1729">
    <p class='ocr_par' dir='ltr' id='par_1_11' title="bbox 232 1542 1246 1729">
     <span class='ocr_line' id='line_1_25' title="bbox 301 1542 1245 1594; baseline -0.007 -10"><span class='ocrx_word' id='word_1_169' title='bbox 301 1547 406 1584; x_wconf 82' lang='grc' dir='ltr'>Ἐκδ</span> <span class='ocrx_word' id='word_1_170' title='bbox 417 1542 436 1582; x_wconf 65' lang='grc' dir='ltr'>ὅ</span> <span class='ocrx_word' id='word_1_171' title='bbox 447 1562 476 1582; x_wconf 92' lang='grc' dir='ltr'>ω</span> <span class='ocrx_word' id='word_1_172' title='bbox 489 1549 637 1590; x_wconf 76' lang='lat' dir='ltr'>prosilio.</span> <span class='ocrx_word' id='word_1_173' title='bbox 666 1545 845 1593; x_wconf 79' lang='grc' dir='ltr'>(βλαστὸς)</span> <span class='ocrx_word' id='word_1_174' title='bbox 863 1543 1098 1594; x_wconf 86' lang='grc' dir='ltr'>χαλκηλάτοις</span> <span class='ocrx_word' id='word_1_175' title='bbox 1113 1542 1245 1578; x_wconf 82' lang='grc' dir='ltr'>ὅπλοισι</span> 
     </span>
     <span class='ocr_line' id='line_1_26' title="bbox 232 1591 1246 1644; baseline -0.009 -12"><span class='ocrx_word' id='word_1_176' title='bbox 232 1597 361 1644; x_wconf 84' lang='grc' dir='ltr'>μητρὸς</span> <span class='ocrx_word' id='word_1_177' title='bbox 379 1594 490 1638; x_wconf 76' lang='grc' dir='ltr'>ἐξέδυ;</span> <span class='ocrx_word' id='word_1_178' title='bbox 514 1596 626 1628; x_wconf 82' lang='lat' dir='ltr'>Colch.</span> <span class='ocrx_word' id='word_1_179' title='bbox 647 1596 687 1626; x_wconf 84' lang='lat' dir='ltr'>fr.</span> <span class='ocrx_word' id='word_1_180' title='bbox 710 1591 790 1635; x_wconf 83' lang='lat'>314,</span> <span class='ocrx_word' id='word_1_181' title='bbox 811 1591 843 1626; x_wconf 91' lang='lat'>3.</span> <span class='ocrx_word' id='word_1_182' title='bbox 874 1594 1012 1626; x_wconf 87' lang='lat' dir='ltr'>Dudum</span> <span class='ocrx_word' id='word_1_183' title='bbox 1030 1594 1246 1624; x_wconf 81' lang='lat' dir='ltr'>emendatum</span> 
     </span>
     <span class='ocr_line' id='line_1_27' title="bbox 233 1637 1242 1691; baseline -0.008 -12"><span class='ocrx_word' id='word_1_184' title='bbox 233 1644 282 1691; x_wconf 85' lang='grc' dir='ltr'>μὴ</span> <span class='ocrx_word' id='word_1_185' title='bbox 309 1641 490 1691; x_wconf 81' lang='grc' dir='ltr'>προσεξέδυ</span> <span class='ocrx_word' id='word_1_186' title='bbox 524 1644 649 1674; x_wconf 80' lang='lat' dir='ltr'>lectum</span> <span class='ocrx_word' id='word_1_187' title='bbox 683 1643 761 1674; x_wconf 93' lang='lat' dir='ltr'>olim</span> <span class='ocrx_word' id='word_1_188' title='bbox 787 1652 840 1683; x_wconf 88' lang='lat' dir='ltr'>ap.</span> <span class='ocrx_word' id='word_1_189' title='bbox 869 1642 970 1673; x_wconf 87' lang='lat' dir='ltr'>schol.</span> <span class='ocrx_word' id='word_1_190' title='bbox 992 1641 1102 1681; x_wconf 87' lang='lat' dir='ltr'>Apoll.</span> <span class='ocrx_word' id='word_1_191' title='bbox 1124 1640 1187 1671; x_wconf 88' lang='lat' dir='ltr'>Rh.</span> <span class='ocrx_word' id='word_1_192' title='bbox 1209 1637 1242 1679; x_wconf 88' lang='lat'>3,</span> 
     </span>
     <span class='ocr_line' id='line_1_28' title="bbox 234 1689 1245 1729; baseline -0.006 -5"><span class='ocrx_word' id='word_1_193' title='bbox 234 1689 336 1724; x_wconf 86' lang='lat'>1371.</span> <span class='ocrx_word' id='word_1_194' title='bbox 380 1691 489 1723; x_wconf 87' lang='lat' dir='ltr'>Mater</span> <span class='ocrx_word' id='word_1_195' title='bbox 514 1691 573 1722; x_wconf 78' lang='lat' dir='ltr'>illa</span> <span class='ocrx_word' id='word_1_196' title='bbox 598 1691 700 1722; x_wconf 88' lang='lat' dir='ltr'>tellus</span> <span class='ocrx_word' id='word_1_197' title='bbox 718 1693 789 1729; x_wconf 89' lang='lat' dir='ltr'>est,</span> <span class='ocrx_word' id='word_1_198' title='bbox 818 1690 908 1721; x_wconf 89' lang='lat' dir='ltr'>unde</span> <span class='ocrx_word' id='word_1_199' title='bbox 932 1689 1054 1729; x_wconf 82' lang='lat' dir='ltr'><strong>sparsis</strong></span> <span class='ocrx_word' id='word_1_200' title='bbox 1072 1689 1112 1719; x_wconf 92' lang='lat' dir='ltr'>ab</span> <span class='ocrx_word' id='word_1_201' title='bbox 1129 1689 1245 1719; x_wconf 84' lang='lat' dir='ltr'>Iasone</span> 
     </span>
    </p>
   </div>
   <div class='ocr_carea' id='block_1_5' title="bbox 232 1734 1242 1828">
    <p class='ocr_par' dir='ltr' id='par_1_12' title="bbox 232 1734 1242 1828">
     <span class='ocr_line' id='line_1_29' title="bbox 234 1734 1242 1778; baseline -0.007 -6"><span class='ocrx_word' id='word_1_202' title='bbox 234 1740 393 1772; x_wconf 87' lang='lat' dir='ltr'>dentibus</span> <span class='ocrx_word' id='word_1_203' title='bbox 411 1739 599 1778; x_wconf 78' lang='lat' dir='ltr'>terrigenae</span> <span class='ocrx_word' id='word_1_204' title='bbox 617 1738 735 1768; x_wconf 89' lang='lat' dir='ltr'>armati</span> <span class='ocrx_word' id='word_1_205' title='bbox 753 1738 979 1768; x_wconf 82' lang='lat' dir='ltr'>exstiterunt:</span> <span class='ocrx_word' id='word_1_206' title='bbox 1002 1746 1033 1766; x_wconf 93' lang='lat' dir='ltr'>v.</span> <span class='ocrx_word' id='word_1_207' title='bbox 1052 1734 1242 1766; x_wconf 88' lang='lat' dir='ltr'>Hemsterh.</span> 
     </span>
     <span class='ocr_line' id='line_1_30' title="bbox 232 1781 727 1828; baseline -0.008 -9"><span class='ocrx_word' id='word_1_208' title='bbox 232 1797 285 1828; x_wconf 84' lang='lat' dir='ltr'>ap.</span> <span class='ocrx_word' id='word_1_209' title='bbox 308 1787 423 1819; x_wconf 88' lang='lat' dir='ltr'>Valck.</span> <span class='ocrx_word' id='word_1_210' title='bbox 446 1786 486 1817; x_wconf 92' lang='lat' dir='ltr'>ad</span> <span class='ocrx_word' id='word_1_211' title='bbox 504 1785 630 1817; x_wconf 89' lang='lat' dir='ltr'>Phoen.</span> <span class='ocrx_word' id='word_1_212' title='bbox 648 1781 727 1816; x_wconf 92' lang='lat'>670.</span> 
     </span>
    </p>
   </div>
   <div class='ocr_carea' id='block_1_6' title="bbox 233 1837 1256 2730">
    <p class='ocr_par' dir='ltr' id='par_1_13' title="bbox 233 1837 1256 2730">
     <span class='ocr_line' id='line_1_31' title="bbox 302 1837 1244 1888; baseline -0.007 -10"><span class='ocrx_word' id='word_1_213' title='bbox 302 1841 431 1878; x_wconf 84' lang='grc' dir='ltr'>Ἐκεῖ</span> <span class='ocrx_word' id='word_1_214' title='bbox 455 1842 552 1888; x_wconf 88' lang='lat' dir='ltr'>[Lob.</span> <span class='ocrx_word' id='word_1_215' title='bbox 574 1844 670 1875; x_wconf 88' lang='lat' dir='ltr'>Path.</span> <span class='ocrx_word' id='word_1_216' title='bbox 691 1839 725 1883; x_wconf 91' lang='lat'>2,</span> <span class='ocrx_word' id='word_1_217' title='bbox 745 1837 826 1873; x_wconf 88' lang='lat'>295.</span> <span class='ocrx_word' id='word_1_218' title='bbox 857 1841 951 1873; x_wconf 88' lang='lat' dir='ltr'>Ourt.</span> <span class='ocrx_word' id='word_1_219' title='bbox 973 1841 1029 1872; x_wconf 87' lang='lat' dir='ltr'>Et.</span> <span class='ocrx_word' id='word_1_220' title='bbox 1050 1851 1084 1882; x_wconf 89' lang='lat' dir='ltr'>p.</span> <span class='ocrx_word' id='word_1_221' title='bbox 1105 1837 1174 1872; x_wconf 89' lang='lat'>410</span> <span class='ocrx_word' id='word_1_222' title='bbox 1191 1841 1244 1872; x_wconf 92' lang='lat' dir='ltr'>ed.</span> 
     </span>
     <span class='ocr_line' id='line_1_32' title="bbox 233 1888 1248 1937; baseline -0.006 -13"><span class='ocrx_word' id='word_1_223' title='bbox 233 1890 271 1937; x_wconf 91' lang='lat'>2]</span> <span class='ocrx_word' id='word_1_224' title='bbox 299 1893 385 1933; x_wconf 77' lang='lat' dir='ltr'>illic,</span> <span class='ocrx_word' id='word_1_225' title='bbox 412 1893 523 1924; x_wconf 77' lang='lat' dir='ltr'>locum</span> <span class='ocrx_word' id='word_1_226' title='bbox 541 1892 581 1923; x_wconf 87' lang='lat' dir='ltr'>ab</span> <span class='ocrx_word' id='word_1_227' title='bbox 599 1900 637 1922; x_wconf 89' lang='lat' dir='ltr'>eo</span> <span class='ocrx_word' id='word_1_228' title='bbox 652 1899 752 1931; x_wconf 91' lang='lat' dir='ltr'>quem</span> <span class='ocrx_word' id='word_1_229' title='bbox 769 1892 925 1921; x_wconf 90' lang='lat' dir='ltr'>tenemus</span> <span class='ocrx_word' id='word_1_230' title='bbox 943 1893 1108 1920; x_wconf 86' lang='lat' dir='ltr'>remotum</span> <span class='ocrx_word' id='word_1_231' title='bbox 1124 1888 1179 1919; x_wconf 85' lang='lat' dir='ltr'>vel</span> <span class='ocrx_word' id='word_1_232' title='bbox 1195 1888 1248 1919; x_wconf 90' lang='lat' dir='ltr'>di-</span> 
     </span>
     <span class='ocr_line' id='line_1_33' title="bbox 235 1932 1248 1982; baseline -0.005 -10"><span class='ocrx_word' id='word_1_233' title='bbox 235 1942 345 1972; x_wconf 90' lang='lat' dir='ltr'>visum</span> <span class='ocrx_word' id='word_1_234' title='bbox 363 1940 565 1979; x_wconf 83' lang='lat' dir='ltr'>significans.</span> <span class='ocrx_word' id='word_1_235' title='bbox 603 1938 650 1975; x_wconf 82' lang='grc' dir='ltr'>ὡς</span> <span class='ocrx_word' id='word_1_236' title='bbox 667 1933 786 1982; x_wconf 81' lang='grc' dir='ltr'>ηὐδᾶτ’</span> <span class='ocrx_word' id='word_1_237' title='bbox 805 1934 878 1969; x_wconf 88' lang='grc' dir='ltr'>ἐκεῖ</span> <span class='ocrx_word' id='word_1_238' title='bbox 894 1936 952 1967; x_wconf 91' lang='lat' dir='ltr'>OR</span> <span class='ocrx_word' id='word_1_239' title='bbox 969 1933 1048 1967; x_wconf 90' lang='lat'>940.</span> <span class='ocrx_word' id='word_1_240' title='bbox 1094 1933 1168 1968; x_wconf 88' lang='grc' dir='ltr'>ἐκεῖ</span> <span class='ocrx_word' id='word_1_241' title='bbox 1184 1932 1248 1980; x_wconf 85' lang='grc' dir='ltr'>γὰρ</span> 
     </span>
     <span class='ocr_line' id='line_1_34' title="bbox 234 1979 1248 2031; baseline -0.005 -12"><span class='ocrx_word' id='word_1_242' title='bbox 234 1987 286 2031; x_wconf 86' lang='lat' dir='ltr'>(in</span> <span class='ocrx_word' id='word_1_243' title='bbox 315 1985 482 2029; x_wconf 84' lang='lat' dir='ltr'>Aegypto]</span> <span class='ocrx_word' id='word_1_244' title='bbox 515 1984 548 2019; x_wconf 81' lang='grc' dir='ltr'>οἱ</span> <span class='ocrx_word' id='word_1_245' title='bbox 575 1984 637 2029; x_wconf 89' lang='grc' dir='ltr'>μὲν</span> <span class='ocrx_word' id='word_1_246' title='bbox 664 1983 802 2030; x_wconf 81' lang='grc' dir='ltr'>ἄρσενες</span> <span class='ocrx_word' id='word_1_247' title='bbox 827 1981 917 2017; x_wconf 83' lang='grc' dir='ltr'>κατὰ</span> <span class='ocrx_word' id='word_1_248' title='bbox 942 1981 1060 2028; x_wconf 81' lang='grc' dir='ltr'>στέγας</span> <span class='ocrx_word' id='word_1_249' title='bbox 1083 1979 1248 2015; x_wconf 82' lang='grc' dir='ltr'>θακοῦσιν</span> 
     </span>
     <span class='ocr_line' id='line_1_35' title="bbox 237 2027 1248 2079; baseline -0.006 -11"><span class='ocrx_word' id='word_1_250' title='bbox 237 2033 328 2068; x_wconf 82' lang='grc' dir='ltr'>ἱστου</span> <span class='ocrx_word' id='word_1_251' title='bbox 351 2035 488 2079; x_wconf 84' lang='grc' dir='ltr'>γοῦντες</span> <span class='ocrx_word' id='word_1_252' title='bbox 503 2032 558 2064; x_wconf 83' lang='lat' dir='ltr'>OG</span> <span class='ocrx_word' id='word_1_253' title='bbox 576 2028 655 2064; x_wconf 87' lang='grc'>339.</span> <span class='ocrx_word' id='word_1_254' title='bbox 701 2030 775 2064; x_wconf 88' lang='grc' dir='ltr'>ἐκεῖ</span> <span class='ocrx_word' id='word_1_255' title='bbox 822 2031 912 2077; x_wconf 86' lang='grc' dir='ltr'>ώρας</span> <span class='ocrx_word' id='word_1_256' title='bbox 930 2028 1089 2075; x_wconf 85' lang='grc' dir='ltr'>ἀλάστωρ</span> <span class='ocrx_word' id='word_1_257' title='bbox 1108 2027 1248 2062; x_wconf 84' lang='grc' dir='ltr'>ἐνναίων</span> 
     </span>
     <span class='ocr_line' id='line_1_36' title="bbox 236 2041 1250 2126; baseline -0.006 -11"><span class='ocrx_word' id='word_1_258' title='bbox 236 2079 318 2115; x_wconf 85' lang='grc' dir='ltr'>ἀεί7</span> <span class='ocrx_word' id='word_1_259' title='bbox 344 2080 376 2114; x_wconf 91' lang='grc'>7.</span> <span class='ocrx_word' id='word_1_260' title='bbox 404 2073 507 2126; x_wconf 81' lang='grc' dir='ltr'>τᾶργ’,</span> <span class='ocrx_word' id='word_1_261' title='bbox 531 2077 579 2112; x_wconf 82' lang='grc' dir='ltr'>ὅσ’</span> <span class='ocrx_word' id='word_1_262' title='bbox 596 2077 639 2124; x_wconf 83' lang='grc' dir='ltr'>ἠν</span> <span class='ocrx_word' id='word_1_263' title='bbox 659 2077 733 2112; x_wconf 85' lang='grc' dir='ltr'>ἐκεῖ</span> <span class='ocrx_word' id='word_1_264' title='bbox 751 2041 852 2111; x_wconf 60' lang='lat'>1582.</span> <span class='ocrx_word' id='word_1_265' title='bbox 883 2075 956 2110; x_wconf 91' lang='grc' dir='ltr'>ἐκεῖ</span> <span class='ocrx_word' id='word_1_266' title='bbox 972 2074 1035 2123; x_wconf 79' lang='grc' dir='ltr'>γὰρ</span> <span class='ocrx_word' id='word_1_267' title='bbox 1054 2075 1119 2110; x_wconf 86' lang='grc' dir='ltr'>αἰεὶ</span> <span class='ocrx_word' id='word_1_268' title='bbox 1134 2074 1250 2110; x_wconf 85' lang='grc' dir='ltr'>κείσο-</span> 
     </span>
     <span class='ocr_line' id='line_1_37' title="bbox 237 2120 1247 2174; baseline -0.006 -13"><span class='ocrx_word' id='word_1_269' title='bbox 237 2131 387 2174; x_wconf 73' lang='grc' dir='ltr'>μαιΑιιι.</span> <span class='ocrx_word' id='word_1_270' title='bbox 399 2125 455 2160; x_wconf 92' lang='grc'>76.</span> <span class='ocrx_word' id='word_1_271' title='bbox 479 2126 551 2160; x_wconf 90' lang='grc' dir='ltr'>ἐκεῖ</span> <span class='ocrx_word' id='word_1_272' title='bbox 559 2124 623 2173; x_wconf 81' lang='grc' dir='ltr'>γὰρ</span> <span class='ocrx_word' id='word_1_273' title='bbox 632 2123 709 2160; x_wconf 67' lang='grc' dir='ltr'>οὔτε</span> <span class='ocrx_word' id='word_1_274' title='bbox 717 2136 778 2158; x_wconf 90' lang='grc' dir='ltr'>του</span> <span class='ocrx_word' id='word_1_275' title='bbox 793 2122 936 2172; x_wconf 77' lang='grc' dir='ltr'>γενῇδος</span> <span class='ocrx_word' id='word_1_276' title='bbox 952 2122 995 2169; x_wconf 87' lang='grc' dir='ltr'>ἦν</span> <span class='ocrx_word' id='word_1_277' title='bbox 1013 2122 1157 2170; x_wconf 84' lang='grc' dir='ltr'>πλῆγμα</span> <span class='ocrx_word' id='word_1_278' title='bbox 1167 2120 1247 2155; x_wconf 90' lang='grc'>249.</span> 
     </span>
     <span class='ocr_line' id='line_1_38' title="bbox 235 2168 1251 2218; baseline -0.007 -8"><span class='ocrx_word' id='word_1_279' title='bbox 235 2174 338 2210; x_wconf 81' lang='grc' dir='ltr'>κάκεῖ</span> <span class='ocrx_word' id='word_1_280' title='bbox 353 2175 410 2210; x_wconf 89' lang='grc' dir='ltr'>τὸν</span> <span class='ocrx_word' id='word_1_281' title='bbox 421 2168 502 2209; x_wconf 52' lang='grc' dir='ltr'>(Ἀιδ</span> <span class='ocrx_word' id='word_1_282' title='bbox 529 2185 546 2207; x_wconf 91' lang='grc' dir='ltr'>ν</span> <span class='ocrx_word' id='word_1_283' title='bbox 564 2170 751 2218; x_wconf 76' lang='grc' dir='ltr'>αἰτουμένη</span> <span class='ocrx_word' id='word_1_284' title='bbox 770 2170 848 2205; x_wconf 93' lang='grc'>777.</span> <span class='ocrx_word' id='word_1_285' title='bbox 887 2170 924 2204; x_wconf 88' lang='grc' dir='ltr'>σὲ</span> <span class='ocrx_word' id='word_1_286' title='bbox 944 2171 1006 2215; x_wconf 82' lang='grc' dir='ltr'>μὲν</span> <span class='ocrx_word' id='word_1_287' title='bbox 1023 2169 1126 2204; x_wconf 92' lang='grc' dir='ltr'>κάκεῖ</span> <span class='ocrx_word' id='word_1_288' title='bbox 1143 2180 1251 2216; x_wconf 88' lang='grc' dir='ltr'>προσ-</span> 
     </span>
     <span class='ocr_line' id='line_1_39' title="bbox 237 2213 1252 2269; baseline -0.008 -12"><span class='ocrx_word' id='word_1_289' title='bbox 237 2221 379 2269; x_wconf 82' lang='grc' dir='ltr'>αυδήσω</span> <span class='ocrx_word' id='word_1_290' title='bbox 397 2223 451 2254; x_wconf 88' lang='lat' dir='ltr'>Ai.</span> <span class='ocrx_word' id='word_1_291' title='bbox 463 2219 508 2253; x_wconf 88' lang='lat'>85</span> <span class='ocrx_word' id='word_1_292' title='bbox 538 2246 544 2253; x_wconf 99' lang='lat'>.</span> <span class='ocrx_word' id='word_1_293' title='bbox 589 2218 619 2254; x_wconf 76' lang='grc' dir='ltr'>εἴ</span> <span class='ocrx_word' id='word_1_294' title='bbox 633 2231 683 2257; x_wconf 83' lang='grc' dir='ltr'>τις</span> <span class='ocrx_word' id='word_1_295' title='bbox 702 2213 768 2253; x_wconf 82' lang='grc' dir='ltr'>ἔστ’</span> <span class='ocrx_word' id='word_1_296' title='bbox 787 2219 860 2254; x_wconf 91' lang='grc' dir='ltr'>ἐκεῖ</span> <span class='ocrx_word' id='word_1_297' title='bbox 875 2217 975 2266; x_wconf 86' lang='grc' dir='ltr'>χάρις</span> <span class='ocrx_word' id='word_1_298' title='bbox 993 2219 1047 2251; x_wconf 87' lang='grc' dir='ltr'>ΕΙ.</span> <span class='ocrx_word' id='word_1_299' title='bbox 1069 2215 1136 2250; x_wconf 87' lang='grc'>356</span> <span class='ocrx_word' id='word_1_300' title='bbox 1162 2218 1252 2258; x_wconf 82' lang='lat' dir='ltr'>apud</span> 
     </span>
     <span class='ocr_line' id='line_1_40' title="bbox 239 2261 1247 2311; baseline -0.006 -9"><span class='ocrx_word' id='word_1_301' title='bbox 239 2270 379 2311; x_wconf 75' lang='lat' dir='ltr'>inferos,</span> <span class='ocrx_word' id='word_1_302' title='bbox 411 2270 504 2301; x_wconf 90' lang='lat' dir='ltr'>velut</span> <span class='ocrx_word' id='word_1_303' title='bbox 529 2270 609 2300; x_wconf 89' lang='lat' dir='ltr'>Ant.</span> <span class='ocrx_word' id='word_1_304' title='bbox 627 2264 691 2299; x_wconf 87' lang='lat'>76:</span> <span class='ocrx_word' id='word_1_305' title='bbox 721 2277 751 2299; x_wconf 89' lang='lat' dir='ltr'>v.</span> <span class='ocrx_word' id='word_1_306' title='bbox 773 2267 886 2299; x_wconf 91' lang='lat' dir='ltr'>Monk.</span> <span class='ocrx_word' id='word_1_307' title='bbox 911 2267 953 2298; x_wconf 84' lang='lat' dir='ltr'>ad</span> <span class='ocrx_word' id='word_1_308' title='bbox 969 2266 1050 2297; x_wconf 85' lang='lat' dir='ltr'>Eur.</span> <span class='ocrx_word' id='word_1_309' title='bbox 1072 2266 1144 2297; x_wconf 89' lang='lat' dir='ltr'>Alc.</span> <span class='ocrx_word' id='word_1_310' title='bbox 1167 2261 1247 2296; x_wconf 92' lang='lat'>754.</span> 
     </span>
     <span class='ocr_line' id='line_1_41' title="bbox 237 2309 1253 2360; baseline -0.005 -11"><span class='ocrx_word' id='word_1_311' title='bbox 237 2318 359 2349; x_wconf 83' lang='lat' dir='ltr'>Blomf.</span> <span class='ocrx_word' id='word_1_312' title='bbox 381 2317 425 2357; x_wconf 87' lang='lat' dir='ltr'>gl.</span> <span class='ocrx_word' id='word_1_313' title='bbox 448 2315 528 2348; x_wconf 85' lang='lat' dir='ltr'>Cho.</span> <span class='ocrx_word' id='word_1_314' title='bbox 549 2311 628 2347; x_wconf 81' lang='lat'>353.</span> <span class='ocrx_word' id='word_1_315' title='bbox 665 2311 778 2348; x_wconf 88' lang='grc' dir='ltr'>τοῖσδε</span> <span class='ocrx_word' id='word_1_316' title='bbox 795 2312 859 2360; x_wconf 86' lang='grc' dir='ltr'>γὰρ</span> <span class='ocrx_word' id='word_1_317' title='bbox 878 2311 994 2358; x_wconf 78' lang='grc' dir='ltr'>μόνοις</span> <span class='ocrx_word' id='word_1_318' title='bbox 1012 2311 1086 2345; x_wconf 90' lang='grc' dir='ltr'>ἐκεῖ</span> <span class='ocrx_word' id='word_1_319' title='bbox 1103 2310 1164 2358; x_wconf 78' lang='grc' dir='ltr'>ζῆν</span> <span class='ocrx_word' id='word_1_320' title='bbox 1185 2309 1253 2344; x_wconf 87' lang='grc' dir='ltr'>ἐστί</span> 
     </span>
     <span class='ocr_line' id='line_1_42' title="bbox 238 2360 1248 2404; baseline -0.007 -7"><span class='ocrx_word' id='word_1_321' title='bbox 238 2366 278 2397; x_wconf 83' lang='lat' dir='ltr'>fr.</span> <span class='ocrx_word' id='word_1_322' title='bbox 300 2366 365 2396; x_wconf 82' lang='lat' dir='ltr'>ine.</span> <span class='ocrx_word' id='word_1_323' title='bbox 386 2360 466 2404; x_wconf 88' lang='lat'>719,</span> <span class='ocrx_word' id='word_1_324' title='bbox 488 2360 521 2394; x_wconf 86' lang='lat'>3.</span> <span class='ocrx_word' id='word_1_325' title='bbox 550 2362 749 2404; x_wconf 88' lang='lat' dir='ltr'>Opponitur,</span> <span class='ocrx_word' id='word_1_326' title='bbox 770 2371 836 2402; x_wconf 92' lang='lat' dir='ltr'>quo</span> <span class='ocrx_word' id='word_1_327' title='bbox 853 2361 919 2401; x_wconf 86' lang='lat' dir='ltr'>ipsi</span> <span class='ocrx_word' id='word_1_328' title='bbox 937 2369 1118 2398; x_wconf 77' lang='lat' dir='ltr'>versamur,</span> <span class='ocrx_word' id='word_1_329' title='bbox 1139 2361 1248 2391; x_wconf 84' lang='lat' dir='ltr'>locus:</span> 
     </span>
     <span class='ocr_line' id='line_1_43' title="bbox 237 2405 1251 2447; baseline -0.009 -1"><span class='ocrx_word' id='word_1_330' title='bbox 237 2410 340 2445; x_wconf 83' lang='grc' dir='ltr'>κάκεῖ</span> <span class='ocrx_word' id='word_1_331' title='bbox 361 2406 505 2444; x_wconf 83' lang='grc' dir='ltr'>κάνθάδ’</span> <span class='ocrx_word' id='word_1_332' title='bbox 529 2409 576 2443; x_wconf 82' lang='grc' dir='ltr'>ὥν</span> <span class='ocrx_word' id='word_1_333' title='bbox 594 2410 648 2440; x_wconf 88' lang='lat' dir='ltr'>Ai.</span> <span class='ocrx_word' id='word_1_334' title='bbox 672 2405 774 2440; x_wconf 90' lang='lat'>1372.</span> <span class='ocrx_word' id='word_1_335' title='bbox 820 2407 904 2440; x_wconf 81' lang='lat' dir='ltr'>Cum</span> <span class='ocrx_word' id='word_1_336' title='bbox 929 2407 1068 2439; x_wconf 85' lang='lat' dir='ltr'>articulo</span> <span class='ocrx_word' id='word_1_337' title='bbox 1092 2410 1251 2447; x_wconf 81' lang='lat' dir='ltr'>tanquam</span> 
     </span>
     <span class='ocr_line' id='line_1_44' title="bbox 239 2450 1249 2490; baseline -0.006 0"><span class='ocrx_word' id='word_1_338' title='bbox 239 2459 441 2490; x_wconf 83' lang='lat' dir='ltr'>adiectivum</span> <span class='ocrx_word' id='word_1_339' title='bbox 468 2457 596 2489; x_wconf 90' lang='lat' dir='ltr'>nomini</span> <span class='ocrx_word' id='word_1_340' title='bbox 621 2456 770 2487; x_wconf 81' lang='lat' dir='ltr'>additur:</span> <span class='ocrx_word' id='word_1_341' title='bbox 799 2456 881 2488; x_wconf 88' lang='grc' dir='ltr'>πᾶσι</span> <span class='ocrx_word' id='word_1_342' title='bbox 903 2456 978 2490; x_wconf 85' lang='grc' dir='ltr'>τοῖς</span> <span class='ocrx_word' id='word_1_343' title='bbox 1001 2452 1076 2487; x_wconf 87' lang='grc' dir='ltr'>ἐκεῖ</span> <span class='ocrx_word' id='word_1_344' title='bbox 1093 2454 1147 2485; x_wconf 89' lang='lat' dir='ltr'>El.</span> <span class='ocrx_word' id='word_1_345' title='bbox 1169 2450 1249 2486; x_wconf 87' lang='lat'>685.</span> 
     </span>
     <span class='ocr_line' id='line_1_45' title="bbox 238 2498 1252 2597; baseline -0.004 -13"><span class='ocrx_word' id='word_1_346' title='bbox 238 2502 526 2597; x_wconf 46' lang='lat' dir='ltr'>WQAEJW’</span> <span class='ocrx_word' id='word_1_347' title='bbox 536 2498 1120 2595; x_wconf 44' lang='lat' dir='ltr'>{iii’sstil‘3339505&#39;2‘59‘353</span> <span class='ocrx_word' id='word_1_348' title='bbox 1126 2526 1132 2532; x_wconf 83' lang='lat'><strong><em>&#39;</em></strong></span> <span class='ocrx_word' id='word_1_349' title='bbox 1155 2501 1252 2581; x_wconf 58' lang='lat' dir='ltr'>53¹3ng</span> 
     </span>
     <span class='ocr_line' id='line_1_46' title="bbox 239 2551 1254 2646; baseline -0.007 -13"><span class='ocrx_word' id='word_1_350' title='bbox 239 2551 424 2646; x_wconf 48' lang='grc' dir='ltr'>κατὲἷχειν</span> <span class='ocrx_word' id='word_1_351' title='bbox 441 2600 504 2644; x_wconf 82' lang='grc' dir='ltr'>τῆς</span> <span class='ocrx_word' id='word_1_352' title='bbox 524 2597 596 2630; x_wconf 90' lang='grc' dir='ltr'>ἐκεῖ</span> <span class='ocrx_word' id='word_1_353' title='bbox 614 2594 715 2638; x_wconf 91' lang='grc'>1019,</span> <span class='ocrx_word' id='word_1_354' title='bbox 733 2597 820 2638; x_wconf 89' lang='lat' dir='ltr'>quod</span> <span class='ocrx_word' id='word_1_355' title='bbox 837 2597 902 2628; x_wconf 86' lang='lat' dir='ltr'>etsi</span> <span class='ocrx_word' id='word_1_356' title='bbox 919 2605 978 2637; x_wconf 90' lang='lat' dir='ltr'>pro</span> <span class='ocrx_word' id='word_1_357' title='bbox 998 2594 1110 2628; x_wconf 79' lang='grc' dir='ltr'>ἐκεῖσε</span> <span class='ocrx_word' id='word_1_358' title='bbox 1126 2595 1254 2627; x_wconf 86' lang='lat' dir='ltr'>dictum</span> 
     </span>
     <span class='ocr_line' id='line_1_47' title="bbox 242 2642 1255 2687; baseline -0.006 -9"><span class='ocrx_word' id='word_1_359' title='bbox 242 2657 316 2679; x_wconf 84' lang='lat' dir='ltr'>esse</span> <span class='ocrx_word' id='word_1_360' title='bbox 342 2647 512 2687; x_wconf 87' lang='lat' dir='ltr'>videatur,</span> <span class='ocrx_word' id='word_1_361' title='bbox 539 2654 605 2677; x_wconf 88' lang='lat' dir='ltr'>non</span> <span class='ocrx_word' id='word_1_362' title='bbox 628 2647 679 2676; x_wconf 90' lang='lat' dir='ltr'>est</span> <span class='ocrx_word' id='word_1_363' title='bbox 703 2649 815 2676; x_wconf 87' lang='lat' dir='ltr'>tamen</span> <span class='ocrx_word' id='word_1_364' title='bbox 849 2643 941 2675; x_wconf 89' lang='lat' dir='ltr'>aliud</span> <span class='ocrx_word' id='word_1_365' title='bbox 973 2643 1154 2683; x_wconf 85' lang='lat' dir='ltr'>quidquam</span> <span class='ocrx_word' id='word_1_366' title='bbox 1189 2642 1255 2673; x_wconf 91' lang='lat' dir='ltr'>nisi</span> 
     </span>
     <span class='ocr_line' id='line_1_48' title="bbox 242 2687 1256 2730; baseline -0.007 -4"><span class='ocrx_word' id='word_1_367' title='bbox 242 2695 332 2726; x_wconf 77' lang='lat' dir='ltr'>illius</span> <span class='ocrx_word' id='word_1_368' title='bbox 359 2695 443 2725; x_wconf 82' lang='lat' dir='ltr'>viae.</span> <span class='ocrx_word' id='word_1_369' title='bbox 486 2689 548 2730; x_wconf 80' lang='grc' dir='ltr'>τὰς</span> <span class='ocrx_word' id='word_1_370' title='bbox 576 2690 649 2725; x_wconf 83' lang='grc' dir='ltr'>ἐκεῖ</span> <span class='ocrx_word' id='word_1_371' title='bbox 673 2688 788 2728; x_wconf 83' lang='grc' dir='ltr'>πάθας</span> <span class='ocrx_word' id='word_1_372' title='bbox 814 2691 868 2722; x_wconf 93' lang='lat' dir='ltr'>Ai.</span> <span class='ocrx_word' id='word_1_373' title='bbox 889 2687 969 2721; x_wconf 87' lang='lat'>295.</span> <span class='ocrx_word' id='word_1_374' title='bbox 992 2707 1032 2713; x_wconf 95' lang='lat'>—</span> <span class='ocrx_word' id='word_1_375' title='bbox 1061 2690 1172 2722; x_wconf 88' lang='lat' dir='ltr'>Semel</span> <span class='ocrx_word' id='word_1_376' title='bbox 1190 2695 1256 2720; x_wconf 85' lang='lat' dir='ltr'>tra-</span> 
     </span>
    </p>
   </div>
   <div class='ocr_carea' id='block_1_7' title="bbox 241 2734 1254 2819">
    <p class='ocr_par' dir='ltr' id='par_1_14' title="bbox 241 2734 1254 2819">
     <span class='ocr_line' id='line_1_49' title="bbox 241 2734 1254 2819; baseline -0.005 -47"><span class='ocrx_word' id='word_1_377' title='bbox 241 2742 309 2819; x_wconf 47' lang='lat' dir='ltr'>gilte</span> <span class='ocrx_word' id='word_1_378' title='bbox 323 2741 457 2819; x_wconf 43' lang='lat' dir='ltr'>&amp;ginis</span> <span class='ocrx_word' id='word_1_379' title='bbox 480 2740 521 2771; x_wconf 88' lang='lat' dir='ltr'>de</span> <span class='ocrx_word' id='word_1_380' title='bbox 546 2740 625 2771; x_wconf 82' lang='lat' dir='ltr'>olim</span> <span class='ocrx_word' id='word_1_381' title='bbox 648 2742 740 2778; x_wconf 71' lang='lat' dir='ltr'>qesta</span> <span class='ocrx_word' id='word_1_382' title='bbox 763 2747 820 2769; x_wconf 73' lang='lat' dir='ltr'>re.-</span> <span class='ocrx_word' id='word_1_383' title='bbox 847 2735 885 2770; x_wconf 89' lang='grc' dir='ltr'>σὲ</span> <span class='ocrx_word' id='word_1_384' title='bbox 917 2734 1020 2770; x_wconf 82' lang='grc' dir='ltr'>κάκεῖ</span> <span class='ocrx_word' id='word_1_385' title='bbox 1046 2734 1254 2783; x_wconf 85' lang='grc' dir='ltr'>ἐπηυδώμαν</span> 
     </span>
     <span class='ocr_line' id='line_1_50' title="bbox 295 2797 461 2819; baseline -0.006 0"><span class='ocrx_word' id='word_1_386' title='bbox 295 2813 302 2819; x_wconf 93' lang='grc'>.</span> <span class='ocrx_word' id='word_1_387' title='bbox 371 2807 376 2817; x_wconf 85' lang='grc'>.</span> <span class='ocrx_word' id='word_1_388' title='bbox 410 2797 426 2819; x_wconf 92' lang='lat' dir='ltr'>c</span> <span class='ocrx_word' id='word_1_389' title='bbox 455 2812 461 2818; x_wconf 93' lang='lat'>.</span> 
     </span>
    </p>
   </div>
   <div class='ocr_carea' id='block_1_8' title="bbox 244 2839 1259 3355">
    <p class='ocr_par' dir='ltr' id='par_1_15' title="bbox 244 2839 1259 3355">
     <span class='ocr_line' id='line_1_51' title="bbox 311 2839 1255 2886; baseline -0.006 -7"><span class='ocrx_word' id='word_1_390' title='bbox 311 2839 523 2879; x_wconf 88' lang='grc' dir='ltr'>Ἐκεῖθεν</span> <span class='ocrx_word' id='word_1_391' title='bbox 550 2845 654 2876; x_wconf 78' lang='lat' dir='ltr'>illinc.</span> <span class='ocrx_word' id='word_1_392' title='bbox 703 2839 866 2876; x_wconf 84' lang='grc' dir='ltr'>κάκεῖθεν</span> <span class='ocrx_word' id='word_1_393' title='bbox 896 2839 935 2875; x_wconf 73' lang='grc' dir='ltr'>οὔ</span> <span class='ocrx_word' id='word_1_394' title='bbox 962 2852 1022 2886; x_wconf 90' lang='grc' dir='ltr'>μοι</span> <span class='ocrx_word' id='word_1_395' title='bbox 1051 2840 1181 2886; x_wconf 83' lang='grc' dir='ltr'>μακρὸς</span> <span class='ocrx_word' id='word_1_396' title='bbox 1207 2839 1255 2878; x_wconf 83' lang='grc' dir='ltr'>εἰς</span> 
     </span>
     <span class='ocr_line' id='line_1_52' title="bbox 244 2887 1256 2939; baseline -0.008 -12"><span class='ocrx_word' id='word_1_397' title='bbox 244 2888 348 2939; x_wconf 72' lang='grc' dir='ltr'>Οἴτην</span> <span class='ocrx_word' id='word_1_398' title='bbox 366 2889 486 2929; x_wconf 80' lang='grc' dir='ltr'>στόλος</span> <span class='ocrx_word' id='word_1_399' title='bbox 504 2891 564 2923; x_wconf 88' lang='lat' dir='ltr'>Ph.</span> <span class='ocrx_word' id='word_1_400' title='bbox 577 2887 656 2923; x_wconf 88' lang='grc'>490.</span> <span class='ocrx_word' id='word_1_401' title='bbox 687 2891 904 2922; x_wconf 81' lang='lat' dir='ltr'>Transfertur</span> <span class='ocrx_word' id='word_1_402' title='bbox 919 2889 960 2920; x_wconf 88' lang='lat' dir='ltr'>ad</span> <span class='ocrx_word' id='word_1_403' title='bbox 977 2889 1138 2920; x_wconf 79' lang='lat' dir='ltr'>hominem</span> <span class='ocrx_word' id='word_1_404' title='bbox 1154 2888 1256 2919; x_wconf 87' lang='lat' dir='ltr'>alium</span> 
     </span>
     <span class='ocr_line' id='line_1_53' title="bbox 244 2931 1257 2982; baseline -0.004 -10"><span class='ocrx_word' id='word_1_405' title='bbox 244 2951 281 2972; x_wconf 86' lang='lat' dir='ltr'>ac</span> <span class='ocrx_word' id='word_1_406' title='bbox 304 2949 381 2972; x_wconf 89' lang='lat' dir='ltr'>nos:</span> <span class='ocrx_word' id='word_1_407' title='bbox 409 2935 569 2972; x_wconf 83' lang='grc' dir='ltr'>τάκεῖθεν</span> <span class='ocrx_word' id='word_1_408' title='bbox 598 2936 628 2970; x_wconf 85' lang='grc' dir='ltr'>εἰ</span> <span class='ocrx_word' id='word_1_409' title='bbox 653 2932 859 2982; x_wconf 75' lang='grc' dir='ltr'>ποθούμεθα</span> <span class='ocrx_word' id='word_1_410' title='bbox 882 2936 938 2967; x_wconf 86' lang='lat' dir='ltr'>Tr.</span> <span class='ocrx_word' id='word_1_411' title='bbox 968 2931 1047 2967; x_wconf 87' lang='lat'>632.</span> <span class='ocrx_word' id='word_1_412' title='bbox 1093 2935 1155 2967; x_wconf 91' lang='lat' dir='ltr'>Pro</span> <span class='ocrx_word' id='word_1_413' title='bbox 1184 2933 1257 2968; x_wconf 87' lang='grc' dir='ltr'>ἐκεῖ</span> 
     </span>
     <span class='ocr_line' id='line_1_54' title="bbox 244 2978 1256 3021; baseline -0.007 -1"><span class='ocrx_word' id='word_1_414' title='bbox 244 2988 311 3020; x_wconf 89' lang='lat' dir='ltr'>dici</span> <span class='ocrx_word' id='word_1_415' title='bbox 328 2986 480 3018; x_wconf 84' lang='lat' dir='ltr'>videatur</span> <span class='ocrx_word' id='word_1_416' title='bbox 507 2981 683 3018; x_wconf 84' lang='grc' dir='ltr'>τούκεῖθεν</span> <span class='ocrx_word' id='word_1_417' title='bbox 708 2981 834 3021; x_wconf 79' lang='grc' dir='ltr'>ἄλσους</span> <span class='ocrx_word' id='word_1_418' title='bbox 858 2980 957 3016; x_wconf 77' lang='grc' dir='ltr'>τοῦδε</span> <span class='ocrx_word' id='word_1_419' title='bbox 975 2981 1030 3014; x_wconf 86' lang='lat' dir='ltr'>OC</span> <span class='ocrx_word' id='word_1_420' title='bbox 1049 2978 1129 3014; x_wconf 86' lang='lat'>505.</span> <span class='ocrx_word' id='word_1_421' title='bbox 1173 2982 1256 3013; x_wconf 91' lang='lat' dir='ltr'>Nam</span> 
     </span>
     <span class='ocr_line' id='line_1_55' title="bbox 246 3029 1257 3075; baseline -0.007 -9"><span class='ocrx_word' id='word_1_422' title='bbox 246 3034 334 3075; x_wconf 90' lang='lat' dir='ltr'>quod</span> <span class='ocrx_word' id='word_1_423' title='bbox 351 3033 389 3064; x_wconf 83' lang='lat' dir='ltr'>ab</span> <span class='ocrx_word' id='word_1_424' title='bbox 408 3034 467 3064; x_wconf 72' lang='lat' dir='ltr'>icta</span> <span class='ocrx_word' id='word_1_425' title='bbox 479 3035 574 3073; x_wconf 77' lang='lat' dir='ltr'>parte</span> <span class='ocrx_word' id='word_1_426' title='bbox 591 3032 703 3063; x_wconf 85' lang='lat' dir='ltr'>Latini</span> <span class='ocrx_word' id='word_1_427' title='bbox 720 3032 856 3070; x_wconf 87' lang='lat' dir='ltr'>dicunt,</span> <span class='ocrx_word' id='word_1_428' title='bbox 884 3039 949 3061; x_wconf 92' lang='lat' dir='ltr'>non</span> <span class='ocrx_word' id='word_1_429' title='bbox 975 3032 1028 3060; x_wconf 87' lang='lat' dir='ltr'>est</span> <span class='ocrx_word' id='word_1_430' title='bbox 1052 3029 1143 3060; x_wconf 87' lang='lat' dir='ltr'>aliud</span> <span class='ocrx_word' id='word_1_431' title='bbox 1156 3031 1257 3070; x_wconf 83' lang='lat' dir='ltr'>atque</span> 
     </span>
     <span class='ocr_line' id='line_1_56' title="bbox 245 3074 1258 3121; baseline -0.006 -9"><span class='ocrx_word' id='word_1_432' title='bbox 245 3082 306 3114; x_wconf 76' lang='lat' dir='ltr'>illa</span> <span class='ocrx_word' id='word_1_433' title='bbox 318 3083 423 3121; x_wconf 75' lang='lat' dir='ltr'>parte.</span> <span class='ocrx_word' id='word_1_434' title='bbox 453 3080 570 3111; x_wconf 87' lang='lat' dir='ltr'>Elmsl.</span> <span class='ocrx_word' id='word_1_435' title='bbox 590 3075 767 3111; x_wconf 77' lang='grc' dir='ltr'>τούκεῖθεν</span> <span class='ocrx_word' id='word_1_436' title='bbox 785 3074 887 3113; x_wconf 77' lang='grc' dir='ltr'>ἄλσος</span> <span class='ocrx_word' id='word_1_437' title='bbox 904 3074 982 3109; x_wconf 82' lang='grc' dir='ltr'>τόδε</span> <span class='ocrx_word' id='word_1_438' title='bbox 1000 3076 1153 3115; x_wconf 86' lang='lat' dir='ltr'>coniecit,</span> <span class='ocrx_word' id='word_1_439' title='bbox 1170 3075 1258 3117; x_wconf 90' lang='lat' dir='ltr'>quod</span> 
     </span>
     <span class='ocr_line' id='line_1_57' title="bbox 245 3122 1259 3163; baseline -0.006 -4"><span class='ocrx_word' id='word_1_440' title='bbox 245 3128 431 3163; x_wconf 80' lang='lat' dir='ltr'>confutavit</span> <span class='ocrx_word' id='word_1_441' title='bbox 447 3126 561 3158; x_wconf 91' lang='lat' dir='ltr'>Herm.</span> <span class='ocrx_word' id='word_1_442' title='bbox 607 3125 671 3156; x_wconf 84' lang='lat' dir='ltr'>Est</span> <span class='ocrx_word' id='word_1_443' title='bbox 687 3128 799 3156; x_wconf 86' lang='lat' dir='ltr'>autem</span> <span class='ocrx_word' id='word_1_444' title='bbox 817 3124 856 3156; x_wconf 84' lang='lat' dir='ltr'>ab</span> <span class='ocrx_word' id='word_1_445' title='bbox 874 3124 932 3155; x_wconf 78' lang='lat' dir='ltr'>illa</span> <span class='ocrx_word' id='word_1_446' title='bbox 944 3126 1039 3163; x_wconf 80' lang='lat' dir='ltr'>parte</span> <span class='ocrx_word' id='word_1_447' title='bbox 1057 3124 1124 3154; x_wconf 76' lang='lat' dir='ltr'>lucz·</span> <span class='ocrx_word' id='word_1_448' title='bbox 1141 3122 1183 3154; x_wconf 84' lang='lat' dir='ltr'>ad</span> <span class='ocrx_word' id='word_1_449' title='bbox 1199 3131 1259 3153; x_wconf 76' lang='lat' dir='ltr'>nos</span> 
     </span>
     <span class='ocr_line' id='line_1_58' title="bbox 246 3166 1257 3216; baseline -0.004 -10"><span class='ocrx_word' id='word_1_450' title='bbox 246 3184 367 3206; x_wconf 75' lang='lat' dir='ltr'>versus.</span> <span class='ocrx_word' id='word_1_451' title='bbox 396 3174 522 3205; x_wconf 84' lang='lat' dir='ltr'>Eodem</span> <span class='ocrx_word' id='word_1_452' title='bbox 540 3172 633 3204; x_wconf 91' lang='lat' dir='ltr'>modo</span> <span class='ocrx_word' id='word_1_453' title='bbox 650 3173 852 3203; x_wconf 80' lang='lat' dir='ltr'>transfertur</span> <span class='ocrx_word' id='word_1_454' title='bbox 869 3167 1023 3216; x_wconf 78' lang='grc' dir='ltr'>γέννημα</span> <span class='ocrx_word' id='word_1_455' title='bbox 1037 3173 1105 3203; x_wconf 85' lang='grc' dir='ltr'>τῶν</span> <span class='ocrx_word' id='word_1_456' title='bbox 1124 3166 1257 3202; x_wconf 86' lang='grc' dir='ltr'>ἐκεῖθεν</span> 
     </span>
     <span class='ocr_line' id='line_1_59' title="bbox 247 3215 1259 3257; baseline -0.007 -3"><span class='ocrx_word' id='word_1_457' title='bbox 247 3220 311 3254; x_wconf 80' lang='grc' dir='ltr'>οὐκ</span> <span class='ocrx_word' id='word_1_458' title='bbox 330 3219 364 3255; x_wconf 89' lang='grc' dir='ltr'>ἐν</span> <span class='ocrx_word' id='word_1_459' title='bbox 383 3218 537 3256; x_wconf 77' lang='grc' dir='ltr'>ὑστάτοις</span> <span class='ocrx_word' id='word_1_460' title='bbox 555 3219 611 3252; x_wconf 88' lang='lat' dir='ltr'>Tr.</span> <span class='ocrx_word' id='word_1_461' title='bbox 632 3215 711 3250; x_wconf 83' lang='lat'>315.</span> <span class='ocrx_word' id='word_1_462' title='bbox 756 3218 821 3250; x_wconf 85' lang='lat' dir='ltr'>Sed</span> <span class='ocrx_word' id='word_1_463' title='bbox 839 3215 870 3250; x_wconf 80' lang='grc' dir='ltr'>οἱ</span> <span class='ocrx_word' id='word_1_464' title='bbox 889 3215 1021 3251; x_wconf 85' lang='grc' dir='ltr'>ἐκεῖθεν</span> <span class='ocrx_word' id='word_1_465' title='bbox 1039 3217 1162 3257; x_wconf 83' lang='lat' dir='ltr'>captivi</span> <span class='ocrx_word' id='word_1_466' title='bbox 1179 3220 1259 3248; x_wconf 91' lang='lat' dir='ltr'>sunt</span> 
     </span>
     <span class='ocr_line' id='line_1_60' title="bbox 248 3261 1257 3307; baseline -0.005 -8"><span class='ocrx_word' id='word_1_467' title='bbox 248 3278 291 3299; x_wconf 81' lang='lat' dir='ltr'>ex</span> <span class='ocrx_word' id='word_1_468' title='bbox 325 3267 480 3300; x_wconf 80' lang='lat' dir='ltr'>Oechalia</span> <span class='ocrx_word' id='word_1_469' title='bbox 513 3270 608 3306; x_wconf 85' lang='lat' dir='ltr'>capta</span> <span class='ocrx_word' id='word_1_470' title='bbox 640 3266 745 3297; x_wconf 85' lang='lat' dir='ltr'>missi.</span> <span class='ocrx_word' id='word_1_471' title='bbox 797 3265 839 3296; x_wconf 82' lang='lat' dir='ltr'>cf.</span> <span class='ocrx_word' id='word_1_472' title='bbox 877 3261 1021 3298; x_wconf 79' lang='grc' dir='ltr'>ἄνωθεν.</span> <span class='ocrx_word' id='word_1_473' title='bbox 1070 3261 1257 3307; x_wconf 80' lang='lat' dir='ltr'>[Nusquam</span> 
     </span>
     <span class='ocr_line' id='line_1_61' title="bbox 249 3307 1041 3355; baseline -0.008 -7"><span class='ocrx_word' id='word_1_474' title='bbox 249 3312 365 3348; x_wconf 83' lang='grc' dir='ltr'>ἐκεῖθε</span> <span class='ocrx_word' id='word_1_475' title='bbox 380 3314 520 3355; x_wconf 84' lang='lat' dir='ltr'>proferri</span> <span class='ocrx_word' id='word_1_476' title='bbox 538 3316 652 3345; x_wconf 86' lang='lat' dir='ltr'>monet</span> <span class='ocrx_word' id='word_1_477' title='bbox 670 3313 749 3343; x_wconf 95' lang='lat' dir='ltr'>Lob.</span> <span class='ocrx_word' id='word_1_478' title='bbox 770 3311 866 3343; x_wconf 86' lang='lat' dir='ltr'>Path.</span> <span class='ocrx_word' id='word_1_479' title='bbox 886 3307 920 3352; x_wconf 88' lang='lat'>2,</span> <span class='ocrx_word' id='word_1_480' title='bbox 943 3308 1041 3354; x_wconf 91' lang='lat'>151.]</span> 
     </span>
    </p>
   </div>
   <div class='ocr_carea' id='block_1_9' title="bbox 250 3365 1256 3452">
    <p class='ocr_par' dir='ltr' id='par_1_16' title="bbox 250 3365 1256 3452">
     <span class='ocr_line' id='line_1_62' title="bbox 318 3365 1256 3409; baseline -0.005 -4"><span class='ocrx_word' id='word_1_481' title='bbox 318 3368 531 3409; x_wconf 87' lang='grc' dir='ltr'>Ἐκεῖνος.</span> <span class='ocrx_word' id='word_1_482' title='bbox 559 3371 586 3403; x_wconf 94' lang='lat'>1.</span> <span class='ocrx_word' id='word_1_483' title='bbox 608 3371 757 3402; x_wconf 75' lang='lat' dir='ltr'>Formae.</span> <span class='ocrx_word' id='word_1_484' title='bbox 793 3378 880 3400; x_wconf 80' lang='lat' dir='ltr'>nom.</span> <span class='ocrx_word' id='word_1_485' title='bbox 903 3367 1076 3405; x_wconf 86' lang='grc' dir='ltr'>ἐκεῖνος</span> <span class='ocrx_word' id='word_1_486' title='bbox 1101 3368 1159 3400; x_wconf 87' lang='lat' dir='ltr'>OR</span> <span class='ocrx_word' id='word_1_487' title='bbox 1175 3365 1256 3400; x_wconf 89' lang='lat'>259.</span> 
     </span>
     <span class='ocr_line' id='line_1_63' title="bbox 250 3412 1255 3452; baseline -0.005 -1"><span class='ocrx_word' id='word_1_488' title='bbox 250 3415 351 3452; x_wconf 88' lang='lat'>1020.</span> <span class='ocrx_word' id='word_1_489' title='bbox 365 3419 419 3451; x_wconf 84' lang='lat' dir='ltr'>OC</span> <span class='ocrx_word' id='word_1_490' title='bbox 432 3415 558 3452; x_wconf 79' lang='lat' dir='ltr'>137an.</span> <span class='ocrx_word' id='word_1_491' title='bbox 570 3413 795 3450; x_wconf 83' lang='lat' dir='ltr'>Ai.271.298.</span> <span class='ocrx_word' id='word_1_492' title='bbox 808 3412 876 3447; x_wconf 88' lang='lat'>934</span> <span class='ocrx_word' id='word_1_493' title='bbox 886 3415 936 3447; x_wconf 87' lang='lat' dir='ltr'>ch.</span> <span class='ocrx_word' id='word_1_494' title='bbox 953 3412 1042 3448; x_wconf 89' lang='lat'>1199</span> <span class='ocrx_word' id='word_1_495' title='bbox 1052 3416 1103 3446; x_wconf 82' lang='lat' dir='ltr'>oh.</span> <span class='ocrx_word' id='word_1_496' title='bbox 1118 3412 1255 3447; x_wconf 73' lang='lat'>131519.</span> 
     </span>
    </p>
   </div>
   <div class='ocr_carea' id='block_1_10' title="bbox 980 137 1508 211">
    <p class='ocr_par' dir='ltr' id='par_1_17' title="bbox 980 137 1508 211">
     <span class='ocr_line' id='line_1_64' title="bbox 980 137 1508 211; baseline -0.008 -18"><span class='ocrx_word' id='word_1_497' title='bbox 980 138 1189 211; x_wconf 79' lang='grc' dir='ltr'>Ἐκδέρω</span> <span class='ocrx_word' id='word_1_498' title='bbox 1215 172 1281 180; x_wconf 91' lang='lat'>-—</span> <span class='ocrx_word' id='word_1_499' title='bbox 1301 137 1313 155; x_wconf 83' lang='lat'>’</span> <span class='ocrx_word' id='word_1_500' title='bbox 1323 140 1508 197; x_wconf 81' lang='grc' dir='ltr'>Εκεῖνος</span> 
     </span>
    </p>
   </div>
   <div class='ocr_carea' id='block_1_11' title="bbox 959 1771 1266 1826">
    <p class='ocr_par' dir='ltr' id='par_1_18' title="bbox 959 1771 1266 1826">
     <span class='ocr_line' id='line_1_65' title="bbox 959 1771 1266 1826; baseline -0.003 -13"><span class='ocrx_word' id='word_1_501' title='bbox 959 1781 991 1826; x_wconf 83' lang='lat'>(1</span> <span class='ocrx_word' id='word_1_502' title='bbox 1007 1792 1041 1823; x_wconf 84' lang='lat' dir='ltr'>p.</span> <span class='ocrx_word' id='word_1_503' title='bbox 1064 1779 1173 1814; x_wconf 74' lang='lat'>5581.</span> <span class='ocrx_word' id='word_1_504' title='bbox 1193 1771 1266 1824; x_wconf 82' lang='lat'>2.)&#39;</span> 
     </span>
    </p>
   </div>
   <div class='ocr_carea' id='block_1_12' title="bbox 1261 1227 1271 2051">
    <p class='ocr_par' dir='ltr' id='par_1_19' title="bbox 1261 1227 1271 2051">
     <span class='ocr_line' id='line_1_66' title="bbox 1261 1227 1271 2051; baseline 0 0"><span class='ocrx_word' id='word_1_505' title='bbox 1261 1227 1271 2051; x_wconf 95' lang='lat' dir='ltr'> </span> 
     </span>
    </p>
   </div>
   <div class='ocr_carea' id='block_1_13' title="bbox 1983 147 2250 195">
    <p class='ocr_par' dir='ltr' id='par_1_20' title="bbox 1983 116 2270 195">
     <span class='ocr_line' id='line_1_67' title="bbox 1983 147 2250 195; baseline -0.007 -10"><span class='ocrx_word' id='word_1_506' title='bbox 1983 151 2012 195; x_wconf 90' lang='lat'>[1</span> <span class='ocrx_word' id='word_1_507' title='bbox 2026 161 2062 193; x_wconf 76' lang='lat' dir='ltr'>p.</span> <span class='ocrx_word' id='word_1_508' title='bbox 2073 147 2236 185; x_wconf 76' lang='lat'>557-55</span> <span class='ocrx_word' id='word_1_509' title='bbox 2247 172 2250 178; x_wconf 65' lang='grc'>,</span> 
     </span>
    </p>
   </div>
   <div class='ocr_carea' id='block_1_14' title="bbox 1278 252 2282 1731">
    <p class='ocr_par' dir='ltr' id='par_1_21' title="bbox 1278 252 2285 1731">
     <span class='ocr_line' id='line_1_68' title="bbox 1279 252 2258 298; baseline 0.001 -8"><span class='ocrx_word' id='word_1_510' title='bbox 1279 255 1358 291; x_wconf 91' lang='lat'>703.</span> <span class='ocrx_word' id='word_1_511' title='bbox 1390 258 1467 291; x_wconf 89' lang='lat' dir='ltr'>Ter.</span> <span class='ocrx_word' id='word_1_512' title='bbox 1486 259 1527 289; x_wconf 82' lang='lat' dir='ltr'>fr.</span> <span class='ocrx_word' id='word_1_513' title='bbox 1548 254 1628 298; x_wconf 89' lang='lat'>514,</span> <span class='ocrx_word' id='word_1_514' title='bbox 1652 254 1683 289; x_wconf 90' lang='lat'>1.</span> <span class='ocrx_word' id='word_1_515' title='bbox 1724 257 1780 288; x_wconf 86' lang='lat' dir='ltr'>Tr.</span> <span class='ocrx_word' id='word_1_516' title='bbox 1804 253 1880 289; x_wconf 89' lang='grc'>198.</span> <span class='ocrx_word' id='word_1_517' title='bbox 1902 252 1983 288; x_wconf 89' lang='grc'>244.</span> <span class='ocrx_word' id='word_1_518' title='bbox 2003 253 2084 288; x_wconf 88' lang='lat'>381.</span> <span class='ocrx_word' id='word_1_519' title='bbox 2104 252 2185 289; x_wconf 83' lang='lat'>488.</span> <span class='ocrx_word' id='word_1_520' title='bbox 2206 252 2229 288; x_wconf 89' lang='lat'>7</span> <span class='ocrx_word' id='word_1_521' title='bbox 2252 282 2258 291; x_wconf 76' lang='lat'>.</span> 
     </span>
     <span class='ocr_line' id='line_1_69' title="bbox 1281 299 2282 351; baseline -0.004 -12"><span class='ocrx_word' id='word_1_522' title='bbox 1281 303 1429 351; x_wconf 87' lang='grc' dir='ltr'>ἐκείνη</span> <span class='ocrx_word' id='word_1_523' title='bbox 1455 306 1534 337; x_wconf 85' lang='lat' dir='ltr'>Ant.</span> <span class='ocrx_word' id='word_1_524' title='bbox 1564 301 1645 337; x_wconf 89' lang='lat'>384.</span> <span class='ocrx_word' id='word_1_525' title='bbox 1689 304 1741 336; x_wconf 89' lang='lat' dir='ltr'>El.</span> <span class='ocrx_word' id='word_1_526' title='bbox 1763 299 1832 336; x_wconf 85' lang='lat'>427</span> <span class='ocrx_word' id='word_1_527' title='bbox 1856 305 1904 336; x_wconf 88' lang='lat' dir='ltr'>sic</span> <span class='ocrx_word' id='word_1_528' title='bbox 1927 307 2016 336; x_wconf 89' lang='lat' dir='ltr'>certe</span> <span class='ocrx_word' id='word_1_529' title='bbox 2040 304 2114 335; x_wconf 89' lang='lat' dir='ltr'>iure</span> <span class='ocrx_word' id='word_1_530' title='bbox 2140 303 2252 335; x_wconf 85' lang='lat' dir='ltr'>Brun</span> <span class='ocrx_word' id='word_1_531' title='bbox 2279 326 2282 329; x_wconf 22' lang='grc' dir='ltr'><strong>Δ</strong></span> 
     </span>
     <span class='ocr_line' id='line_1_70' title="bbox 1279 348 2260 396; baseline -0.002 -11"><span class='ocrx_word' id='word_1_532' title='bbox 1279 363 1345 385; x_wconf 87' lang='lat' dir='ltr'>sec.</span> <span class='ocrx_word' id='word_1_533' title='bbox 1358 353 1484 394; x_wconf 84' lang='lat' dir='ltr'>aliquot</span> <span class='ocrx_word' id='word_1_534' title='bbox 1501 353 1619 392; x_wconf 82' lang='lat' dir='ltr'>libr0s3</span> <span class='ocrx_word' id='word_1_535' title='bbox 1641 352 1762 392; x_wconf 90' lang='lat' dir='ltr'>reliqui</span> <span class='ocrx_word' id='word_1_536' title='bbox 1779 360 1854 383; x_wconf 91' lang='lat' dir='ltr'>cum</span> <span class='ocrx_word' id='word_1_537' title='bbox 1865 351 1924 382; x_wconf 92' lang='lat' dir='ltr'>LA</span> <span class='ocrx_word' id='word_1_538' title='bbox 1944 361 1985 396; x_wconf 86' lang='grc' dir='ltr'>με</span> <span class='ocrx_word' id='word_1_539' title='bbox 2003 348 2111 396; x_wconf 88' lang='grc' dir='ltr'>κείνη.</span> <span class='ocrx_word' id='word_1_540' title='bbox 2141 348 2260 394; x_wconf 71' lang='grc' dir='ltr'>ἐκεῖ,</span> 
     </span>
     <span class='ocr_line' id='line_1_71' title="bbox 1280 393 2229 439; baseline -0.002 -8"><span class='ocrx_word' id='word_1_541' title='bbox 1280 400 1333 431; x_wconf 90' lang='lat' dir='ltr'>El.</span> <span class='ocrx_word' id='word_1_542' title='bbox 1358 397 1459 432; x_wconf 89' lang='lat'>1178.</span> <span class='ocrx_word' id='word_1_543' title='bbox 1482 416 1522 422; x_wconf 98' lang='lat'><strong>—</strong></span> <span class='ocrx_word' id='word_1_544' title='bbox 1550 408 1623 439; x_wconf 78' lang='lat' dir='ltr'>yen.</span> <span class='ocrx_word' id='word_1_545' title='bbox 1646 396 1821 432; x_wconf 87' lang='grc' dir='ltr'>ἐκείνου</span> <span class='ocrx_word' id='word_1_546' title='bbox 1846 398 1907 430; x_wconf 89' lang='lat' dir='ltr'>Ph.</span> <span class='ocrx_word' id='word_1_547' title='bbox 1929 395 2007 430; x_wconf 87' lang='lat'>625.</span> <span class='ocrx_word' id='word_1_548' title='bbox 2036 398 2095 430; x_wconf 80' lang='grc' dir='ltr'>ΟΒ</span> <span class='ocrx_word' id='word_1_549' title='bbox 2107 393 2188 430; x_wconf 87' lang='grc'>714.</span> <span class='ocrx_word' id='word_1_550' title='bbox 2207 393 2229 430; x_wconf 89' lang='grc'>9</span> 
     </span>
     <span class='ocr_line' id='line_1_72' title="bbox 1282 441 2226 479; baseline -0.003 0"><span class='ocrx_word' id='word_1_551' title='bbox 1282 443 1382 479; x_wconf 82' lang='lat'>1440.</span> <span class='ocrx_word' id='word_1_552' title='bbox 1412 447 1466 478; x_wconf 82' lang='lat' dir='ltr'>Ai.</span> <span class='ocrx_word' id='word_1_553' title='bbox 1491 442 1591 478; x_wconf 86' lang='lat'>1032.</span> <span class='ocrx_word' id='word_1_554' title='bbox 1622 446 1674 477; x_wconf 87' lang='lat' dir='ltr'>El.</span> <span class='ocrx_word' id='word_1_555' title='bbox 1696 442 1775 478; x_wconf 82' lang='lat'>783.</span> <span class='ocrx_word' id='word_1_556' title='bbox 1798 441 1876 477; x_wconf 84' lang='lat'>924.</span> <span class='ocrx_word' id='word_1_557' title='bbox 1901 442 2002 478; x_wconf 81' lang='lat'>1118.</span> <span class='ocrx_word' id='word_1_558' title='bbox 2026 441 2127 477; x_wconf 87' lang='lat'>1218.</span> <span class='ocrx_word' id='word_1_559' title='bbox 2155 445 2196 476; x_wconf 80' lang='lat' dir='ltr'>fr.</span> <span class='ocrx_word' id='word_1_560' title='bbox 2224 458 2226 462; x_wconf 94' lang='lat'>·</span> 
     </span>
     <span class='ocr_line' id='line_1_73' title="bbox 1282 488 2256 538; baseline -0.003 -12"><span class='ocrx_word' id='word_1_561' title='bbox 1282 491 1348 526; x_wconf 89' lang='lat'>144</span> <span class='ocrx_word' id='word_1_562' title='bbox 1364 496 1397 534; x_wconf 88' lang='lat' dir='ltr'>b,</span> <span class='ocrx_word' id='word_1_563' title='bbox 1421 491 1450 525; x_wconf 97' lang='lat'>1.</span> <span class='ocrx_word' id='word_1_564' title='bbox 1497 491 1675 538; x_wconf 83' lang='grc' dir='ltr'>ἐκείνης</span> <span class='ocrx_word' id='word_1_565' title='bbox 1701 493 1759 526; x_wconf 87' lang='lat' dir='ltr'>OR</span> <span class='ocrx_word' id='word_1_566' title='bbox 1776 489 1855 524; x_wconf 88' lang='lat'>991.</span> <span class='ocrx_word' id='word_1_567' title='bbox 1886 492 1941 524; x_wconf 94' lang='lat' dir='ltr'>Tr.</span> <span class='ocrx_word' id='word_1_568' title='bbox 1962 488 2042 524; x_wconf 88' lang='lat'>942.</span> <span class='ocrx_word' id='word_1_569' title='bbox 2072 493 2155 532; x_wconf 84' lang='lat' dir='ltr'>Aeg.</span> <span class='ocrx_word' id='word_1_570' title='bbox 2176 491 2218 523; x_wconf 82' lang='lat' dir='ltr'>fr.</span> <span class='ocrx_word' id='word_1_571' title='bbox 2243 498 2256 514; x_wconf 75' lang='grc'><em>·</em></span> 
     </span>
     <span class='ocr_line' id='line_1_74' title="bbox 1278 536 2200 585; baseline -0.001 -12"><span class='ocrx_word' id='word_1_572' title='bbox 1278 539 1311 574; x_wconf 91' lang='grc'>2.</span> <span class='ocrx_word' id='word_1_573' title='bbox 1347 541 1466 582; x_wconf 90' lang='lat' dir='ltr'>Eriph.</span> <span class='ocrx_word' id='word_1_574' title='bbox 1487 537 1567 572; x_wconf 89' lang='lat'>207.</span> <span class='ocrx_word' id='word_1_575' title='bbox 1597 541 1663 572; x_wconf 91' lang='lat' dir='ltr'>inc.</span> <span class='ocrx_word' id='word_1_576' title='bbox 1685 536 1764 582; x_wconf 90' lang='lat'>678,</span> <span class='ocrx_word' id='word_1_577' title='bbox 1791 537 1845 571; x_wconf 93' lang='lat'>11.</span> <span class='ocrx_word' id='word_1_578' title='bbox 1876 556 1917 563; x_wconf 93' lang='lat'><strong>—</strong></span> <span class='ocrx_word' id='word_1_579' title='bbox 1945 539 2014 571; x_wconf 81' lang='lat' dir='ltr'>dat.</span> <span class='ocrx_word' id='word_1_580' title='bbox 2044 536 2200 585; x_wconf 83' lang='grc' dir='ltr'>ἐκείνῳ</span> 
     </span>
     <span class='ocr_line' id='line_1_75' title="bbox 1280 583 2218 620; baseline -0.003 0"><span class='ocrx_word' id='word_1_581' title='bbox 1280 585 1357 620; x_wconf 90' lang='grc'>106.</span> <span class='ocrx_word' id='word_1_582' title='bbox 1388 585 1466 620; x_wconf 87' lang='lat'>633.</span> <span class='ocrx_word' id='word_1_583' title='bbox 1493 584 1581 620; x_wconf 86' lang='lat'>1200</span> <span class='ocrx_word' id='word_1_584' title='bbox 1599 598 1642 619; x_wconf 91' lang='lat' dir='ltr'>m.</span> <span class='ocrx_word' id='word_1_585' title='bbox 1672 588 1752 619; x_wconf 86' lang='lat' dir='ltr'>Ant.</span> <span class='ocrx_word' id='word_1_586' title='bbox 1775 583 1854 619; x_wconf 88' lang='grc'>514.</span> <span class='ocrx_word' id='word_1_587' title='bbox 1876 583 1955 619; x_wconf 87' lang='grc'>570.</span> <span class='ocrx_word' id='word_1_588' title='bbox 1986 587 2042 618; x_wconf 90' lang='lat' dir='ltr'>Tr.</span> <span class='ocrx_word' id='word_1_589' title='bbox 2055 583 2134 618; x_wconf 88' lang='lat'>603.</span> <span class='ocrx_word' id='word_1_590' title='bbox 2163 586 2218 618; x_wconf 90' lang='lat' dir='ltr'>Ai.</span> 
     </span>
     <span class='ocr_line' id='line_1_76' title="bbox 1279 629 2259 679; baseline -0.002 -12"><span class='ocrx_word' id='word_1_591' title='bbox 1279 636 1330 667; x_wconf 89' lang='lat' dir='ltr'>El.</span> <span class='ocrx_word' id='word_1_592' title='bbox 1343 632 1423 667; x_wconf 90' lang='lat'>269.</span> <span class='ocrx_word' id='word_1_593' title='bbox 1445 631 1525 666; x_wconf 85' lang='lat'>459.</span> <span class='ocrx_word' id='word_1_594' title='bbox 1547 631 1626 666; x_wconf 88' lang='lat'>539.</span> <span class='ocrx_word' id='word_1_595' title='bbox 1658 632 1808 679; x_wconf 77' lang='grc' dir='ltr'>ἐκείνῃ</span> <span class='ocrx_word' id='word_1_596' title='bbox 1827 634 1884 666; x_wconf 88' lang='lat' dir='ltr'>OR</span> <span class='ocrx_word' id='word_1_597' title='bbox 1901 630 1980 665; x_wconf 87' lang='lat'>579.</span> <span class='ocrx_word' id='word_1_598' title='bbox 2001 634 2068 666; x_wconf 90' lang='lat' dir='ltr'>inc.</span> <span class='ocrx_word' id='word_1_599' title='bbox 2082 629 2161 674; x_wconf 84' lang='lat'>678,</span> <span class='ocrx_word' id='word_1_600' title='bbox 2179 630 2200 664; x_wconf 87' lang='grc'>5</span> <span class='ocrx_word' id='word_1_601' title='bbox 2218 629 2259 678; x_wconf 75' lang='lat'>[·‘</span> 
     </span>
     <span class='ocr_line' id='line_1_77' title="bbox 1278 677 2250 728; baseline -0.003 -13"><span class='ocrx_word' id='word_1_602' title='bbox 1278 683 1426 715; x_wconf 83' lang='lat' dir='ltr'>Meinek.</span> <span class='ocrx_word' id='word_1_603' title='bbox 1448 692 1466 713; x_wconf 88' lang='lat' dir='ltr'>e</span> <span class='ocrx_word' id='word_1_604' title='bbox 1496 683 1565 714; x_wconf 86' lang='lat' dir='ltr'>cod.</span> <span class='ocrx_word' id='word_1_605' title='bbox 1589 682 1677 714; x_wconf 85' lang='lat' dir='ltr'>Scor.</span> <span class='ocrx_word' id='word_1_606' title='bbox 1698 681 1791 713; x_wconf 88' lang='lat' dir='ltr'>Stob.</span> <span class='ocrx_word' id='word_1_607' title='bbox 1813 678 1875 722; x_wconf 88' lang='lat'>63,</span> <span class='ocrx_word' id='word_1_608' title='bbox 1910 677 1930 712; x_wconf 89' lang='grc'>6</span> <span class='ocrx_word' id='word_1_609' title='bbox 1964 679 1998 714; x_wconf 92' lang='grc' dir='ltr'>ἐν</span> <span class='ocrx_word' id='word_1_610' title='bbox 2023 678 2139 728; x_wconf 72' lang='grc' dir='ltr'>κείνῃ,</span> <span class='ocrx_word' id='word_1_611' title='bbox 2171 680 2250 712; x_wconf 63' lang='lat' dir='ltr'>telis</span> 
     </span>
     <span class='ocr_line' id='line_1_78' title="bbox 1278 725 2138 776; baseline -0.003 -15"><span class='ocrx_word' id='word_1_612' title='bbox 1278 731 1357 762; x_wconf 88' lang='lat' dir='ltr'>libri</span> <span class='ocrx_word' id='word_1_613' title='bbox 1375 727 1515 776; x_wconf 63' lang='grc' dir='ltr'>ἐκείνη]</span> <span class='ocrx_word' id='word_1_614' title='bbox 1547 727 1698 762; x_wconf 85' lang='grc' dir='ltr'>ἐκείνα</span> <span class='ocrx_word' id='word_1_615' title='bbox 1716 730 1796 761; x_wconf 89' lang='lat' dir='ltr'>Ant.</span> <span class='ocrx_word' id='word_1_616' title='bbox 1808 725 1876 760; x_wconf 89' lang='lat'>986</span> <span class='ocrx_word' id='word_1_617' title='bbox 1895 728 1946 760; x_wconf 90' lang='lat' dir='ltr'>ch.</span> <span class='ocrx_word' id='word_1_618' title='bbox 1970 745 2010 751; x_wconf 89' lang='lat'>—</span> <span class='ocrx_word' id='word_1_619' title='bbox 2029 737 2138 760; x_wconf 76' lang='lat' dir='ltr'>accus.</span> 
     </span>
     <span class='ocr_line' id='line_1_79' title="bbox 1278 761 2188 810; baseline -0.004 0"><span class='ocrx_word' id='word_1_620' title='bbox 1278 786 1348 810; x_wconf 56' lang='grc' dir='ltr'>νον</span> <span class='ocrx_word' id='word_1_621' title='bbox 1375 778 1434 809; x_wconf 84' lang='lat' dir='ltr'>Ph.</span> <span class='ocrx_word' id='word_1_622' title='bbox 1464 761 1545 808; x_wconf 58' lang='lat'>373.</span> <span class='ocrx_word' id='word_1_623' title='bbox 1590 777 1643 808; x_wconf 88' lang='lat' dir='ltr'>Ai.</span> <span class='ocrx_word' id='word_1_624' title='bbox 1670 764 1751 808; x_wconf 52' lang='grc'>155.</span> <span class='ocrx_word' id='word_1_625' title='bbox 1779 772 1859 807; x_wconf 74' lang='grc'>795.</span> <span class='ocrx_word' id='word_1_626' title='bbox 1889 772 1989 807; x_wconf 85' lang='lat'>1035.</span> <span class='ocrx_word' id='word_1_627' title='bbox 2034 775 2092 808; x_wconf 80' lang='lat' dir='ltr'>oR</span> <span class='ocrx_word' id='word_1_628' title='bbox 2111 771 2188 807; x_wconf 85' lang='lat'>139.</span> 
     </span>
     <span class='ocr_line' id='line_1_80' title="bbox 1279 818 2228 857; baseline -0.002 -1"><span class='ocrx_word' id='word_1_629' title='bbox 1279 821 1359 857; x_wconf 87' lang='lat'>959.</span> <span class='ocrx_word' id='word_1_630' title='bbox 1382 821 1482 856; x_wconf 86' lang='lat'>1054.</span> <span class='ocrx_word' id='word_1_631' title='bbox 1507 820 1608 855; x_wconf 81' lang='lat'>1254.</span> <span class='ocrx_word' id='word_1_632' title='bbox 1653 823 1706 855; x_wconf 86' lang='lat' dir='ltr'>El.</span> <span class='ocrx_word' id='word_1_633' title='bbox 1727 819 1808 856; x_wconf 90' lang='lat'>270.</span> <span class='ocrx_word' id='word_1_634' title='bbox 1837 819 1917 854; x_wconf 90' lang='lat'>321.</span> <span class='ocrx_word' id='word_1_635' title='bbox 1939 818 2020 855; x_wconf 90' lang='lat'>389.</span> <span class='ocrx_word' id='word_1_636' title='bbox 2039 819 2120 854; x_wconf 88' lang='lat'>882.</span> <span class='ocrx_word' id='word_1_637' title='bbox 2151 819 2261 854; x_wconf 89' lang='lat' dir='ltr'>Ter.</span> 
     </span>
     <span class='ocr_line' id='line_1_81' title="bbox 1280 866 2257 917; baseline -0.005 -13"><span class='ocrx_word' id='word_1_638' title='bbox 1280 869 1359 912; x_wconf 84' lang='lat'>514,</span> <span class='ocrx_word' id='word_1_639' title='bbox 1380 869 1414 903; x_wconf 90' lang='grc'>2.</span> <span class='ocrx_word' id='word_1_640' title='bbox 1461 869 1638 917; x_wconf 88' lang='grc' dir='ltr'>ἐκείνην</span> <span class='ocrx_word' id='word_1_641' title='bbox 1656 870 1714 902; x_wconf 82' lang='lat' dir='ltr'>OR</span> <span class='ocrx_word' id='word_1_642' title='bbox 1734 867 1834 902; x_wconf 88' lang='lat'>1528.</span> <span class='ocrx_word' id='word_1_643' title='bbox 1877 866 2085 904; x_wconf 70' lang='lat' dir='ltr'>A11t.‚1039.</span> <span class='ocrx_word' id='word_1_644' title='bbox 2131 869 2186 901; x_wconf 93' lang='lat' dir='ltr'>Tr.</span> <span class='ocrx_word' id='word_1_645' title='bbox 2236 887 2257 897; x_wconf 69' lang='grc' dir='ltr'>ι</span> 
     </span>
     <span class='ocr_line' id='line_1_82' title="bbox 1280 911 2260 952; baseline -0.002 -2"><span class='ocrx_word' id='word_1_646' title='bbox 1280 919 1333 950; x_wconf 89' lang='grc' dir='ltr'>ΕΙ.</span> <span class='ocrx_word' id='word_1_647' title='bbox 1355 915 1434 951; x_wconf 87' lang='grc'>278.</span> <span class='ocrx_word' id='word_1_648' title='bbox 1482 917 1632 952; x_wconf 87' lang='grc' dir='ltr'>ἐκεῖνο</span> <span class='ocrx_word' id='word_1_649' title='bbox 1654 918 1708 949; x_wconf 87' lang='lat' dir='ltr'>El.</span> <span class='ocrx_word' id='word_1_650' title='bbox 1733 914 1834 949; x_wconf 88' lang='lat'>1115.</span> <span class='ocrx_word' id='word_1_651' title='bbox 1875 917 1938 948; x_wconf 90' lang='lat' dir='ltr'>Ph.</span> <span class='ocrx_word' id='word_1_652' title='bbox 1962 913 2042 949; x_wconf 90' lang='lat'>310.</span> <span class='ocrx_word' id='word_1_653' title='bbox 2085 917 2141 948; x_wconf 91' lang='lat' dir='ltr'>Ai.</span> <span class='ocrx_word' id='word_1_654' title='bbox 2163 911 2218 948; x_wconf 90' lang='lat'>94.</span> <span class='ocrx_word' id='word_1_655' title='bbox 2254 930 2260 944; x_wconf 71' lang='grc' dir='ltr'>ι</span> 
     </span>
     <span class='ocr_line' id='line_1_83' title="bbox 1282 962 2251 999; baseline 0.001 -3"><span class='ocrx_word' id='word_1_656' title='bbox 1282 967 1384 999; x_wconf 82' lang='lat' dir='ltr'>Dual.</span> <span class='ocrx_word' id='word_1_657' title='bbox 1420 963 1577 999; x_wconf 82' lang='grc' dir='ltr'>ἐκείνω</span> <span class='ocrx_word' id='word_1_658' title='bbox 1608 965 1663 997; x_wconf 89' lang='lat' dir='ltr'>OC</span> <span class='ocrx_word' id='word_1_659' title='bbox 1689 962 1768 996; x_wconf 84' lang='lat'>337.</span> <span class='ocrx_word' id='word_1_660' title='bbox 1807 982 1848 988; x_wconf 90' lang='lat'>—-</span> <span class='ocrx_word' id='word_1_661' title='bbox 1883 963 1978 996; x_wconf 84' lang='lat' dir='ltr'>Plur.</span> <span class='ocrx_word' id='word_1_662' title='bbox 2005 973 2095 995; x_wconf 77' lang='lat' dir='ltr'>nom.</span> <span class='ocrx_word' id='word_1_663' title='bbox 2124 962 2218 997; x_wconf 90' lang='grc' dir='ltr'>ἐκεῖ</span> <span class='ocrx_word' id='word_1_664' title='bbox 2239 964 2251 987; x_wconf 74' lang='lat'>&#39;¹</span> 
     </span>
     <span class='ocr_line' id='line_1_84' title="bbox 1280 1007 2253 1050; baseline 0 -5"><span class='ocrx_word' id='word_1_665' title='bbox 1280 1014 1340 1045; x_wconf 89' lang='lat' dir='ltr'>Ph.</span> <span class='ocrx_word' id='word_1_666' title='bbox 1361 1009 1442 1046; x_wconf 87' lang='lat'>268.</span> <span class='ocrx_word' id='word_1_667' title='bbox 1464 1010 1544 1045; x_wconf 90' lang='lat'>770.</span> <span class='ocrx_word' id='word_1_668' title='bbox 1588 1014 1668 1044; x_wconf 92' lang='lat' dir='ltr'>Ant.</span> <span class='ocrx_word' id='word_1_669' title='bbox 1694 1009 1771 1044; x_wconf 92' lang='lat'>170.</span> <span class='ocrx_word' id='word_1_670' title='bbox 1815 1012 1873 1043; x_wconf 89' lang='lat' dir='ltr'>Tr.</span> <span class='ocrx_word' id='word_1_671' title='bbox 1895 1007 1995 1043; x_wconf 90' lang='lat'>1091.</span> <span class='ocrx_word' id='word_1_672' title='bbox 2032 1009 2204 1044; x_wconf 82' lang='grc' dir='ltr'>ἐκεῖναι</span> <span class='ocrx_word' id='word_1_673' title='bbox 2237 1009 2253 1050; x_wconf 68' lang='lat'>⁶¹13</span> 
     </span>
     <span class='ocr_line' id='line_1_85' title="bbox 1281 1054 2250 1099; baseline -0.002 -7"><span class='ocrx_word' id='word_1_674' title='bbox 1281 1065 1403 1092; x_wconf 78' lang='lat' dir='ltr'>exstat.</span> <span class='ocrx_word' id='word_1_675' title='bbox 1433 1058 1584 1093; x_wconf 86' lang='grc' dir='ltr'>ἐκεῖνα</span> <span class='ocrx_word' id='word_1_676' title='bbox 1601 1059 1662 1091; x_wconf 82' lang='grc' dir='ltr'>ΡΙ).</span> <span class='ocrx_word' id='word_1_677' title='bbox 1679 1056 1755 1091; x_wconf 92' lang='lat'>115.</span> <span class='ocrx_word' id='word_1_678' title='bbox 1771 1076 1811 1082; x_wconf 92' lang='lat'><strong>—</strong></span> <span class='ocrx_word' id='word_1_679' title='bbox 1831 1068 1904 1099; x_wconf 78' lang='lat' dir='ltr'>yen.</span> <span class='ocrx_word' id='word_1_680' title='bbox 1923 1056 2104 1091; x_wconf 84' lang='grc' dir='ltr'>ἐκείνων</span> <span class='ocrx_word' id='word_1_681' title='bbox 2121 1054 2250 1098; x_wconf 65' lang='lat' dir='ltr'>OR1-&gt;j</span> 
     </span>
     <span class='ocr_line' id='line_1_86' title="bbox 1281 1099 2253 1140; baseline -0.001 -1"><span class='ocrx_word' id='word_1_682' title='bbox 1281 1108 1335 1140; x_wconf 86' lang='lat' dir='ltr'>OC</span> <span class='ocrx_word' id='word_1_683' title='bbox 1361 1105 1439 1139; x_wconf 89' lang='lat'>344.</span> <span class='ocrx_word' id='word_1_684' title='bbox 1471 1104 1550 1139; x_wconf 80' lang='grc'>606.</span> <span class='ocrx_word' id='word_1_685' title='bbox 1594 1108 1675 1138; x_wconf 88' lang='lat' dir='ltr'>Ant.</span> <span class='ocrx_word' id='word_1_686' title='bbox 1696 1103 1777 1138; x_wconf 89' lang='lat'>287.</span> <span class='ocrx_word' id='word_1_687' title='bbox 1810 1103 1911 1138; x_wconf 90' lang='lat'>1312.</span> <span class='ocrx_word' id='word_1_688' title='bbox 1941 1122 1983 1129; x_wconf 89' lang='lat'>—</span> <span class='ocrx_word' id='word_1_689' title='bbox 2011 1105 2078 1138; x_wconf 82' lang='lat' dir='ltr'>dat.</span> <span class='ocrx_word' id='word_1_690' title='bbox 2102 1099 2253 1138; x_wconf 64' lang='grc' dir='ltr'>ἐκείν</span> 
     </span>
     <span class='ocr_line' id='line_1_87' title="bbox 1281 1146 2226 1190; baseline 0 -4"><span class='ocrx_word' id='word_1_691' title='bbox 1281 1156 1336 1186; x_wconf 91' lang='lat' dir='ltr'>Tr.</span> <span class='ocrx_word' id='word_1_692' title='bbox 1354 1151 1443 1186; x_wconf 89' lang='lat'>1272</span> <span class='ocrx_word' id='word_1_693' title='bbox 1460 1164 1513 1186; x_wconf 89' lang='lat' dir='ltr'>an.</span> <span class='ocrx_word' id='word_1_694' title='bbox 1543 1153 1598 1186; x_wconf 84' lang='lat' dir='ltr'>OG</span> <span class='ocrx_word' id='word_1_695' title='bbox 1613 1150 1692 1185; x_wconf 89' lang='grc'>336.</span> <span class='ocrx_word' id='word_1_696' title='bbox 1720 1151 1888 1190; x_wconf 84' lang='grc' dir='ltr'>τάκείνοις</span> <span class='ocrx_word' id='word_1_697' title='bbox 1906 1153 2051 1185; x_wconf 84' lang='lat' dir='ltr'>Brunck.</span> <span class='ocrx_word' id='word_1_698' title='bbox 2074 1146 2102 1185; x_wconf 89' lang='grc' dir='ltr'>δ’</span> <span class='ocrx_word' id='word_1_699' title='bbox 2120 1150 2155 1185; x_wconf 89' lang='grc' dir='ltr'>ἐν</span> <span class='ocrx_word' id='word_1_700' title='bbox 2171 1149 2226 1185; x_wconf 84' lang='grc' dir='ltr'>κεί</span> 
     </span>
     <span class='ocr_line' id='line_1_88' title="bbox 1282 1174 2277 1245; baseline -0.002 -11"><span class='ocrx_word' id='word_1_701' title='bbox 1282 1203 1407 1242; x_wconf 87' lang='lat' dir='ltr'>Reisig.</span> <span class='ocrx_word' id='word_1_702' title='bbox 1438 1202 1557 1233; x_wconf 83' lang='lat' dir='ltr'>Elmsl.</span> <span class='ocrx_word' id='word_1_703' title='bbox 1583 1202 1699 1233; x_wconf 84' lang='lat' dir='ltr'>Herm.</span> <span class='ocrx_word' id='word_1_704' title='bbox 1738 1194 1781 1245; x_wconf 90' lang='grc' dir='ltr'>[δ’</span> <span class='ocrx_word' id='word_1_705' title='bbox 1799 1198 1945 1234; x_wconf 87' lang='grc' dir='ltr'>ἐκείνοισ</span> <span class='ocrx_word' id='word_1_706' title='bbox 1960 1201 2038 1240; x_wconf 89' lang='lat' dir='ltr'>LA,</span> <span class='ocrx_word' id='word_1_707' title='bbox 2065 1211 2083 1233; x_wconf 93' lang='grc' dir='ltr'>ν</span> <span class='ocrx_word' id='word_1_708' title='bbox 2101 1200 2141 1231; x_wconf 83' lang='lat' dir='ltr'>ab</span> <span class='ocrx_word' id='word_1_709' title='bbox 2156 1199 2178 1232; x_wconf 89' lang='lat' dir='ltr'>S</span> <span class='ocrx_word' id='word_1_710' title='bbox 2195 1209 2210 1232; x_wconf 83' lang='lat' dir='ltr'>s</span> <span class='ocrx_word' id='word_1_711' title='bbox 2235 1207 2252 1237; x_wconf 72' lang='grc' dir='ltr'>ξ</span> <span class='ocrx_word' id='word_1_712' title='bbox 2270 1174 2277 1224; x_wconf 65' lang='grc' dir='ltr'>ί</span> 
     </span>
     <span class='ocr_line' id='line_1_89' title="bbox 1282 1224 2279 1293; baseline -0.002 -12"><span class='ocrx_word' id='word_1_713' title='bbox 1282 1248 1416 1293; x_wconf 65' lang='lat' dir='ltr'>posito}</span> <span class='ocrx_word' id='word_1_714' title='bbox 1446 1249 1531 1281; x_wconf 91' lang='lat' dir='ltr'>Mihi</span> <span class='ocrx_word' id='word_1_715' title='bbox 1557 1249 1724 1281; x_wconf 79' lang='lat' dir='ltr'>Schaeferi</span> <span class='ocrx_word' id='word_1_716' title='bbox 1740 1249 1851 1289; x_wconf 84' lang='lat' dir='ltr'>placet</span> <span class='ocrx_word' id='word_1_717' title='bbox 1870 1248 2062 1279; x_wconf 85' lang='lat' dir='ltr'>coniectura</span> <span class='ocrx_word' id='word_1_718' title='bbox 2084 1243 2146 1279; x_wconf 84' lang='grc' dir='ltr'>τάν</span> <span class='ocrx_word' id='word_1_719' title='bbox 2170 1243 2243 1279; x_wconf 88' lang='grc' dir='ltr'>κεί</span> <span class='ocrx_word' id='word_1_720' title='bbox 2270 1224 2279 1266; x_wconf 70' lang='grc' dir='ltr'>ί</span> 
     </span>
     <span class='ocr_line' id='line_1_90' title="bbox 1281 1274 2279 1409; baseline 0 -81"><span class='ocrx_word' id='word_1_721' title='bbox 1281 1295 1404 1341; x_wconf 82' lang='lat' dir='ltr'>[recep.</span> <span class='ocrx_word' id='word_1_722' title='bbox 1421 1293 1555 1340; x_wconf 89' lang='lat' dir='ltr'>Dind.].</span> <span class='ocrx_word' id='word_1_723' title='bbox 1588 1293 1742 1328; x_wconf 82' lang='grc' dir='ltr'>ἐκείνοισι</span> <span class='ocrx_word' id='word_1_724' title='bbox 1760 1295 1820 1326; x_wconf 89' lang='lat' dir='ltr'>Ph.</span> <span class='ocrx_word' id='word_1_725' title='bbox 1836 1291 1915 1327; x_wconf 89' lang='lat'>642.</span> <span class='ocrx_word' id='word_1_726' title='bbox 1940 1292 2112 1327; x_wconf 87' lang='grc' dir='ltr'>ἐκείνοισιν</span> <span class='ocrx_word' id='word_1_727' title='bbox 2122 1290 2207 1326; x_wconf 89' lang='lat' dir='ltr'>OR1</span> <span class='ocrx_word' id='word_1_728' title='bbox 2223 1302 2248 1334; x_wconf 55' lang='grc'>4,</span> <span class='ocrx_word' id='word_1_729' title='bbox 2269 1274 2279 1409; x_wconf 63' lang='grc' dir='ltr'>’γ</span> 
     </span>
     <span class='ocr_line' id='line_1_91' title="bbox 2269 1417 2277 1447; baseline 0 0"><span class='ocrx_word' id='word_1_730' title='bbox 2269 1417 2277 1447; x_wconf 74' lang='grc' dir='ltr'>Ι</span> 
     </span>
     <span class='ocr_line' id='line_1_92' title="bbox 2270 1463 2276 1492; baseline 0 0"><span class='ocrx_word' id='word_1_731' title='bbox 2270 1463 2276 1492; x_wconf 85' lang='grc' dir='ltr'>Ι</span> 
     </span>
     <span class='ocr_line' id='line_1_93' title="bbox 2268 1509 2276 1543; baseline 0 0"><span class='ocrx_word' id='word_1_732' title='bbox 2268 1509 2276 1543; x_wconf 74' lang='grc' dir='ltr'>Ι</span> 
     </span>
     <span class='ocr_line' id='line_1_94' title="bbox 2269 1559 2275 1590; baseline 0 0"><span class='ocrx_word' id='word_1_733' title='bbox 2269 1559 2275 1590; x_wconf 80' lang='grc' dir='ltr'>ί</span> 
     </span>
     <span class='ocr_line' id='line_1_95' title="bbox 2269 1600 2275 1635; baseline 0 0"><span class='ocrx_word' id='word_1_734' title='bbox 2269 1600 2275 1635; x_wconf 77' lang='grc' dir='ltr'>Ι</span> 
     </span>
     <span class='ocr_line' id='line_1_96' title="bbox 2269 1647 2275 1684; baseline 0 0"><span class='ocrx_word' id='word_1_735' title='bbox 2269 1647 2275 1684; x_wconf 73' lang='grc' dir='ltr'>ί</span> 
     </span>
     <span class='ocr_line' id='line_1_97' title="bbox 2269 1685 2275 1731; baseline 0 0"><span class='ocrx_word' id='word_1_736' title='bbox 2269 1685 2275 1731; x_wconf 72' lang='grc' dir='ltr'>ί</span> 
     </span>
    </p>
   </div>
   <div class='ocr_carea' id='block_1_15' title="bbox 2270 1037 2281 1172">
    <p class='ocr_par' dir='ltr' id='par_1_22' title="bbox 2270 1037 2281 1172">
     <span class='ocr_line' id='line_1_98' title="bbox 2270 1037 2281 1172; baseline 0 2428"><span class='ocrx_word' id='word_1_737' title='bbox 2270 1037 2281 1172; x_wconf 95' lang='lat' dir='ltr'> </span> 
     </span>
    </p>
   </div>
   <div class='ocr_carea' id='block_1_16' title="bbox 1281 1338 2274 3456">
    <p class='ocr_par' dir='ltr' id='par_1_23' title="bbox 1281 1338 2277 2803">
     <span class='ocr_line' id='line_1_99' title="bbox 1284 1338 2247 1380; baseline -0.002 -5"><span class='ocrx_word' id='word_1_738' title='bbox 1284 1362 1324 1367; x_wconf 86' lang='grc'>-</span> <span class='ocrx_word' id='word_1_739' title='bbox 1353 1353 1460 1375; x_wconf 76' lang='lat' dir='ltr'>accus.</span> <span class='ocrx_word' id='word_1_740' title='bbox 1484 1340 1687 1380; x_wconf 85' lang='grc' dir='ltr'>ἐκείνους</span> <span class='ocrx_word' id='word_1_741' title='bbox 1714 1343 1769 1374; x_wconf 89' lang='lat' dir='ltr'>Tr.</span> <span class='ocrx_word' id='word_1_742' title='bbox 1791 1339 1871 1374; x_wconf 90' lang='lat'>342.</span> <span class='ocrx_word' id='word_1_743' title='bbox 1915 1343 1969 1373; x_wconf 91' lang='lat' dir='ltr'>Ai.</span> <span class='ocrx_word' id='word_1_744' title='bbox 1994 1338 2095 1373; x_wconf 89' lang='lat'>1108.</span> <span class='ocrx_word' id='word_1_745' title='bbox 2141 1339 2247 1373; x_wconf 72' lang='grc' dir='ltr'>ἐκε“’</span> 
     </span>
     <span class='ocr_line' id='line_1_100' title="bbox 1282 1385 2220 1430; baseline -0.004 -8"><span class='ocrx_word' id='word_1_746' title='bbox 1282 1390 1337 1423; x_wconf 82' lang='lat' dir='ltr'>OC</span> <span class='ocrx_word' id='word_1_747' title='bbox 1351 1388 1406 1422; x_wconf 91' lang='lat'>87.</span> <span class='ocrx_word' id='word_1_748' title='bbox 1432 1387 1533 1422; x_wconf 87' lang='lat'>1195.</span> <span class='ocrx_word' id='word_1_749' title='bbox 1564 1391 1613 1421; x_wconf 87' lang='lat' dir='ltr'>El.</span> <span class='ocrx_word' id='word_1_750' title='bbox 1627 1387 1659 1422; x_wconf 92' lang='lat'>2.</span> <span class='ocrx_word' id='word_1_751' title='bbox 1689 1391 1770 1421; x_wconf 87' lang='lat' dir='ltr'>Ant.</span> <span class='ocrx_word' id='word_1_752' title='bbox 1791 1386 1871 1421; x_wconf 88' lang='lat'>408.</span> <span class='ocrx_word' id='word_1_753' title='bbox 1901 1389 2023 1430; x_wconf 86' lang='lat' dir='ltr'>Naupl.</span> <span class='ocrx_word' id='word_1_754' title='bbox 2038 1385 2119 1430; x_wconf 85' lang='lat'>379,</span> <span class='ocrx_word' id='word_1_755' title='bbox 2138 1385 2172 1420; x_wconf 86' lang='lat'>4.</span> <span class='ocrx_word' id='word_1_756' title='bbox 2212 1406 2220 1416; x_wconf 85' lang='lat'><em>-</em></span> 
     </span>
     <span class='ocr_line' id='line_1_101' title="bbox 1282 1435 2242 1477; baseline -0.004 -7"><span class='ocrx_word' id='word_1_757' title='bbox 1282 1448 1356 1470; x_wconf 87' lang='lat' dir='ltr'>esse</span> <span class='ocrx_word' id='word_1_758' title='bbox 1382 1439 1565 1477; x_wconf 84' lang='lat' dir='ltr'>legitimam</span> <span class='ocrx_word' id='word_1_759' title='bbox 1596 1438 1752 1477; x_wconf 86' lang='lat' dir='ltr'>formam,</span> <span class='ocrx_word' id='word_1_760' title='bbox 1789 1437 1985 1476; x_wconf 82' lang='lat' dir='ltr'>bisyllabam</span> <span class='ocrx_word' id='word_1_761' title='bbox 2017 1445 2084 1467; x_wconf 91' lang='lat' dir='ltr'>non</span> <span class='ocrx_word' id='word_1_762' title='bbox 2116 1435 2242 1467; x_wconf 83' lang='lat' dir='ltr'>adm&#39;</span> 
     </span>
     <span class='ocr_line' id='line_1_102' title="bbox 1282 1483 2274 1526; baseline -0.003 -9"><span class='ocrx_word' id='word_1_763' title='bbox 1282 1487 1349 1517; x_wconf 88' lang='lat' dir='ltr'>nisi</span> <span class='ocrx_word' id='word_1_764' title='bbox 1374 1489 1510 1526; x_wconf 87' lang='lat' dir='ltr'>propter</span> <span class='ocrx_word' id='word_1_765' title='bbox 1536 1494 1670 1516; x_wconf 87' lang='lat' dir='ltr'>versum</span> <span class='ocrx_word' id='word_1_766' title='bbox 1696 1484 1897 1515; x_wconf 88' lang='lat' dir='ltr'>commodius</span> <span class='ocrx_word' id='word_1_767' title='bbox 1921 1483 2152 1525; x_wconf 82' lang='lat' dir='ltr'>pangendum,</span> <span class='ocrx_word' id='word_1_768' title='bbox 2182 1483 2224 1514; x_wconf 86' lang='lat' dir='ltr'>el&#39;</span> <span class='ocrx_word' id='word_1_769' title='bbox 2271 1495 2274 1508; x_wconf 87' lang='lat'><strong><em>=</em></strong></span> 
     </span>
     <span class='ocr_line' id='line_1_103' title="bbox 1281 1526 2274 1572; baseline -0.003 -8"><span class='ocrx_word' id='word_1_770' title='bbox 1281 1542 1371 1572; x_wconf 89' lang='lat' dir='ltr'>nem,</span> <span class='ocrx_word' id='word_1_771' title='bbox 1394 1542 1562 1564; x_wconf 74' lang='lat' dir='ltr'>caesuram</span> <span class='ocrx_word' id='word_1_772' title='bbox 1579 1533 1614 1563; x_wconf 90' lang='lat' dir='ltr'>in</span> <span class='ocrx_word' id='word_1_773' title='bbox 1631 1533 1744 1568; x_wconf 87' lang='grc' dir='ltr'>κεῖνος</span> <span class='ocrx_word' id='word_1_774' title='bbox 1769 1532 1971 1563; x_wconf 83' lang='lat' dir='ltr'>docebimus.</span> <span class='ocrx_word' id='word_1_775' title='bbox 1995 1547 2099 1562; x_wconf 91' lang='lat'>—.—</span> <span class='ocrx_word' id='word_1_776' title='bbox 2126 1530 2170 1561; x_wconf 89' lang='lat'>11.</span> <span class='ocrx_word' id='word_1_777' title='bbox 2197 1526 2249 1563; x_wconf 60' lang='lat' dir='ltr'>UJ</span> <span class='ocrx_word' id='word_1_778' title='bbox 2272 1555 2274 1557; x_wconf 57' lang='grc'><strong>,</strong></span> 
     </span>
     <span class='ocr_line' id='line_1_104' title="bbox 1297 1577 2230 1622; baseline -0.003 -11"><span class='ocrx_word' id='word_1_779' title='bbox 1297 1580 1311 1622; x_wconf 80' lang='grc'>11</span> <span class='ocrx_word' id='word_1_780' title='bbox 1327 1581 1483 1611; x_wconf 64' lang='lat' dir='ltr'>&#39;remotius</span> <span class='ocrx_word' id='word_1_781' title='bbox 1509 1579 1643 1620; x_wconf 84' lang='lat' dir='ltr'>aliquod</span> <span class='ocrx_word' id='word_1_782' title='bbox 1666 1579 1719 1610; x_wconf 92' lang='lat' dir='ltr'>vel</span> <span class='ocrx_word' id='word_1_783' title='bbox 1738 1580 1807 1609; x_wconf 77' lang='lat' dir='ltr'>loco</span> <span class='ocrx_word' id='word_1_784' title='bbox 1825 1589 1846 1610; x_wconf 88' lang='lat' dir='ltr'>a</span> <span class='ocrx_word' id='word_1_785' title='bbox 1867 1578 1959 1610; x_wconf 78' lang='lat' dir='ltr'>nobis</span> <span class='ocrx_word' id='word_1_786' title='bbox 1984 1577 2089 1609; x_wconf 76' lang='lat' dir='ltr'>diviso</span> <span class='ocrx_word' id='word_1_787' title='bbox 2105 1580 2136 1609; x_wconf 80' lang='lat' dir='ltr'>et</span> <span class='ocrx_word' id='word_1_788' title='bbox 2151 1586 2230 1618; x_wconf 40' lang='lat' dir='ltr'>opp,</span> 
     </span>
     <span class='ocr_line' id='line_1_105' title="bbox 1281 1624 2272 1666; baseline -0.002 -8"><span class='ocrx_word' id='word_1_789' title='bbox 1281 1628 1477 1658; x_wconf 57' lang='lat' dir='ltr'>colion-utum</span> <span class='ocrx_word' id='word_1_790' title='bbox 1501 1627 1686 1666; x_wconf 80' lang='lat' dir='ltr'>signifieat3</span> <span class='ocrx_word' id='word_1_791' title='bbox 1717 1627 1799 1657; x_wconf 88' lang='lat' dir='ltr'>item</span> <span class='ocrx_word' id='word_1_792' title='bbox 1823 1627 1959 1657; x_wconf 78' lang='lat' dir='ltr'>minoris</span> <span class='ocrx_word' id='word_1_793' title='bbox 1992 1624 2118 1666; x_wconf 79' lang='lat' dir='ltr'>aliquid</span> <span class='ocrx_word' id='word_1_794' title='bbox 2141 1633 2194 1656; x_wconf 88' lang='lat' dir='ltr'>mo</span> <span class='ocrx_word' id='word_1_795' title='bbox 2270 1643 2272 1646; x_wconf 93' lang='lat'><em>-</em></span> 
     </span>
     <span class='ocr_line' id='line_1_106' title="bbox 1281 1666 2241 1719; baseline -0.003 -13"><span class='ocrx_word' id='word_1_796' title='bbox 1281 1678 1506 1715; x_wconf 87' lang='lat' dir='ltr'>comparatum</span> <span class='ocrx_word' id='word_1_797' title='bbox 1524 1684 1599 1705; x_wconf 83' lang='lat' dir='ltr'>cum</span> <span class='ocrx_word' id='word_1_798' title='bbox 1615 1677 1802 1714; x_wconf 85' lang='lat' dir='ltr'>praesente,</span> <span class='ocrx_word' id='word_1_799' title='bbox 1824 1673 1995 1719; x_wconf 68' lang='lat' dir='ltr'>propiore,</span> <span class='ocrx_word' id='word_1_800' title='bbox 2024 1673 2189 1712; x_wconf 83' lang='lat' dir='ltr'>graviore,</span> <span class='ocrx_word' id='word_1_801' title='bbox 2215 1666 2241 1708; x_wconf 51' lang='grc' dir='ltr'>ιζ’</span> 
     </span>
     <span class='ocr_line' id='line_1_107' title="bbox 1281 1719 2273 1763; baseline -0.003 -10"><span class='ocrx_word' id='word_1_802' title='bbox 1281 1724 1393 1763; x_wconf 87' lang='lat' dir='ltr'>ipsum</span> <span class='ocrx_word' id='word_1_803' title='bbox 1411 1722 1465 1752; x_wconf 88' lang='lat' dir='ltr'>hic</span> <span class='ocrx_word' id='word_1_804' title='bbox 1486 1722 1555 1752; x_wconf 90' lang='lat' dir='ltr'>illic</span> <span class='ocrx_word' id='word_1_805' title='bbox 1581 1721 1725 1752; x_wconf 87' lang='lat' dir='ltr'>additur.</span> <span class='ocrx_word' id='word_1_806' title='bbox 1771 1720 2005 1761; x_wconf 86' lang='lat' dir='ltr'>Repetendum</span> <span class='ocrx_word' id='word_1_807' title='bbox 2031 1721 2123 1751; x_wconf 89' lang='lat' dir='ltr'>enim</span> <span class='ocrx_word' id='word_1_808' title='bbox 2147 1719 2187 1751; x_wconf 84' lang='lat' dir='ltr'>ab</span> <span class='ocrx_word' id='word_1_809' title='bbox 2270 1734 2273 1744; x_wconf 64' lang='grc' dir='ltr'>ι</span> 
     </span>
     <span class='ocr_line' id='line_1_108' title="bbox 1283 1763 2243 1815; baseline -0.003 -15"><span class='ocrx_word' id='word_1_810' title='bbox 1283 1781 1315 1800; x_wconf 89' lang='lat' dir='ltr'>v.</span> <span class='ocrx_word' id='word_1_811' title='bbox 1336 1769 1448 1810; x_wconf 89' lang='lat' dir='ltr'>Apoll.</span> <span class='ocrx_word' id='word_1_812' title='bbox 1477 1769 1518 1799; x_wconf 90' lang='lat' dir='ltr'>de</span> <span class='ocrx_word' id='word_1_813' title='bbox 1544 1768 1642 1799; x_wconf 91' lang='lat' dir='ltr'>Pron.</span> <span class='ocrx_word' id='word_1_814' title='bbox 1664 1778 1706 1815; x_wconf 54' lang='lat' dir='ltr'>⁸p.</span> <span class='ocrx_word' id='word_1_815' title='bbox 1729 1764 1794 1808; x_wconf 89' lang='lat'>75,</span> <span class='ocrx_word' id='word_1_816' title='bbox 1825 1768 1948 1799; x_wconf 80' lang='lat' dir='ltr'>rectius</span> <span class='ocrx_word' id='word_1_817' title='bbox 1973 1767 2109 1808; x_wconf 88' lang='lat' dir='ltr'>quidem</span> <span class='ocrx_word' id='word_1_818' title='bbox 2134 1775 2190 1807; x_wconf 90' lang='lat' dir='ltr'>qu</span> <span class='ocrx_word' id='word_1_819' title='bbox 2208 1763 2243 1802; x_wconf 58' lang='grc' dir='ltr'>«ι’</span> 
     </span>
     <span class='ocr_line' id='line_1_109' title="bbox 1283 1811 2237 1856; baseline -0.004 -7"><span class='ocrx_word' id='word_1_820' title='bbox 1283 1815 1383 1855; x_wconf 75' lang='grc' dir='ltr'>ἑκάς,</span> <span class='ocrx_word' id='word_1_821' title='bbox 1414 1819 1452 1847; x_wconf 87' lang='lat' dir='ltr'>ut</span> <span class='ocrx_word' id='word_1_822' title='bbox 1478 1816 1557 1846; x_wconf 82' lang='lat' dir='ltr'>facit</span> <span class='ocrx_word' id='word_1_823' title='bbox 1582 1815 1641 1846; x_wconf 86' lang='lat' dir='ltr'>EG</span> <span class='ocrx_word' id='word_1_824' title='bbox 1666 1824 1700 1855; x_wconf 90' lang='lat' dir='ltr'>p.</span> <span class='ocrx_word' id='word_1_825' title='bbox 1724 1811 1801 1854; x_wconf 91' lang='lat'>175,</span> <span class='ocrx_word' id='word_1_826' title='bbox 1822 1811 1863 1855; x_wconf 89' lang='lat'>8;</span> <span class='ocrx_word' id='word_1_827' title='bbox 1901 1823 2094 1856; x_wconf 84' lang='lat' dir='ltr'>quanquam</span> <span class='ocrx_word' id='word_1_828' title='bbox 2117 1817 2237 1852; x_wconf 52' lang='lat' dir='ltr'>utrum</span> 
     </span>
     <span class='ocr_line' id='line_1_110' title="bbox 1285 1858 2193 1907; baseline -0.002 -12"><span class='ocrx_word' id='word_1_829' title='bbox 1285 1865 1400 1895; x_wconf 88' lang='lat' dir='ltr'>eadem</span> <span class='ocrx_word' id='word_1_830' title='bbox 1425 1864 1529 1903; x_wconf 83' lang='lat' dir='ltr'>stirpe</span> <span class='ocrx_word' id='word_1_831' title='bbox 1554 1866 1727 1903; x_wconf 85' lang='lat' dir='ltr'>prosatum</span> <span class='ocrx_word' id='word_1_832' title='bbox 1752 1865 1813 1893; x_wconf 90' lang='lat' dir='ltr'>est.</span> <span class='ocrx_word' id='word_1_833' title='bbox 1859 1858 2064 1907; x_wconf 83' lang='grc' dir='ltr'>ἀπηλλάγην</span> <span class='ocrx_word' id='word_1_834' title='bbox 2083 1858 2193 1907; x_wconf 85' lang='grc' dir='ltr'>φόβου</span> 
     </span>
     <span class='ocr_line' id='line_1_111' title="bbox 1283 1906 2211 1957; baseline -0.004 -14"><span class='ocrx_word' id='word_1_835' title='bbox 1283 1907 1379 1957; x_wconf 84' lang='grc' dir='ltr'>τῆσδ’</span> <span class='ocrx_word' id='word_1_836' title='bbox 1397 1907 1528 1943; x_wconf 84' lang='grc' dir='ltr'>ἐκείνου</span> <span class='ocrx_word' id='word_1_837' title='bbox 1545 1920 1581 1942; x_wconf 87' lang='grc' dir='ltr'>τε</span> <span class='ocrx_word' id='word_1_838' title='bbox 1600 1909 1653 1940; x_wconf 89' lang='lat' dir='ltr'>El.</span> <span class='ocrx_word' id='word_1_839' title='bbox 1673 1906 1752 1940; x_wconf 85' lang='lat'>783.</span> <span class='ocrx_word' id='word_1_840' title='bbox 1781 1906 1845 1953; x_wconf 83' lang='grc' dir='ltr'>ἥδε</span> <span class='ocrx_word' id='word_1_841' title='bbox 1862 1909 2009 1950; x_wconf 87' lang='lat' dir='ltr'>Electra,</span> <span class='ocrx_word' id='word_1_842' title='bbox 2030 1907 2161 1945; x_wconf 84' lang='grc' dir='ltr'>ἐκεῖνος</span> <span class='ocrx_word' id='word_1_843' title='bbox 2177 1917 2211 1939; x_wconf 79' lang='lat' dir='ltr'>a·</span> 
     </span>
     <span class='ocr_line' id='line_1_112' title="bbox 1285 1949 2225 2003; baseline -0.003 -13"><span class='ocrx_word' id='word_1_844' title='bbox 1285 1961 1437 1990; x_wconf 87' lang='lat' dir='ltr'>mortuus</span> <span class='ocrx_word' id='word_1_845' title='bbox 1446 1956 1592 1989; x_wconf 88' lang='lat' dir='ltr'>Orestes.</span> <span class='ocrx_word' id='word_1_846' title='bbox 1614 1954 1734 1993; x_wconf 85' lang='grc' dir='ltr'>παιδὸς</span> <span class='ocrx_word' id='word_1_847' title='bbox 1745 1954 1835 1993; x_wconf 82' lang='grc' dir='ltr'>ὅστις</span> <span class='ocrx_word' id='word_1_848' title='bbox 1852 1949 1972 2003; x_wconf 74' lang='grc' dir='ltr'>γένοιτ’</span> <span class='ocrx_word' id='word_1_849' title='bbox 1984 1954 2069 2000; x_wconf 84' lang='grc' dir='ltr'>ἐμοῦ</span> <span class='ocrx_word' id='word_1_850' title='bbox 2085 1965 2122 1988; x_wconf 86' lang='grc' dir='ltr'>τε</span> <span class='ocrx_word' id='word_1_851' title='bbox 2137 1951 2184 1988; x_wconf 84' lang='grc' dir='ltr'>κά</span> <span class='ocrx_word' id='word_1_852' title='bbox 2212 1970 2225 1994; x_wconf 65' lang='lat' dir='ltr'>s.</span> 
     </span>
     <span class='ocr_line' id='line_1_113' title="bbox 1286 1996 2232 2048; baseline -0.003 -10"><span class='ocrx_word' id='word_1_853' title='bbox 1286 2004 1334 2038; x_wconf 92' lang='grc' dir='ltr'>πά</span> <span class='ocrx_word' id='word_1_854' title='bbox 1357 2016 1379 2038; x_wconf 89' lang='grc' dir='ltr'>α</span> <span class='ocrx_word' id='word_1_855' title='bbox 1395 2004 1452 2036; x_wconf 89' lang='lat' dir='ltr'>OR</span> <span class='ocrx_word' id='word_1_856' title='bbox 1474 2001 1554 2036; x_wconf 91' lang='lat'>714.</span> <span class='ocrx_word' id='word_1_857' title='bbox 1598 2000 1637 2036; x_wconf 72' lang='grc' dir='ltr'>οὔ</span> <span class='ocrx_word' id='word_1_858' title='bbox 1663 2000 1689 2035; x_wconf 85' lang='grc' dir='ltr'>σ’</span> <span class='ocrx_word' id='word_1_859' title='bbox 1715 1996 1856 2048; x_wconf 82' lang='grc' dir='ltr'>ἐγείνατ’</span> <span class='ocrx_word' id='word_1_860' title='bbox 1881 1999 1948 2036; x_wconf 73' lang='grc' dir='ltr'>οὔτ’</span> <span class='ocrx_word' id='word_1_861' title='bbox 1978 2001 2110 2040; x_wconf 87' lang='grc' dir='ltr'>ἐκεῖνος</span> <span class='ocrx_word' id='word_1_862' title='bbox 2136 1997 2232 2039; x_wconf 66' lang='grc' dir='ltr'>οὔτ’,</span> 
     </span>
     <span class='ocr_line' id='line_1_114' title="bbox 1289 2043 2237 2108; baseline -0.002 -24"><span class='ocrx_word' id='word_1_863' title='bbox 1289 2049 1330 2084; x_wconf 96' lang='grc' dir='ltr'>1Ο</span> <span class='ocrx_word' id='word_1_864' title='bbox 1356 2049 1389 2084; x_wconf 91' lang='grc' dir='ltr'>Ο.</span> <span class='ocrx_word' id='word_1_865' title='bbox 1441 2049 1560 2096; x_wconf 83' lang='grc' dir='ltr'>ἐκείνῳ</span> <span class='ocrx_word' id='word_1_866' title='bbox 1593 2048 1675 2108; x_wconf 62' lang='grc' dir='ltr'>τῇδε</span> <span class='ocrx_word' id='word_1_867' title='bbox 1707 2061 1744 2083; x_wconf 94' lang='grc' dir='ltr'>τε</span> <span class='ocrx_word' id='word_1_868' title='bbox 1777 2051 1858 2082; x_wconf 88' lang='lat' dir='ltr'>Ant.</span> <span class='ocrx_word' id='word_1_869' title='bbox 1895 2047 1975 2082; x_wconf 88' lang='lat'>570.</span> <span class='ocrx_word' id='word_1_870' title='bbox 2005 2068 2047 2074; x_wconf 92' lang='lat'>—</span> <span class='ocrx_word' id='word_1_871' title='bbox 2083 2045 2152 2082; x_wconf 74' lang='grc' dir='ltr'>οὔτ’</span> <span class='ocrx_word' id='word_1_872' title='bbox 2183 2043 2237 2088; x_wconf 50' lang='grc' dir='ltr'>ἃ,</span> 
     </span>
     <span class='ocr_line' id='line_1_115' title="bbox 1285 2093 2225 2144; baseline -0.005 -11"><span class='ocrx_word' id='word_1_873' title='bbox 1285 2098 1407 2133; x_wconf 89' lang='grc' dir='ltr'>κείνων</span> <span class='ocrx_word' id='word_1_874' title='bbox 1431 2110 1439 2115; x_wconf 80' lang='grc'><strong>-</strong></span> <span class='ocrx_word' id='word_1_875' title='bbox 1458 2097 1560 2144; x_wconf 88' lang='grc' dir='ltr'>ωρὶς,</span> <span class='ocrx_word' id='word_1_876' title='bbox 1591 2094 1658 2131; x_wconf 92' lang='grc' dir='ltr'>ουτ’</span> <span class='ocrx_word' id='word_1_877' title='bbox 1685 2095 1799 2130; x_wconf 89' lang='grc' dir='ltr'>ἐκεῖνα</span> <span class='ocrx_word' id='word_1_878' title='bbox 1824 2099 1884 2131; x_wconf 82' lang='grc' dir='ltr'>σοῦ</span> <span class='ocrx_word' id='word_1_879' title='bbox 1908 2097 1970 2129; x_wconf 90' lang='lat' dir='ltr'>Ph.</span> <span class='ocrx_word' id='word_1_880' title='bbox 1999 2094 2076 2129; x_wconf 89' lang='lat'>115.</span> <span class='ocrx_word' id='word_1_881' title='bbox 2127 2093 2181 2129; x_wconf 79' lang='grc' dir='ltr'>αίτ</span> <span class='ocrx_word' id='word_1_882' title='bbox 2200 2105 2225 2121; x_wconf 67' lang='grc' dir='ltr'>ι’</span> 
     </span>
     <span class='ocr_line' id='line_1_116' title="bbox 1285 2140 2230 2192; baseline -0.005 -13"><span class='ocrx_word' id='word_1_883' title='bbox 1285 2144 1392 2180; x_wconf 84' lang='grc' dir='ltr'>τῶνδε</span> <span class='ocrx_word' id='word_1_884' title='bbox 1416 2143 1584 2178; x_wconf 87' lang='grc' dir='ltr'>κακείνων</span> <span class='ocrx_word' id='word_1_885' title='bbox 1612 2142 1703 2192; x_wconf 80' lang='grc' dir='ltr'>ἔχων</span> <span class='ocrx_word' id='word_1_886' title='bbox 1721 2145 1803 2176; x_wconf 89' lang='lat' dir='ltr'>Ant.</span> <span class='ocrx_word' id='word_1_887' title='bbox 1820 2140 1922 2176; x_wconf 88' lang='lat'>1312.</span> <span class='ocrx_word' id='word_1_888' title='bbox 1953 2145 1992 2176; x_wconf 89' lang='lat' dir='ltr'>In</span> <span class='ocrx_word' id='word_1_889' title='bbox 2018 2144 2134 2175; x_wconf 89' lang='lat' dir='ltr'>multis</span> <span class='ocrx_word' id='word_1_890' title='bbox 2154 2143 2230 2174; x_wconf 84' lang='lat' dir='ltr'>loc</span> 
     </span>
     <span class='ocr_line' id='line_1_117' title="bbox 1287 2189 2225 2232; baseline -0.003 -6"><span class='ocrx_word' id='word_1_891' title='bbox 1287 2198 1472 2225; x_wconf 88' lang='lat' dir='ltr'>memoratu</span> <span class='ocrx_word' id='word_1_892' title='bbox 1499 2193 1657 2232; x_wconf 89' lang='lat' dir='ltr'>dignum:</span> <span class='ocrx_word' id='word_1_893' title='bbox 1693 2193 1832 2232; x_wconf 89' lang='lat' dir='ltr'>ponitur</span> <span class='ocrx_word' id='word_1_894' title='bbox 1862 2192 1903 2223; x_wconf 90' lang='lat' dir='ltr'>de</span> <span class='ocrx_word' id='word_1_895' title='bbox 1921 2191 2110 2232; x_wconf 84' lang='lat' dir='ltr'>praeteritis</span> <span class='ocrx_word' id='word_1_896' title='bbox 2134 2189 2188 2221; x_wconf 82' lang='lat' dir='ltr'>El.</span> <span class='ocrx_word' id='word_1_897' title='bbox 2218 2190 2225 2223; x_wconf 70' lang='lat' dir='ltr'>j</span> 
     </span>
     <span class='ocr_line' id='line_1_118' title="bbox 1287 2234 2258 2281; baseline -0.005 -8"><span class='ocrx_word' id='word_1_898' title='bbox 1287 2241 1342 2273; x_wconf 83' lang='lat' dir='ltr'>OC</span> <span class='ocrx_word' id='word_1_899' title='bbox 1363 2237 1471 2281; x_wconf 69' lang='lat'>1195,</span> <span class='ocrx_word' id='word_1_900' title='bbox 1494 2240 1534 2271; x_wconf 88' lang='lat' dir='ltr'>de</span> <span class='ocrx_word' id='word_1_901' title='bbox 1548 2240 1742 2270; x_wconf 86' lang='lat' dir='ltr'>absentibus</span> <span class='ocrx_word' id='word_1_902' title='bbox 1761 2239 1816 2270; x_wconf 93' lang='lat' dir='ltr'>Tr.</span> <span class='ocrx_word' id='word_1_903' title='bbox 1837 2235 1917 2270; x_wconf 88' lang='lat'>244.</span> <span class='ocrx_word' id='word_1_904' title='bbox 1939 2235 2018 2271; x_wconf 90' lang='lat'>487.</span> <span class='ocrx_word' id='word_1_905' title='bbox 2040 2234 2120 2269; x_wconf 88' lang='lat'>942.</span> <span class='ocrx_word' id='word_1_906' title='bbox 2141 2236 2226 2269; x_wconf 70' lang='lat' dir='ltr'>EL-</span> <span class='ocrx_word' id='word_1_907' title='bbox 2257 2256 2258 2259; x_wconf 65' lang='lat'><em>=</em></span> 
     </span>
     <span class='ocr_line' id='line_1_119' title="bbox 1290 2281 2210 2320; baseline -0.004 0"><span class='ocrx_word' id='word_1_908' title='bbox 1290 2285 1369 2320; x_wconf 91' lang='lat'>389.</span> <span class='ocrx_word' id='word_1_909' title='bbox 1390 2284 1470 2319; x_wconf 88' lang='lat'>459.</span> <span class='ocrx_word' id='word_1_910' title='bbox 1500 2287 1554 2319; x_wconf 87' lang='lat' dir='ltr'>OC</span> <span class='ocrx_word' id='word_1_911' title='bbox 1573 2283 1653 2318; x_wconf 90' lang='lat'>337.</span> <span class='ocrx_word' id='word_1_912' title='bbox 1690 2287 1747 2318; x_wconf 70' lang='grc' dir='ltr'>ΟΒ</span> <span class='ocrx_word' id='word_1_913' title='bbox 1765 2283 1844 2318; x_wconf 89' lang='grc'>720.</span> <span class='ocrx_word' id='word_1_914' title='bbox 1866 2282 1945 2318; x_wconf 92' lang='grc'>930.</span> <span class='ocrx_word' id='word_1_915' title='bbox 1969 2281 2069 2317; x_wconf 90' lang='grc'>1440.</span> <span class='ocrx_word' id='word_1_916' title='bbox 2113 2284 2166 2316; x_wconf 87' lang='lat' dir='ltr'>De</span> <span class='ocrx_word' id='word_1_917' title='bbox 2182 2281 2210 2315; x_wconf 91' lang='lat' dir='ltr'>O</span> 
     </span>
     <span class='ocr_line' id='line_1_120' title="bbox 1289 2329 2250 2378; baseline -0.006 -11"><span class='ocrx_word' id='word_1_918' title='bbox 1289 2336 1348 2376; x_wconf 89' lang='lat' dir='ltr'>qui</span> <span class='ocrx_word' id='word_1_919' title='bbox 1371 2336 1437 2366; x_wconf 88' lang='lat' dir='ltr'>iam</span> <span class='ocrx_word' id='word_1_920' title='bbox 1463 2334 1599 2366; x_wconf 88' lang='lat' dir='ltr'>advenit</span> <span class='ocrx_word' id='word_1_921' title='bbox 1623 2331 1714 2378; x_wconf 81' lang='grc' dir='ltr'>λέγω</span> <span class='ocrx_word' id='word_1_922' title='bbox 1740 2331 1869 2366; x_wconf 91' lang='grc' dir='ltr'>ἐκεῖνον</span> <span class='ocrx_word' id='word_1_923' title='bbox 1902 2331 1949 2370; x_wconf 85' lang='grc' dir='ltr'>ὡς</span> <span class='ocrx_word' id='word_1_924' title='bbox 1974 2342 2022 2365; x_wconf 84' lang='grc' dir='ltr'>πα</span> <span class='ocrx_word' id='word_1_925' title='bbox 2046 2329 2125 2365; x_wconf 84' lang='grc' dir='ltr'>όντοι</span> <span class='ocrx_word' id='word_1_926' title='bbox 2141 2330 2193 2363; x_wconf 82' lang='grc' dir='ltr'>ΕΙ.</span> <span class='ocrx_word' id='word_1_927' title='bbox 2218 2360 2250 2373; x_wconf 19' lang='lat'>⁷·</span> 
     </span>
     <span class='ocr_line' id='line_1_121' title="bbox 1289 2374 2224 2422; baseline -0.004 -8"><span class='ocrx_word' id='word_1_928' title='bbox 1289 2386 1401 2414; x_wconf 84' lang='lat' dir='ltr'>contra</span> <span class='ocrx_word' id='word_1_929' title='bbox 1417 2383 1457 2413; x_wconf 93' lang='lat' dir='ltr'>de</span> <span class='ocrx_word' id='word_1_930' title='bbox 1477 2381 1620 2412; x_wconf 85' lang='lat' dir='ltr'>Hercule</span> <span class='ocrx_word' id='word_1_931' title='bbox 1642 2381 1798 2412; x_wconf 83' lang='lat' dir='ltr'>adfuturo</span> <span class='ocrx_word' id='word_1_932' title='bbox 1818 2381 1872 2411; x_wconf 91' lang='lat' dir='ltr'>Tr.</span> <span class='ocrx_word' id='word_1_933' title='bbox 1897 2375 1973 2412; x_wconf 85' lang='lat'>198.</span> <span class='ocrx_word' id='word_1_934' title='bbox 1995 2375 2018 2410; x_wconf 93' lang='grc'>2</span> <span class='ocrx_word' id='word_1_935' title='bbox 2043 2376 2076 2411; x_wconf 93' lang='lat'>7.</span> <span class='ocrx_word' id='word_1_936' title='bbox 2100 2396 2141 2403; x_wconf 92' lang='lat'>—</span> <span class='ocrx_word' id='word_1_937' title='bbox 2167 2374 2224 2422; x_wconf 88' lang='grc' dir='ltr'>[Ο</span> 
     </span>
     <span class='ocr_line' id='line_1_122' title="bbox 1289 2427 2168 2469; baseline -0.004 -8"><span class='ocrx_word' id='word_1_938' title='bbox 1289 2433 1419 2461; x_wconf 89' lang='lat' dir='ltr'>nuntur</span> <span class='ocrx_word' id='word_1_939' title='bbox 1431 2430 1607 2469; x_wconf 81' lang='lat' dir='ltr'>loquentes</span> <span class='ocrx_word' id='word_1_940' title='bbox 1617 2428 1671 2459; x_wconf 88' lang='lat' dir='ltr'>vel</span> <span class='ocrx_word' id='word_1_941' title='bbox 1679 2429 1738 2469; x_wconf 91' lang='lat' dir='ltr'>qui</span> <span class='ocrx_word' id='word_1_942' title='bbox 1751 2427 1874 2459; x_wconf 85' lang='lat' dir='ltr'>adsunt</span> <span class='ocrx_word' id='word_1_943' title='bbox 1887 2427 2083 2458; x_wconf 87' lang='lat' dir='ltr'>absentibus</span> <span class='ocrx_word' id='word_1_944' title='bbox 2096 2429 2168 2458; x_wconf 86' lang='lat' dir='ltr'>cete</span> 
     </span>
     <span class='ocr_line' id='line_1_123' title="bbox 1291 2469 2223 2520; baseline -0.005 -11"><span class='ocrx_word' id='word_1_945' title='bbox 1291 2475 1421 2509; x_wconf 86' lang='grc' dir='ltr'>ἐκεῖνον</span> <span class='ocrx_word' id='word_1_946' title='bbox 1441 2476 1500 2507; x_wconf 87' lang='grc' dir='ltr'>ΡΙι.</span> <span class='ocrx_word' id='word_1_947' title='bbox 1523 2471 1603 2506; x_wconf 87' lang='grc'>373.</span> <span class='ocrx_word' id='word_1_948' title='bbox 1633 2475 1708 2520; x_wconf 82' lang='grc' dir='ltr'>σφὼ</span> <span class='ocrx_word' id='word_1_949' title='bbox 1727 2471 1753 2506; x_wconf 83' lang='grc' dir='ltr'>δ’</span> <span class='ocrx_word' id='word_1_950' title='bbox 1771 2471 1840 2507; x_wconf 83' lang='grc' dir='ltr'>ἀντ’</span> <span class='ocrx_word' id='word_1_951' title='bbox 1859 2471 1998 2507; x_wconf 88' lang='grc' dir='ltr'>ἐκείνων</span> <span class='ocrx_word' id='word_1_952' title='bbox 2015 2474 2070 2505; x_wconf 83' lang='lat' dir='ltr'>OC</span> <span class='ocrx_word' id='word_1_953' title='bbox 2088 2469 2167 2505; x_wconf 87' lang='lat'>344.</span> <span class='ocrx_word' id='word_1_954' title='bbox 2216 2470 2223 2492; x_wconf 73' lang='lat'>·3</span> 
     </span>
     <span class='ocr_line' id='line_1_124' title="bbox 1288 2517 2167 2566; baseline -0.005 -9"><span class='ocrx_word' id='word_1_955' title='bbox 1288 2521 1456 2557; x_wconf 83' lang='grc' dir='ltr'>κάκείνων</span> <span class='ocrx_word' id='word_1_956' title='bbox 1487 2521 1592 2566; x_wconf 84' lang='grc' dir='ltr'>πικρά</span> <span class='ocrx_word' id='word_1_957' title='bbox 1617 2519 1696 2554; x_wconf 90' lang='grc'>606.</span> <span class='ocrx_word' id='word_1_958' title='bbox 1748 2519 1867 2566; x_wconf 78' lang='grc' dir='ltr'>οἰκτρὰ</span> <span class='ocrx_word' id='word_1_959' title='bbox 1900 2520 1963 2565; x_wconf 89' lang='grc' dir='ltr'>μὲν</span> <span class='ocrx_word' id='word_1_960' title='bbox 1986 2518 2090 2566; x_wconf 85' lang='grc' dir='ltr'>ἡμῖν,</span> <span class='ocrx_word' id='word_1_961' title='bbox 2120 2517 2167 2553; x_wconf 75' lang='lat' dir='ltr'>al·</span> 
     </span>
     <span class='ocr_line' id='line_1_125' title="bbox 1291 2563 2210 2607; baseline -0.007 -3"><span class='ocrx_word' id='word_1_962' title='bbox 1291 2568 1431 2604; x_wconf 78' lang='grc' dir='ltr'>ἐκείνοις</span> <span class='ocrx_word' id='word_1_963' title='bbox 1449 2570 1503 2601; x_wconf 92' lang='lat' dir='ltr'>Tr.</span> <span class='ocrx_word' id='word_1_964' title='bbox 1521 2566 1609 2602; x_wconf 85' lang='lat'>1272</span> <span class='ocrx_word' id='word_1_965' title='bbox 1627 2579 1680 2601; x_wconf 89' lang='lat' dir='ltr'>an.</span> <span class='ocrx_word' id='word_1_966' title='bbox 1709 2566 1826 2607; x_wconf 62' lang='grc' dir='ltr'>κόλαξ</span> <span class='ocrx_word' id='word_1_967' title='bbox 1844 2566 2012 2605; x_wconf 85' lang='grc' dir='ltr'>ἐκείνους·</span> <span class='ocrx_word' id='word_1_968' title='bbox 2031 2564 2129 2600; x_wconf 86' lang='grc' dir='ltr'>τόνδε</span> <span class='ocrx_word' id='word_1_969' title='bbox 2145 2563 2184 2599; x_wconf 86' lang='grc' dir='ltr'>δὲ</span> <span class='ocrx_word' id='word_1_970' title='bbox 2208 2570 2210 2575; x_wconf 83' lang='grc'>’</span> 
     </span>
     <span class='ocr_line' id='line_1_126' title="bbox 1289 2607 2242 2660; baseline -0.004 -11"><span class='ocrx_word' id='word_1_971' title='bbox 1289 2614 1452 2650; x_wconf 84' lang='grc' dir='ltr'>Αἰ.1108.</span> <span class='ocrx_word' id='word_1_972' title='bbox 1473 2618 1522 2649; x_wconf 92' lang='lat' dir='ltr'>De</span> <span class='ocrx_word' id='word_1_973' title='bbox 1531 2620 1660 2648; x_wconf 80' lang='lat' dir='ltr'>mortuo</span> <span class='ocrx_word' id='word_1_974' title='bbox 1668 2617 1826 2657; x_wconf 90' lang='lat' dir='ltr'>loquitur.</span> <span class='ocrx_word' id='word_1_975' title='bbox 1844 2613 1942 2660; x_wconf 88' lang='lat' dir='ltr'>Nam]</span> <span class='ocrx_word' id='word_1_976' title='bbox 1955 2615 2132 2655; x_wconf 80' lang='lat' dir='ltr'>aliquando</span> <span class='ocrx_word' id='word_1_977' title='bbox 2147 2613 2195 2645; x_wconf 78' lang='lat' dir='ltr'>sic</span> <span class='ocrx_word' id='word_1_978' title='bbox 2239 2607 2242 2612; x_wconf 43' lang='lat'><em>⁸</em></span> 
     </span>
     <span class='ocr_line' id='line_1_127' title="bbox 1290 2661 2217 2704; baseline -0.004 -8"><span class='ocrx_word' id='word_1_979' title='bbox 1290 2669 1384 2696; x_wconf 80' lang='lat' dir='ltr'>tuum</span> <span class='ocrx_word' id='word_1_980' title='bbox 1400 2665 1576 2704; x_wconf 85' lang='lat' dir='ltr'>significat,</span> <span class='ocrx_word' id='word_1_981' title='bbox 1596 2664 1636 2695; x_wconf 86' lang='lat' dir='ltr'>de</span> <span class='ocrx_word' id='word_1_982' title='bbox 1653 2673 1717 2704; x_wconf 93' lang='lat' dir='ltr'>quo</span> <span class='ocrx_word' id='word_1_983' title='bbox 1735 2664 1824 2703; x_wconf 86' lang='lat' dir='ltr'>apud</span> <span class='ocrx_word' id='word_1_984' title='bbox 1840 2666 1986 2694; x_wconf 87' lang='lat' dir='ltr'>oratores</span> <span class='ocrx_word' id='word_1_985' title='bbox 2001 2662 2132 2693; x_wconf 87' lang='lat' dir='ltr'>solenni</span> <span class='ocrx_word' id='word_1_986' title='bbox 2141 2661 2217 2703; x_wconf 82' lang='lat' dir='ltr'>loq</span> 
     </span>
     <span class='ocr_line' id='line_1_128' title="bbox 1290 2706 2213 2752; baseline -0.002 -8"><span class='ocrx_word' id='word_1_987' title='bbox 1290 2721 1412 2752; x_wconf 87' lang='lat' dir='ltr'>genere</span> <span class='ocrx_word' id='word_1_988' title='bbox 1438 2722 1468 2742; x_wconf 81' lang='lat' dir='ltr'>v.</span> <span class='ocrx_word' id='word_1_989' title='bbox 1491 2711 1641 2744; x_wconf 83' lang='lat' dir='ltr'>Schoem.</span> <span class='ocrx_word' id='word_1_990' title='bbox 1662 2711 1702 2742; x_wconf 88' lang='lat' dir='ltr'>ad</span> <span class='ocrx_word' id='word_1_991' title='bbox 1725 2712 1858 2741; x_wconf 84' lang='lat' dir='ltr'>Isaeum</span> <span class='ocrx_word' id='word_1_992' title='bbox 1880 2719 1915 2750; x_wconf 88' lang='lat' dir='ltr'>p.</span> <span class='ocrx_word' id='word_1_993' title='bbox 1938 2706 2015 2740; x_wconf 90' lang='lat'>177.</span> <span class='ocrx_word' id='word_1_994' title='bbox 2061 2706 2149 2745; x_wconf 83' lang='grc' dir='ltr'>ὅστις</span> <span class='ocrx_word' id='word_1_995' title='bbox 2196 2712 2213 2734; x_wconf 63' lang='lat'>1?</span> 
     </span>
     <span class='ocr_line' id='line_1_129' title="bbox 1292 2753 2152 2803; baseline -0.005 -11"><span class='ocrx_word' id='word_1_996' title='bbox 1292 2757 1423 2792; x_wconf 83' lang='grc' dir='ltr'>ἐκεῖνον</span> <span class='ocrx_word' id='word_1_997' title='bbox 1442 2757 1459 2792; x_wconf 87' lang='grc' dir='ltr'><strong>ὁ</strong></span> <span class='ocrx_word' id='word_1_998' title='bbox 1473 2758 1605 2791; x_wconf 87' lang='grc' dir='ltr'>κτανών</span> <span class='ocrx_word' id='word_1_999' title='bbox 1617 2758 1674 2789; x_wconf 83' lang='lat' dir='ltr'>OR</span> <span class='ocrx_word' id='word_1_1000' title='bbox 1686 2754 1763 2789; x_wconf 91' lang='lat'>139.</span> <span class='ocrx_word' id='word_1_1001' title='bbox 1793 2755 1884 2803; x_wconf 71' lang='grc' dir='ltr'>ἔγων</span> <span class='ocrx_word' id='word_1_1002' title='bbox 1904 2755 1966 2801; x_wconf 86' lang='grc' dir='ltr'>μὲν</span> <span class='ocrx_word' id='word_1_1003' title='bbox 1983 2753 2094 2803; x_wconf 84' lang='grc' dir='ltr'>ἀρχὰς</span> <span class='ocrx_word' id='word_1_1004' title='bbox 2110 2753 2152 2788; x_wconf 79' lang='grc' dir='ltr'>ἃς</span> 
     </span>
    </p>

    <p class='ocr_par' dir='ltr' id='par_1_24' title="bbox 1289 2797 2270 3456">
     <span class='ocr_line' id='line_1_130' title="bbox 1291 2797 2218 2852; baseline -0.003 -14"><span class='ocrx_word' id='word_1_1005' title='bbox 1291 2803 1364 2852; x_wconf 86' lang='grc' dir='ltr'>εἷχε</span> <span class='ocrx_word' id='word_1_1006' title='bbox 1380 2803 1460 2837; x_wconf 84' lang='grc'>259.</span> <span class='ocrx_word' id='word_1_1007' title='bbox 1505 2806 1701 2845; x_wconf 85' lang='lat' dir='ltr'>Quanquam</span> <span class='ocrx_word' id='word_1_1008' title='bbox 1728 2805 1808 2835; x_wconf 83' lang='lat' dir='ltr'>haec</span> <span class='ocrx_word' id='word_1_1009' title='bbox 1826 2797 1931 2835; x_wconf 72' lang='lat' dir='ltr'>etiam</span> <span class='ocrx_word' id='word_1_1010' title='bbox 1948 2803 2218 2842; x_wconf 66' lang='lat' dir='ltr'>secundaesig</span> 
     </span>
     <span class='ocr_line' id='line_1_131' title="bbox 1291 2843 2220 2894; baseline -0.004 -10"><span class='ocrx_word' id='word_1_1011' title='bbox 1291 2853 1394 2885; x_wconf 91' lang='lat' dir='ltr'>tionis</span> <span class='ocrx_word' id='word_1_1012' title='bbox 1418 2853 1573 2893; x_wconf 80' lang='lat' dir='ltr'>exempla</span> <span class='ocrx_word' id='word_1_1013' title='bbox 1596 2852 1722 2883; x_wconf 82' lang='lat' dir='ltr'>dixeris</span> <span class='ocrx_word' id='word_1_1014' title='bbox 1747 2860 1832 2882; x_wconf 89' lang='lat' dir='ltr'>esse.</span> <span class='ocrx_word' id='word_1_1015' title='bbox 1869 2848 1992 2894; x_wconf 88' lang='lat' dir='ltr'>[Quam</span> <span class='ocrx_word' id='word_1_1016' title='bbox 2017 2850 2084 2881; x_wconf 84' lang='lat' dir='ltr'>late</span> <span class='ocrx_word' id='word_1_1017' title='bbox 2107 2859 2150 2892; x_wconf 83' lang='lat' dir='ltr'>pa</span> <span class='ocrx_word' id='word_1_1018' title='bbox 2172 2862 2185 2888; x_wconf 70' lang='lat'>⁴.</span> <span class='ocrx_word' id='word_1_1019' title='bbox 2212 2843 2220 2866; x_wconf 51' lang='lat'>1⁸</span> 
     </span>
     <span class='ocr_line' id='line_1_132' title="bbox 1291 2892 2222 2942; baseline -0.003 -11"><span class='ocrx_word' id='word_1_1020' title='bbox 1291 2910 1373 2931; x_wconf 88' lang='lat' dir='ltr'>usus</span> <span class='ocrx_word' id='word_1_1021' title='bbox 1391 2901 1490 2931; x_wconf 80' lang='lat' dir='ltr'>etiarn</span> <span class='ocrx_word' id='word_1_1022' title='bbox 1508 2900 1612 2938; x_wconf 86' lang='lat' dir='ltr'>magis</span> <span class='ocrx_word' id='word_1_1023' title='bbox 1630 2899 1820 2937; x_wconf 86' lang='lat' dir='ltr'>cognoveris</span> <span class='ocrx_word' id='word_1_1024' title='bbox 1837 2907 1879 2929; x_wconf 84' lang='lat' dir='ltr'>ex</span> <span class='ocrx_word' id='word_1_1025' title='bbox 1898 2898 1950 2928; x_wconf 88' lang='lat' dir='ltr'>his</span> <span class='ocrx_word' id='word_1_1026' title='bbox 1967 2895 2046 2930; x_wconf 80' lang='grc' dir='ltr'>ὅταν</span> <span class='ocrx_word' id='word_1_1027' title='bbox 2056 2892 2169 2942; x_wconf 79' lang='grc' dir='ltr'>Α’ίγισ“</span> <span class='ocrx_word' id='word_1_1028' title='bbox 2186 2894 2222 2937; x_wconf 49' lang='grc' dir='ltr'>ψ’</span> 
     </span>
     <span class='ocr_line' id='line_1_133' title="bbox 1294 2933 2229 2990; baseline -0.005 -11"><span class='ocrx_word' id='word_1_1029' title='bbox 1294 2943 1355 2980; x_wconf 86' lang='grc' dir='ltr'>ίδω</span> <span class='ocrx_word' id='word_1_1030' title='bbox 1388 2944 1569 2990; x_wconf 84' lang='grc' dir='ltr'>ἐσθήματα</span> <span class='ocrx_word' id='word_1_1031' title='bbox 1601 2943 1756 2990; x_wconf 77' lang='grc' dir='ltr'>φοροῦντ’</span> <span class='ocrx_word' id='word_1_1032' title='bbox 1781 2942 1900 2990; x_wconf 87' lang='grc' dir='ltr'>ἐκείνῳ</span> <span class='ocrx_word' id='word_1_1033' title='bbox 1924 2941 2032 2977; x_wconf 74' lang='grc' dir='ltr'>ταύτά</span> <span class='ocrx_word' id='word_1_1034' title='bbox 2055 2944 2107 2975; x_wconf 86' lang='grc' dir='ltr'>ΕΙ.</span> <span class='ocrx_word' id='word_1_1035' title='bbox 2127 2933 2229 2984; x_wconf 85' lang='lat'>269·</span> 
     </span>
     <span class='ocr_line' id='line_1_134' title="bbox 1292 2971 2270 3034; baseline -0.003 -9"><span class='ocrx_word' id='word_1_1036' title='bbox 1292 2994 1396 3025; x_wconf 86' lang='lat' dir='ltr'>occiso</span> <span class='ocrx_word' id='word_1_1037' title='bbox 1421 2994 1518 3034; x_wconf 91' lang='lat' dir='ltr'>patri.</span> <span class='ocrx_word' id='word_1_1038' title='bbox 1557 2989 1625 3025; x_wconf 81' lang='grc' dir='ltr'>ἕνθ’</span> <span class='ocrx_word' id='word_1_1039' title='bbox 1645 2992 1774 3025; x_wconf 87' lang='grc' dir='ltr'>ἐκεῖνον</span> <span class='ocrx_word' id='word_1_1040' title='bbox 1793 2989 1917 3024; x_wconf 85' lang='grc' dir='ltr'>ὤλεσεν</span> <span class='ocrx_word' id='word_1_1041' title='bbox 1934 2988 2014 3022; x_wconf 93' lang='lat'>270.</span> <span class='ocrx_word' id='word_1_1042' title='bbox 2043 2991 2086 3022; x_wconf 83' lang='lat' dir='ltr'>cf.</span> <span class='ocrx_word' id='word_1_1043' title='bbox 2099 2986 2179 3022; x_wconf 91' lang='lat'>924.</span> <span class='ocrx_word' id='word_1_1044' title='bbox 2197 2971 2218 3027; x_wconf 17' lang='grc' dir='ltr'>,ί</span> <span class='ocrx_word' id='word_1_1045' title='bbox 2265 3002 2270 3022; x_wconf 77' lang='grc'>.</span> 
     </span>
     <span class='ocr_line' id='line_1_135' title="bbox 1293 3027 2269 3082; baseline -0.005 -10"><span class='ocrx_word' id='word_1_1046' title='bbox 1293 3041 1351 3073; x_wconf 87' lang='lat' dir='ltr'>OR</span> <span class='ocrx_word' id='word_1_1047' title='bbox 1368 3036 1447 3072; x_wconf 88' lang='lat'>959.</span> <span class='ocrx_word' id='word_1_1048' title='bbox 1476 3041 1556 3071; x_wconf 91' lang='lat' dir='ltr'>Ant.</span> <span class='ocrx_word' id='word_1_1049' title='bbox 1582 3036 1658 3071; x_wconf 93' lang='lat'>170.</span> <span class='ocrx_word' id='word_1_1050' title='bbox 1682 3035 1801 3082; x_wconf 87' lang='lat'>1039.]</span> <span class='ocrx_word' id='word_1_1051' title='bbox 1827 3056 1868 3062; x_wconf 96' lang='lat'>—</span> <span class='ocrx_word' id='word_1_1052' title='bbox 1910 3040 1926 3075; x_wconf 87' lang='grc' dir='ltr'>ΙΙ</span> <span class='ocrx_word' id='word_1_1053' title='bbox 1943 3038 2059 3077; x_wconf 86' lang='lat' dir='ltr'>Saepe,</span> <span class='ocrx_word' id='word_1_1054' title='bbox 2080 3041 2120 3069; x_wconf 88' lang='lat' dir='ltr'>ut</span> <span class='ocrx_word' id='word_1_1055' title='bbox 2134 3035 2207 3070; x_wconf 54' lang='grc' dir='ltr'>ἰιιεῐ</span> <span class='ocrx_word' id='word_1_1056' title='bbox 2264 3027 2269 3078; x_wconf 56' lang='lat' dir='ltr'>J</span> 
     </span>
     <span class='ocr_line' id='line_1_136' title="bbox 1294 3085 2189 3127; baseline -0.004 -9"><span class='ocrx_word' id='word_1_1057' title='bbox 1294 3088 1363 3127; x_wconf 90' lang='lat' dir='ltr'>nis,</span> <span class='ocrx_word' id='word_1_1058' title='bbox 1391 3087 1425 3118; x_wconf 94' lang='lat' dir='ltr'>id</span> <span class='ocrx_word' id='word_1_1059' title='bbox 1451 3088 1635 3127; x_wconf 78' lang='lat' dir='ltr'>significat,</span> <span class='ocrx_word' id='word_1_1060' title='bbox 1672 3094 1736 3127; x_wconf 88' lang='lat' dir='ltr'>quo</span> <span class='ocrx_word' id='word_1_1061' title='bbox 1762 3086 1959 3126; x_wconf 89' lang='lat' dir='ltr'>respicimus</span> <span class='ocrx_word' id='word_1_1062' title='bbox 1985 3085 2020 3115; x_wconf 90' lang='lat' dir='ltr'>in</span> <span class='ocrx_word' id='word_1_1063' title='bbox 2047 3091 2189 3116; x_wconf 82' lang='lat' dir='ltr'>sermon¹</span> 
     </span>
     <span class='ocr_line' id='line_1_137' title="bbox 1294 3131 2268 3174; baseline -0.002 -8"><span class='ocrx_word' id='word_1_1064' title='bbox 1294 3135 1395 3166; x_wconf 90' lang='lat' dir='ltr'>etiam</span> <span class='ocrx_word' id='word_1_1065' title='bbox 1421 3143 1491 3164; x_wconf 91' lang='lat' dir='ltr'>rem</span> <span class='ocrx_word' id='word_1_1066' title='bbox 1515 3134 1550 3164; x_wconf 92' lang='lat' dir='ltr'>in</span> <span class='ocrx_word' id='word_1_1067' title='bbox 1577 3134 1696 3173; x_wconf 87' lang='lat' dir='ltr'>vulgus</span> <span class='ocrx_word' id='word_1_1068' title='bbox 1720 3135 1831 3164; x_wconf 85' lang='lat' dir='ltr'>notam</span> <span class='ocrx_word' id='word_1_1069' title='bbox 1848 3135 1882 3163; x_wconf 90' lang='lat' dir='ltr'>et</span> <span class='ocrx_word' id='word_1_1070' title='bbox 1898 3132 2054 3172; x_wconf 87' lang='lat' dir='ltr'>inprimis</span> <span class='ocrx_word' id='word_1_1071' title='bbox 2079 3131 2130 3171; x_wconf 88' lang='lat' dir='ltr'>ei,</span> <span class='ocrx_word' id='word_1_1072' title='bbox 2158 3131 2210 3174; x_wconf 41' lang='grc' dir='ltr'>(μζ</span> <span class='ocrx_word' id='word_1_1073' title='bbox 2266 3162 2268 3164; x_wconf 91' lang='grc'>.</span> 
     </span>
     <span class='ocr_line' id='line_1_138' title="bbox 1295 3171 2268 3221; baseline -0.003 -9"><span class='ocrx_word' id='word_1_1074' title='bbox 1295 3181 1522 3221; x_wconf 88' lang='lat' dir='ltr'>colloquimur.</span> <span class='ocrx_word' id='word_1_1075' title='bbox 1553 3177 1665 3212; x_wconf 89' lang='grc' dir='ltr'>ἐκεῖνο</span> <span class='ocrx_word' id='word_1_1076' title='bbox 1690 3177 1717 3211; x_wconf 88' lang='grc' dir='ltr'>δ’</span> <span class='ocrx_word' id='word_1_1077' title='bbox 1734 3176 1844 3215; x_wconf 85' lang='grc' dir='ltr'>οὐδεὶς</span> <span class='ocrx_word' id='word_1_1078' title='bbox 1867 3175 1978 3219; x_wconf 86' lang='grc' dir='ltr'>θέλει,</span> <span class='ocrx_word' id='word_1_1079' title='bbox 2007 3174 2113 3210; x_wconf 79' lang='grc' dir='ltr'>σῶσαί</span> <span class='ocrx_word' id='word_1_1080' title='bbox 2137 3171 2228 3221; x_wconf 64' lang='grc' dir='ltr'>μ’</span> <span class='ocrx_word' id='word_1_1081' title='bbox 2265 3171 2268 3174; x_wconf 63' lang='grc'>’</span> 
     </span>
     <span class='ocr_line' id='line_1_139' title="bbox 1293 3220 2229 3272; baseline -0.005 -12"><span class='ocrx_word' id='word_1_1082' title='bbox 1293 3238 1376 3265; x_wconf 87' lang='grc' dir='ltr'>κους</span> <span class='ocrx_word' id='word_1_1083' title='bbox 1394 3227 1453 3258; x_wconf 85' lang='lat' dir='ltr'>Ph.</span> <span class='ocrx_word' id='word_1_1084' title='bbox 1476 3224 1553 3259; x_wconf 89' lang='grc'>310.</span> <span class='ocrx_word' id='word_1_1085' title='bbox 1584 3220 1649 3259; x_wconf 82' lang='grc' dir='ltr'>ἔστ’</span> <span class='ocrx_word' id='word_1_1086' title='bbox 1666 3223 1785 3270; x_wconf 86' lang='grc' dir='ltr'>ἐκείνῳ</span> <span class='ocrx_word' id='word_1_1087' title='bbox 1803 3224 1913 3258; x_wconf 89' lang='grc' dir='ltr'>πάντα</span> <span class='ocrx_word' id='word_1_1088' title='bbox 1933 3222 2037 3257; x_wconf 85' lang='grc' dir='ltr'>λεκτά</span> <span class='ocrx_word' id='word_1_1089' title='bbox 2053 3220 2132 3256; x_wconf 87' lang='grc'>633.</span> <span class='ocrx_word' id='word_1_1090' title='bbox 2199 3237 2229 3272; x_wconf 53' lang='lat'>⁴«</span> 
     </span>
     <span class='ocr_line' id='line_1_140' title="bbox 1289 3266 2261 3318; baseline -0.007 -10"><span class='ocrx_word' id='word_1_1091' title='bbox 1289 3267 1391 3308; x_wconf 80' lang='grc' dir='ltr'>Ἴλιον</span> <span class='ocrx_word' id='word_1_1092' title='bbox 1410 3271 1443 3307; x_wconf 76' lang='grc' dir='ltr'>οἵ</span> <span class='ocrx_word' id='word_1_1093' title='bbox 1462 3267 1494 3306; x_wconf 84' lang='grc' dir='ltr'>θ’</span> <span class='ocrx_word' id='word_1_1094' title='bbox 1512 3271 1566 3306; x_wconf 73' lang='grc' dir='ltr'>ὑπ’</span> <span class='ocrx_word' id='word_1_1095' title='bbox 1585 3270 1703 3318; x_wconf 86' lang='grc' dir='ltr'>ἐκείνῳ</span> <span class='ocrx_word' id='word_1_1096' title='bbox 1721 3272 1845 3309; x_wconf 83' lang='grc' dir='ltr'>πάντες</span> <span class='ocrx_word' id='word_1_1097' title='bbox 1859 3268 1946 3303; x_wconf 91' lang='grc'>1200</span> <span class='ocrx_word' id='word_1_1098' title='bbox 1965 3282 2007 3303; x_wconf 89' lang='lat' dir='ltr'>m.</span> <span class='ocrx_word' id='word_1_1099' title='bbox 2051 3272 2141 3304; x_wconf 74' lang='grc' dir='ltr'>νοεῖς</span> <span class='ocrx_word' id='word_1_1100' title='bbox 2157 3266 2172 3302; x_wconf 84' lang='grc' dir='ltr'>ἐ</span> <span class='ocrx_word' id='word_1_1101' title='bbox 2196 3303 2199 3307; x_wconf 72' lang='grc'>,</span> <span class='ocrx_word' id='word_1_1102' title='bbox 2221 3273 2235 3307; x_wconf 74' lang='grc'>,’,’</span> <span class='ocrx_word' id='word_1_1103' title='bbox 2259 3296 2261 3298; x_wconf 91' lang='grc'>.</span> 
     </span>
     <span class='ocr_line' id='line_1_141' title="bbox 1295 3312 2258 3365; baseline -0.006 -11"><span class='ocrx_word' id='word_1_1104' title='bbox 1295 3318 1394 3355; x_wconf 79' lang='grc' dir='ltr'>ὅντιν’</span> <span class='ocrx_word' id='word_1_1105' title='bbox 1410 3318 1533 3365; x_wconf 86' lang='grc' dir='ltr'>ἀρτίως</span> <span class='ocrx_word' id='word_1_1106' title='bbox 1552 3317 1669 3365; x_wconf 84' lang='grc' dir='ltr'>μολεῖν</span> <span class='ocrx_word' id='word_1_1107' title='bbox 1688 3316 1877 3365; x_wconf 83' lang='grc' dir='ltr'>ἐφιέμεσθα</span> <span class='ocrx_word' id='word_1_1108' title='bbox 1892 3319 1949 3350; x_wconf 88' lang='lat' dir='ltr'>OR</span> <span class='ocrx_word' id='word_1_1109' title='bbox 1961 3314 2060 3350; x_wconf 89' lang='lat'>1054.</span> <span class='ocrx_word' id='word_1_1110' title='bbox 2092 3313 2178 3350; x_wconf 84' lang='grc' dir='ltr'>ἐκείν</span> <span class='ocrx_word' id='word_1_1111' title='bbox 2212 3313 2231 3331; x_wconf 70' lang='grc'>·“’“</span> <span class='ocrx_word' id='word_1_1112' title='bbox 2255 3312 2258 3314; x_wconf 77' lang='grc'>’</span> 
     </span>
     <span class='ocr_line' id='line_1_142' title="bbox 1294 3361 2238 3413; baseline -0.008 -12"><span class='ocrx_word' id='word_1_1113' title='bbox 1294 3365 1488 3401; x_wconf 88' lang='grc' dir='ltr'>τελευταίαν</span> <span class='ocrx_word' id='word_1_1114' title='bbox 1506 3365 1590 3400; x_wconf 85' lang='grc' dir='ltr'>ἰδεῖν</span> <span class='ocrx_word' id='word_1_1115' title='bbox 1606 3364 1740 3413; x_wconf 76' lang='grc' dir='ltr'>ἡμέραν</span> <span class='ocrx_word' id='word_1_1116' title='bbox 1753 3363 1852 3398; x_wconf 88' lang='lat'>1528.</span> <span class='ocrx_word' id='word_1_1117' title='bbox 1875 3365 1937 3396; x_wconf 84' lang='lat' dir='ltr'>Est</span> <span class='ocrx_word' id='word_1_1118' title='bbox 1954 3374 2033 3406; x_wconf 79' lang='lat' dir='ltr'>quae</span> <span class='ocrx_word' id='word_1_1119' title='bbox 2051 3372 2159 3395; x_wconf 73' lang='lat' dir='ltr'>omnes</span> <span class='ocrx_word' id='word_1_1120' title='bbox 2202 3361 2238 3410; x_wconf 58' lang='lat' dir='ltr'>ss</span> 
     </span>
     <span class='ocr_line' id='line_1_143' title="bbox 1295 3409 2241 3456; baseline -0.002 -8"><span class='ocrx_word' id='word_1_1121' title='bbox 1295 3412 1389 3448; x_wconf 84' lang='grc' dir='ltr'>δεινὰ</span> <span class='ocrx_word' id='word_1_1122' title='bbox 1403 3411 1568 3452; x_wconf 85' lang='grc' dir='ltr'>τάκείνοις</span> <span class='ocrx_word' id='word_1_1123' title='bbox 1584 3411 1626 3446; x_wconf 81' lang='grc' dir='ltr'>τὰ</span> <span class='ocrx_word' id='word_1_1124' title='bbox 1642 3415 1699 3447; x_wconf 80' lang='grc' dir='ltr'>νῦν</span> <span class='ocrx_word' id='word_1_1125' title='bbox 1709 3413 1763 3445; x_wconf 73' lang='lat' dir='ltr'>OC</span> <span class='ocrx_word' id='word_1_1126' title='bbox 1776 3409 1854 3445; x_wconf 85' lang='lat'>336.</span> <span class='ocrx_word' id='word_1_1127' title='bbox 1875 3409 1930 3456; x_wconf 87' lang='grc' dir='ltr'>ἥδ’</span> <span class='ocrx_word' id='word_1_1128' title='bbox 1947 3409 2012 3444; x_wconf 82' lang='grc' dir='ltr'>ἔστ’</span> <span class='ocrx_word' id='word_1_1129' title='bbox 2032 3409 2143 3456; x_wconf 86' lang='grc' dir='ltr'>ἐκείνη</span> <span class='ocrx_word' id='word_1_1130' title='bbox 2160 3417 2220 3450; x_wconf 55' lang='grc' dir='ltr'>το).</span> <span class='ocrx_word' id='word_1_1131' title='bbox 2238 3434 2241 3455; x_wconf 65' lang='lat'>3</span> 
     </span>
    </p>
   </div>
  </div>
 </body>
</html>
