2288 3600
296 170 394 218 622

1124 168 1255 237 Πέρα
1281 200 1349 206 -
1374 171 1545 238 Πέρθω

2030 185 2090 232 [11.
2103 197 2138 230 p.

297 293 380 331 περ,
412 282 557 333 ὅτανπερ
583 296 610 320 s,
638 283 671 319 εἴ
695 297 779 332 περ,
808 285 882 320 ἐπεί
898 298 980 333 περ,
1010 285 1130 334 ἐπειδή
1149 299 1232 334 περ,
1255 286 1315 321 ἐάν
1332 284 1337 298 ’
1356 289 1454 319 Dion.
1482 290 1523 320 (le
1540 299 1568 321 c.
1592 300 1622 321 v.
1644 300 1678 331 p.
1702 287 1790 331 3553
1831 292 1948 325 Herm.
1977 293 2048 325 cod.
2075 293 2182 326 Paris.
2220 311 2222 315 ν

296 343 377 379 περ,
408 330 488 366 ὅταν
506 343 570 377 περ
588 343 655 366 non
674 333 811 376 definio,
841 343 1039 376 quanquam
1056 333 1154 381 εἴπερ
1179 345 1317 375 magno-

295 390 377 422 pere
397 381 590 421 blanditur3
621 382 859 422 pronominum
878 380 983 428 ὅσπερ
1008 383 1131 424 placet,
1153 387 1194 415 ut
1211 380 1312 420 ὅστις.

297 424 371 465 οἷός
389 439 451 474 περ
470 432 607 470 propter
625 429 797 470 duplicem
812 435 990 461 accentum
1005 431 1099 462 nulla
1111 432 1243 463 ratione
1256 431 1316 462 de-

296 476 389 507 fendi
414 485 512 518 posse
539 480 714 517 putamus.
759 476 977 509 Adiectivum
1004 475 1151 524 ὅσοσπερ
1181 488 1208 510 s.
1238 475 1317 515 ὅσος

295 533 358 568 περ
384 527 418 554 et
435 523 592 555 adverbia
619 521 703 557 ἔνθα
735 534 798 570 περ
825 522 907 558 ὅθεν
937 535 1000 571 περ
1027 523 1096 573 ὅπῃ
1130 536 1195 571 περ
1222 523 1316 562 ὅπως

295 580 371 615 περ,
392 580 479 612 quae
497 580 580 602 num
597 568 653 617 ὑφ’
672 569 707 604 ἕν
725 573 852 604 scribas
871 581 937 605 non
955 573 1115 614 interest,
1145 574 1218 604 suis
1235 573 1316 604 locis

296 619 528 650 tractavimus.
1035 618 1086 663 (ΙΙ
1104 631 1138 661 p.
1161 617 1242 661 551,
1262 617 1311 660 2.)

364 685 482 735 Πέρᾶ
509 693 544 721 et
568 687 694 735 πέραν,
725 700 765 721 ea
790 690 882 721 enim
899 690 1162 731 distinguuntur
1181 692 1248 729 ita,
1277 695 1316 723 ut

296 737 390 777 prius
409 738 657 775 antevocalem
675 747 742 769 non
755 741 915 779 ponatur,
935 739 1080 771 alterum
1098 748 1165 771 non
1184 739 1315 771 dicatur

295 784 436 825 tralate,
475 785 518 816 cf.
548 785 665 816 Herm.
697 789 731 816 et
748 786 867 817 Elmsl.
897 786 938 817 ad
962 785 1018 818 OG
1036 783 1140 826 885,
1179 787 1311 818 Buttm.

297 830 410 863 Lexil.
431 832 494 863 vol.
516 828 549 863 2.
571 842 604 873 p.
626 829 683 863 25.
707 850 748 855 —
768 832 782 874 ΙΙ
799 833 937 873 Proprie
955 834 997 865 de
1016 834 1098 866 locis
1115 835 1215 874 ultra,
1238 843 1315 875 pro-

295 879 503 918 gressionem
520 879 557 910 in
575 880 799 921 longinquum
817 881 1022 920 significans.
1058 878 1180 915 πολιοῦ
1207 880 1314 927 πέραν

295 924 422 959 πόντου
443 951 450 958 .
465 952 472 959 .
487 951 494 959 .
513 929 624 973 χωρεῖ
648 927 731 959 Ant.
752 924 821 959 334
839 928 891 960 ch.
921 928 962 959 de
988 929 1137 961 humana
1162 929 1311 960 audacia.

296 970 371 1006 ἐπεὶ
395 971 502 1020 πέραν
527 967 652 1019 'neptim'
678 971 748 1007 οἵδε
776 972 818 1019 δή
846 974 901 1007 OC
919 973 988 1008 885
1007 977 1059 1008 ch.
1082 977 1122 1008 de
1141 977 1310 1018 profectis.

295 1024 373 1061 -11
390 1021 523 1053 Tralate
551 1021 676 1053 dicitur
693 1031 771 1053 cum
796 1023 836 1054 de
862 1022 1060 1063 eyrediendo
1084 1023 1234 1064 faciendi
1250 1024 1315 1065 fine

295 1071 326 1099 et
343 1070 494 1109 termino,
516 1073 591 1100 tum
609 1069 649 1101 de
668 1072 820 1110 tempore.
845 1068 979 1115 φράσῃς
997 1082 1056 1116 μοι
1074 1070 1123 1116 μὴ
1143 1069 1232 1116 πέρα
1249 1071 1310 1102 Ph.

295 1111 375 1148 332.
404 1118 509 1156 παῦε,
541 1114 590 1161 μὴ
617 1112 718 1163 λέξῃς
743 1115 833 1163 πέρα
858 1114 961 1151 1275.
997 1118 1044 1156 ὡς
1069 1117 1134 1152 οὐκ
1161 1115 1202 1152 ἂν
1227 1116 1316 1163 πέρα

297 1156 431 1208 λέξαιμ’
449 1161 499 1197 ἔτι
517 1163 568 1196 El.
591 1160 670 1196 633.
703 1162 752 1209 μὴ
772 1163 860 1211 πέρα
876 1161 987 1211 λέγειν
1006 1163 1047 1199 ἔα
1067 1163 1168 1198 1483.
1191 1163 1255 1200 οὐκ
1273 1163 1313 1199 ἂν

295 1208 384 1256 πέρα
428 1209 569 1258 ράσαιμι
586 1211 644 1243 OR
660 1208 741 1245 343.
764 1214 890 1258 φωνεῖν
908 1211 996 1259 πέρα
1011 1217 1079 1246 τῶν
1098 1212 1182 1258 πρὸς
1201 1212 1239 1246 σὲ
1255 1215 1314 1247 νῦν

294 1256 400 1303 εἰρημ
420 1269 488 1292 νων
516 1257 572 1290 OC
588 1255 670 1291 257.
693 1277 734 1282 -
753 1257 899 1305 θρασεῖα
915 1259 974 1294 καὶ
993 1258 1081 1306 πέρα
1099 1259 1197 1306 δίκης
1216 1258 1258 1306 ἄρ
1275 1274 1315 1307 ,ω

295 1305 350 1337 El.
371 1302 451 1338 521.
480 1303 598 1343 *ὅστις
623 1317 648 1339 π
693 1318 714 1339 α
736 1304 898 1353 πράσσειν
923 1319 961 1353 γε
985 1312 1054 1341 τῶν
1081 1312 1199 1353 νομῶν
1217 1304 1259 1342 θέ
1275 1319 1316 1342 »οι

297 1350 399 1385 1506.
432 1352 525 1395 [secl.
552 1353 657 1386 Dind.
704 1352 753 1399 μὴ
780 1348 896 1399 ’πεὺξῃ
915 1353 1003 1402 πέρα
1019 1356 1080 1388 Ph.
1103 1353 1204 1389 1286.
1235 1352 1315 1402 μηδ’

296 1397 413 1439 ἐξετάσ
441 1412 456 1438 ς
481 1398 569 1447 πέρα
597 1398 756 1446 ματεύων
776 1401 832 1434 OC
849 1399 915 1434 211
936 1413 980 1435 m.
1007 1401 1077 1445 [καὶ
1094 1400 1207 1449 λόγων
1226 1402 1314 1450 πέρα

296 1448 351 1480 Tr.
375 1411 466 1480 103.ss
492 1449 595 1481 Dind.
625 1458 653 1480 c.
676 1449 838 1481 Wunder.
868 1459 928 1491 pro
952 1448 1047 1497 λόγῳ
1072 1449 1165 1484 κακοί
1189 1452 1308 1493 dedit.]

295 1494 324 1529 ὦ
341 1497 408 1529 πᾶν
435 1493 475 1529 σὺ
501 1493 706 1541 τολμήσασα
722 1494 780 1530 καὶ
797 1495 896 1543 πέρα,
926 1495 1024 1543 γύναι
1041 1497 1143 1539 Epig.
1165 1499 1206 1530 fr.
1231 1496 1309 1540 197,

297 1541 329 1574 1.
350 1561 395 1566 —
411 1545 472 1577 τοῦ
496 1542 562 1590 γὰρ
591 1542 724 1581 εἰκότος
749 1541 838 1589 πέρα
856 1542 976 1578 ἄπεστι
992 1542 1100 1578 πλείω
1118 1547 1179 1579 τοῦ
1196 1542 1313 1591 καθή-

294 1601 416 1629 κοντος
424 1589 553 1639 χρόνου
565 1591 623 1623 OR
638 1588 694 1622 74.
715 1591 808 1623 Pors.
830 1589 931 1637 πέρᾳ,
952 1593 1064 1625 deleto
1078 1603 1175 1626 versu
1191 1594 1308 1635 altero,

293 1648 398 1679 quem
420 1640 587 1680 glossema
612 1648 687 1671 esse
714 1648 758 1670 ex
778 1639 885 1671 Suida
900 1640 1033 1681 liqueat
1051 1652 1081 1673 v,
1108 1642 1169 1674 τοῦ
1195 1638 1311 1687 καθή-

295 1696 430 1724 κοντος.
471 1685 536 1718 Sed
563 1695 673 1727 neque
698 1686 810 1727 liquet
834 1687 915 1727 hoc,
942 1691 978 1720 et
1001 1697 1082 1720 sana
1106 1689 1242 1727 vulgata
1259 1692 1312 1721 est

295 1734 493 1773 significans
518 1743 610 1765 secus
634 1743 734 1775 quam
750 1735 924 1766 verisimile
939 1739 1030 1777 erat,
1057 1736 1153 1767 velut
1170 1737 1311 1768 Latino-

295 1790 372 1813 rum
395 1784 526 1822 praeter
555 1790 615 1822 pro
639 1783 755 1812 eontra.
780 1781 916 1814 dicitur.
940 1800 1047 1814 —-.—
1072 1782 1086 1824 ss
1111 1783 1194 1814 Inde
1228 1784 1311 1815 item

295 1829 417 1861 tralate
434 1838 536 1869 supra
554 1838 580 1860 s.
601 1829 710 1868 mayz‘s
728 1829 904 1870 significat,
931 1831 1061 1872 aliquid
1080 1831 1154 1862 aliis
1173 1831 1313 1872 insuper

294 1876 449 1908 additum
467 1886 543 1908 esse
560 1876 614 1908 vel
639 1875 798 1908 accedere
821 1877 988 1910 indicans.
1025 1878 1138 1910 Huius
1156 1878 1312 1910 dictionis

296 1923 386 1956 viam
410 1924 546 1956 munire
572 1923 710 1956 videtur
736 1925 933 1965 exemplum
963 1926 1025 1957 Ph.
1047 1922 1128 1957 666.
1174 1924 1211 1963 ὃς
1243 1930 1311 1959 τῶν

295 1967 390 2015 ἐμῶν
409 1968 546 2018 ἐγθρῶν
574 1964 609 2015 μ’
635 1967 772 2017 ἔνερθεν
791 1965 859 2005 ὄντ’
875 1970 1064 2019 ἀνέστησας
1081 1970 1181 2019 πέρα,
1209 1983 1312 2014 supra

295 2012 451 2050 inimcos*
468 2028 520 2050 mc
544 2020 720 2058 sustulisti,
753 2015 893 2066 ἐχθρῶν
918 2023 956 2052 ut
978 2021 1030 2052 bis
1055 2021 1205 2060 dicatur,
1235 2030 1312 2052 cum

295 2061 432 2112 ἔνερθεν
451 2062 532 2099 ὄντα
549 2069 585 2098 et
601 2075 678 2097 cum
696 2063 740 2099 πέ
761 2078 794 2100 α.
814 2084 860 2090 —-
879 2065 929 2112 μή
954 2078 986 2100 τι
1011 2065 1101 2112 πέρα
1123 2065 1227 2113 χρέος
1245 2065 1312 2112 ἐμᾷ

293 2110 395 2146 πόλει
411 2110 595 2159 προσάψῃς
613 2113 668 2146 OC
686 2110 730 2144 23
773 2114 825 2146 ch.
847 2115 972 2146 metuit
989 2115 1126 2155 chorus,
1161 2124 1204 2146 ne
1230 2115 1312 2156 quid

293 2160 491 2192 detrimenti
509 2161 551 2192 ab
567 2159 651 2193 Oed.
670 2164 852 2201 praesente
870 2163 992 2194 civitas
1009 2164 1163 2204 accipiat.
1185 2158 1310 2195 οὔκουν

292 2205 382 2252 πέρα
396 2202 423 2254 γ’
452 2203 494 2241 ἂν
512 2204 652 2252 οὐδὲνῆ
677 2205 738 2254 λόγ
795 2207 913 2254 φέροις
940 2206 1019 2241 651.
1042 2220 1088 2241 sc.
1110 2207 1216 2254 ὅρκῳ,
1243 2219 1312 2241 non

291 2256 400 2295 mayn
413 2255 593 2297 proficui&
624 2253 731 2301 μόγος
741 2220 823 2303 ιἔχει
839 2254 918 2290 τοτὲ
936 2254 1037 2302 πέρα,
1063 2256 1141 2291 τοτὲ
1159 2253 1186 2288 δ’
1205 2252 1311 2302 ὅπερ·

293 2299 353 2335 θεν
374 2298 464 2334 1745
481 2312 526 2334 m.
561 2311 654 2334 nunc
676 2312 778 2343 supra
804 2303 959 2344 modum,
995 2314 1087 2335 nunc
1111 2306 1212 2336 etiam
1237 2314 1310 2335 am-

289 2349 392 2392 plius.
417 2348 534 2391 [Dind.
554 2359 582 2381 c.
596 2350 758 2383 Wunder.
779 2349 857 2384 τοτὲ
883 2350 946 2395 μὲν
964 2348 1090 2397 ἄπορα,
1110 2349 1189 2385 τοτὲ
1214 2344 1243 2383 δ’
1257 2348 1308 2395 ὺ.]

295 2395 352 2428 Sic
367 2396 593 2436 intelligenda
617 2398 791 2430 sententia
814 2399 943 2439 ineptis
962 2402 1086 2430 vexata
1110 2398 1310 2431 coniecturis

294 2443 356 2476 Ph.
379 2440 482 2477 1277.
518 2439 677 2478 Νεοπτ.
707 2442 799 2478 οὕτω
817 2443 996 2487 δέδοκται,
1025 2442 1118 2479 Φιλ.
1147 2444 1206 2479 καὶ
1223 2442 1310 2491 πέρα

293 2484 325 2535 γ’
339 2483 406 2524 ἴσθ’
423 2487 449 2536 ἢ
466 2488 571 2537 λέγω.
598 2500 701 2532 supra
727 2502 827 2534 quam
842 2492 915 2524 dico
932 2502 980 2526 sc.
1000 2490 1072 2526 ἴσθι
1090 2491 1306 2537 δεδογμένον,

293 2539 422 2579 firmius
434 2539 547 2579 etiam,
565 2548 666 2579 quam
678 2539 784 2571 verbis
796 2549 932 2580 possum
943 2541 1109 2581 proloqui.
1130 2551 1161 2573 v.
1175 2541 1306 2580 Herm„

293 2585 380 2617 adde
407 2585 572 2618 Fritzsch.
605 2595 663 2627 qu.
690 2587 773 2619 Luc.
808 2597 842 2628 p.
867 2584 944 2619 121.
978 2604 1022 2611 ——
1056 2587 1310 2628 comparativus

1353 335 1440 366 illud
1474 345 1515 367 ex
1553 337 1725 377 epicorum
1758 339 2004 372 consuetudine
2038 340 2188 377 librariis
2209 329 2240 371 ι’

1354 386 1459 414 ratus.
1488 383 1571 415 Mihi
1589 385 1699 425 poetis
1715 387 1829 427 potius
1847 386 1999 420 haesisse
2012 387 2158 420 videtur.
2217 383 2221 390 ⁷
2238 386 2241 388 ’

1425 438 1569 489 Πέραν
1587 444 1668 476 Ant.
1692 440 1761 476 334
1779 445 1831 478 ch.
1852 444 1919 478 oc.
1940 442 2009 478 885
2026 446 2078 478 ch.
2108 456 2141 478 v.
2158 455 2186 479 ε.
2205 441 2234 482 ἡ

1424 497 1613 546 Πέρᾶσις
1645 506 1818 536 transitus.
1847 501 1938 537 ἀλλά
1973 516 2049 550 μοι,
2090 501 2180 546 θεαί,
2220 513 2242 558 4

1354 545 1430 581 δότε
1463 547 1603 595 πέρασιν
1637 547 1707 596 ἤδη
1740 550 1800 584 καὶ
1831 550 2073 599 καταστροφήν
2106 563 2182 587 τινα
2220 557 2230 582 Ι

1354 595 1476 627 Suidas
1501 607 1532 628 v,
1562 595 1702 641 πέρασις
1729 596 1820 643 βίου,
1852 600 2000 641 explicat
2023 597 2048 645 ἡ
2064 596 2240 647 τελευτή.,ἶ·

1353 646 1422 674 tum
1449 644 1507 674 ille
1533 644 1667 684 qualem
1692 649 1803 686 optet,
1842 656 1886 677 ex
1913 647 2024 679 addito
2046 645 2106 680 καὶ
2127 646 2250 681 κατ-α’

1351 691 1520 731 efficitur,
1550 701 1627 723 cum
1644 689 1680 725 ἓν
1698 690 1753 726 διὰ
1771 692 1866 727 δυοῖν
1884 694 1971 726 dicto
1983 720 1992 738 ‚
2019 695 2118 736 quasi
2136 693 2234 728 πέιι’

1351 735 1561 771 τελευταίαν.

1422 793 1590 844 Περάω.
1620 797 1634 839 11
1660 799 1795 840 Proprie
1825 800 1949 832 dicitur
1980 800 2022 832 de
2056 804 2170 842 tran-³9
2212 816 2218 828 ι

1348 845 1610 885 ρενηαυὶραηάο.
1647 844 1774 902 πότερα
1805 846 1892 893 πρὸς
1926 844 2065 885 οἴκους.
2081 873 2088 880 .
2105 842 2239 886 .’πέλα,’

1351 903 1446 938 γαιον
1474 896 1587 939 περῶ,
1618 894 1674 927 Ai.
1695 891 1776 926 461.
1806 898 1920 940 περῶν
1945 888 2002 928 ὑπ’
2020 892 2180 941 οἴδμασιν
2197 895 2239 928 A

1352 940 1404 971 ch.
1425 949 1536 981 apogr.
1559 941 1665 972 multa
1683 946 1829 987 πτερῶν.
1865 943 1949 973 item
1968 942 2009 974 de
2033 942 2200 983 eyredient
2218 949 2257 985 ιζ,

1351 984 1420 1033 ἤδη
1440 985 1611 1031 δωμάτων
1629 985 1694 1027 ἔξω
1711 988 1800 1035 περᾷ
1818 989 1876 1021 OR
1885 986 1965 1021 531.
1995 987 2044 1023 ὅδ’
2062 988 2102 1023 ἐκ
2120 987 2250 1037 δόμωῡ

1352 1045 1410 1079 ρος
1443 1032 1478 1072 ἐς
1514 1033 1591 1068 δέον
1627 1035 1714 1082 περᾷ
1747 1038 1829 1069 Ant.
1850 1033 1932 1069 386.
1971 1036 2024 1069 Of.
2046 1037 2156 1071 Stanl.
2183 1036 2249 1070 ad

1352 1083 1453 1115 Choe.
1476 1080 1555 1115 653.
1585 1083 1638 1114 De
1652 1085 1777 1124 positos
1792 1084 1874 1126 fines
1890 1084 2127 1116 excedentibus.

1351 1129 1457 1176 περᾷς
1483 1129 1539 1162 OC
1561 1127 1626 1162 155
1643 1131 1695 1163 ch.
1725 1132 1815 1163 ultra
1841 1133 1950 1173 enim,
1980 1141 2082 1173 quam
2100 1132 2210 1165 debe

1351 1187 1462 1218 gresso
1479 1178 1607 1218 Oedipo
1634 1182 1729 1210 cavet
1752 1179 1893 1219 chorus,
1921 1189 1965 1211 ne
1988 1180 2104 1212 lucum
2120 1179 2171 1212 Fu
2208 1204 2210 1206 .
2275 1211 2278 1213 ,

1352 1229 1430 1259 tret.
1470 1224 1526 1257 Sic
1551 1225 1814 1265 intelligendum
1841 1225 1916 1259 ἐπεὶ
1938 1224 2048 1272 πέραν
2075 1220 2196 1274 περῶέ
2207 1254 2211 1258 .

1351 1273 1406 1305 OC
1424 1269 1505 1304 895.
1527 1282 1605 1304 nam
1623 1274 1707 1305 fines
1725 1274 1858 1306 Atticae
1876 1274 2040 1306 excedere
2056 1283 2186 1316 proper
2204 1290 2209 1301 ·
2237 1312 2242 1315 ¹

1350 1320 1495 1361 puellis,
1532 1321 1585 1352 sin
1612 1320 1654 1352 de
1679 1322 1836 1353 violanda
1859 1322 1935 1362 lege
1964 1322 2019 1353 vel
2050 1323 2205 1356 sanctim
2224 1319 2239 1345 ¹⁹

1351 1368 1453 1408 velis,
1484 1377 1549 1399 non
1574 1369 1700 1409 poterit
1724 1367 1831 1415 πέραν
1857 1369 2008 1401 defendi.
2045 1369 2206 1403 Ceterum
2249 1409 2251 1411 ¹

1351 1418 1436 1460 ρῶσι
1461 1413 1504 1460 δή
1530 1420 1646 1447 contra
1662 1425 1810 1448 versum.
1844 1417 1921 1448 Alia
1937 1427 1970 1448 v.
1991 1413 2056 1461 δή;
2082 1417 2168 1450 illud
2181 1427 2223 1460 a⁴
2250 1414 2273 1459 j

1351 1466 1412 1495 est.
1435 1481 1541 1495 —-.—
1569 1462 1582 1504 Η
1609 1463 1695 1494 Cum
1710 1465 1817 1503 figura
1834 1464 1963 1496 dictum
1980 1464 2022 1496 de
2037 1465 2163 1497 morien
2185 1471 2201 1492 ἰ’
2228 1475 2251 1504 ’ζ

1350 1507 1390 1543 ἂν
1414 1507 1524 1556 τέρμα
1547 1511 1608 1543 τοῦ
1635 1508 1710 1555 βίου
1736 1509 1870 1557 περάσῃ
1902 1510 1961 1542 OR
1994 1508 2095 1543 1530.
2141 1511 2243 1554 Paulo

1350 1555 1453 1603 βαρὺς
1475 1555 1540 1601 (εἴ)
1565 1551 1604 1598 δ’,
1636 1556 1716 1591 ὅταν
1734 1556 1851 1603 θυμοῦ
1868 1557 2022 1606 περάσῃς
2046 1558 2106 1590 OR.
2122 1555 2211 1592 674ι·
2228 1558 2251 1605 ,3,

1348 1603 1511 1652 περάσῃς,
1542 1603 1590 1642 εἰς
1616 1603 1722 1651 πέρας
1748 1603 1875 1651 ἔλθῃς,
1904 1606 1992 1647 quod
2008 1610 2098 1638 recte
2114 1616 2190 1649 amp

1348 1652 1496 1684 Brunck.
1519 1656 1553 1684 et
1571 1652 1702 1693 Herm,
1730 1654 1784 1684 hic
1802 1655 1909 1694 qualis
1927 1655 2038 1694 posita
2056 1656 2106 1686 ira
2128 1653 2184 1694 ful
2239 1692 2243 1699 .

1348 1700 1533 1739 significari
1560 1701 1758 1741 observans,
1788 1701 1878 1742 quod
1900 1701 2108 1742 praedixerit
2132 1698 2254 1747 poeto*

1349 1756 1427 1779 mox
1444 1748 1606 1778 iniuriam
1624 1747 1760 1780 Creonti
1785 1749 1905 1780 factam
1928 1749 2126 1788 cogniturus
2141 1748 2249 1788 Oedi

1349 1795 1424 1835 erit,
1449 1797 1483 1826 et
1500 1795 1535 1826 in
1556 1795 1691 1827 fabulae
1709 1796 1776 1827 fine
1795 1805 1834 1827 eo
1850 1796 1961 1827 animo
1977 1796 2210 1837 producatur..
2223 1808 2251 1841 7,,-

1419 1849 1643 1900 Πέργαμα.
1684 1855 1787 1887 Paulo
1819 1855 1957 1896 quidem
1996 1855 2130 1895 longius
2167 1864 2190 1897 p
2214 1842 2245 1883 ι’

1350 1900 1489 1933 Servius
1513 1902 1555 1933 ad
1580 1903 1673 1941 Virg.
1697 1902 1782 1934 Aen.
1803 1899 1838 1942 2,
1859 1898 1940 1934 556.
1968 1903 2081 1934 omnia
2114 1903 2185 1935 alta
2221 1916 2244 1938 ι,

1349 1947 1457 1994 πέργα
1488 1960 1509 1981 α
1543 1949 1609 1980 dici
1628 1959 1681 1990 ap.
1699 1950 1856 1989 Aeschyl.
1874 1950 2029 1990 affirmat,
2051 1951 2186 1991 respici
2205 1964 2246 1994 ιι,ν

1349 1994 1418 2028 958
1434 1994 1450 2039 (
1475 1993 1520 2027 55
1539 1995 1684 2040 Stanl.):
1714 2000 1827 2028 tamen
1845 1997 1990 2028 Homero
2018 1997 2060 2028 de
2079 2007 2152 2029 arce
2169 1997 2197 2029 Τ
2227 2000 2229 2002 ’

1349 2044 1511 2083 singulari
1528 2044 1664 2084 quidem
1679 2053 1831 2084 numero,
1852 2044 1894 2076 de
1912 2044 2139 2085 qualicunque
2164 2053 2193 2076 r·
2208 2057 2231 2071 -ι

1349 2092 1412 2123 bus
1430 2091 1539 2132 poetis
1558 2090 1625 2122 dici
1651 2091 1743 2123 haud
1762 2092 1866 2124 dubie
1882 2095 1973 2124 recte
1991 2094 2167 2124 testantur
2182 2101 2198 2124 s
2212 2125 2236 2136 ᾖ

1349 2136 1379 2171 δ.
1401 2135 1481 2170 508.
1504 2138 1604 2171 Eust.
1636 2148 1669 2179 p.
1687 2135 1768 2179 503,
1790 2136 1822 2180 5,
1843 2139 1898 2171 hic
1915 2138 2064 2170 eundem
2087 2139 2242 2183 illum).

1349 2195 1484 2217 versum
1510 2189 1717 2226 antestatus,
1749 2187 1791 2217 cf.
1821 2187 1933 2227 Apoll.
1964 2185 2067 2228 soph.
2103 2181 2240 2218 1222?

1348 2231 1523 2278 πέργαμον
1541 2242 1577 2273 p.
1599 2229 1667 2264 545
1686 2233 1770 2265 ΤοΙΙ.
1793 2233 1899 2266 Stanl.
1936 2234 1978 2265 ad
1995 2233 2119 2265 Aesch.
2147 2231 2253 2267 Prw‘

1347 2278 1408 2323 (=
1420 2277 1517 2323 958).
1555 2280 1683 2312 Tamen
1711 2280 1802 2321 apud
1819 2281 2015 2322 Sophoclem
2033 2284 2205 2321 tanquam,
2220 2293 2238 2326 ',

1348 2329 1457 2360 tivum
1475 2327 1616 2369 quidem
1634 2336 1769 2369 nomen,
1792 2328 1839 2359 ita
1856 2332 1972 2360 tamen
1988 2329 2148 2369 maxime,
2175 2329 2233 2368 ut

1347 2385 1421 2407 arce
1455 2375 1601 2407 Troiana
1633 2375 1864 2416 intelligatur,
1901 2376 2032 2407 dictum
2064 2375 2253 2411 videmnus*

1347 2418 1456 2467 Τροίᾳ
1480 2419 1544 2455 πέο
1569 2433 1641 2466 αμα
1673 2422 1735 2454 Ph.
1756 2419 1837 2454 353.
1858 2419 1939 2455 611.
1966 2419 2010 2454 τὰ
2034 2416 2176 2480 nep-(affl
2207 2430 2216 2449 ι’

1348 2467 1378 2513 μ’
1409 2467 1500 2503 ἑλεῖν
1518 2433 1599 2501 347.
1636 2466 1712 2513 πρὶν
1731 2465 1771 2502 ἂν
1783 2494 1790 2501 .
1805 2495 1812 2501 .
1829 2467 1889 2503 .τά
1905 2468 1949 2503 πέ
1971 2480 2066 2514 γαμα
2088 2467 2145 2509 Ευν
2168 2468 2233 2510 ’to'y
2250 2489 2253 2491 -

1347 2515 1416 2556 ξοις
1433 2514 1490 2556 ξύν
1508 2513 1536 2549 τ’
1555 2514 1632 2561 ἐμοὶ
1650 2514 1775 2561 πέρσας
1793 2516 1904 2565 φανῇς
1924 2515 1952 2548 1·
1969 2515 2026 2550 35.
2241 2518 2254 2539 ’·“’

1417 2583 1578 2632 Πέρδιξ
1591 2585 1721 2626 perdix.
1758 2583 1896 2631 ὄρνιθος
1927 2582 2006 2632 ἦλθ’
2035 2580 2244 2634 ἐπώνυμος]

295 2633 400 2664 semel
413 2633 540 2665 dicitur
555 2634 622 2674 ita,
651 2636 691 2665 ut
715 2635 849 2675 propria
865 2634 1011 2667 dictione
1036 2636 1189 2675 proxime
1208 2635 1307 2666 absit.
1345 2645 1407 2671 κος
1425 2633 1518 2666 Cam.
1544 2634 1587 2665 fr.
1609 2631 1689 2665 300.
1726 2633 1789 2665 Hic
1815 2634 1952 2675 quidem
1978 2643 2071 2666 avem
2097 2633 2244 2674 signifi,

294 2677 422 2726 πότερα
437 2690 462 2714 π
486 2678 602 2726 ότερον
621 2677 804 2721 ἐπιστένω,
832 2679 962 2728 πότερα
980 2679 1088 2727 μέλεα
1105 2680 1307 2728 περαιτέρω,

294 2720 442 2773 δύσκριτ’
459 2689 578 2774 ἔμοιγε
603 2728 657 2760 Tr.
679 2724 760 2761 947.
790 2738 874 2770 quae
887 2731 1019 2772 prima,
1050 2739 1133 2770 quae
1145 2732 1312 2770 postrema

293 2774 404 2816 fleam.
447 2775 559 2808 Semel
584 2775 767 2809 translate:
796 2774 843 2812 ὡς
869 2773 1021 2816 δέδοικα,
1052 2774 1101 2820 μὴ
1120 2774 1258 2821 περαιτέ
1282 2788 1310 2808 ω

295 2816 510 2902 πεπραγμένή
529 2815 556 2868 ᾖ
583 2832 642 2867 μοι
665 2818 766 2856 πάνθ’
791 2816 837 2856 ὅσ’
864 2820 988 2868 ἀρτίως
1014 2821 1122 2868 ἔδρων
1154 2824 1209 2856 Tr.
1227 2786 1306 2862 63³4,

295 2869 383 2909 quod
404 2879 430 2902 π
453 2866 511 2902 έον
534 2870 779 2911 interpretatur
795 2870 956 2903 Valcken.
985 2870 1082 2903 diatr.
1103 2880 1137 2911 p.
1158 2867 1240 2910 249,
1262 2880 1307 2909 a.,

295 2914 357 2947 sed
371 2916 474 2957 ultra,
503 2926 608 2961 quam
630 2916 775 2957 decebat,
801 2926 1022 2958 proqrcssam,
1047 2919 1154 2950 nimia
1177 2927 1306 2956 ausam,

294 2960 333 2996 τὸ
349 2960 680 3010 πολυπραγμονῆσαι
703 2963 882 3003 significat.
919 2964 1021 2996 Hunc
1045 2965 1310 3006 comparativum

296 3020 315 3040 a
330 3011 506 3042 nonnullis
519 3011 676 3052 ‘apposito
699 3010 841 3043 ultimae
859 3012 1007 3050 syllabae
1033 3012 1049 3043 ι’
1078 3012 1177 3043 scribi
1194 3013 1309 3043 obser-

298 3059 396 3088 vatur
416 3058 654 3099 refelliturqne
677 3058 768 3090 idem
790 3068 844 3099 ap.
873 3058 939 3090 EM
964 3068 999 3100 p.
1020 3054 1101 3099 663,
1121 3054 1179 3090 21.
1219 3058 1272 3089 De
1289 3056 1311 3090 ἆ

297 3104 435 3144 positivi
467 3105 590 3145 gradus
623 3105 837 3145 producendo
869 3106 1073 3137 adnotarunt
1095 3105 1241 3137 Brunck.
1270 3105 1310 3136 ad

296 3149 433 3192 Hippol.
457 3148 563 3192 1044,
591 3154 628 3183 et
643 3152 740 3193 quasi
757 3160 823 3183 non
841 3153 1062 3193 satisfaceret,
1083 3152 1197 3184 Monk.
1218 3152 1257 3184 ad
1276 3161 1307 3182 v.

299 3193 401 3230 1036.
422 3215 463 3222 -
489 3199 541 3231 De
567 3201 708 3231 accentu
733 3199 883 3239 regulam
907 3199 1021 3241 posuit
1042 3199 1153 3240 Apoll.
1173 3199 1215 3231 de
1233 3199 1308 3231 adv.

296 3241 432 3286 2562,
453 3242 488 3277 3.
1036 3244 1085 3290 [11
1102 3255 1136 3287 p.
1158 3242 1239 3286 552,
1259 3242 1314 3289 2.)

1346 2682 1443 2713 cuius
1471 2681 1617 2712 nominis
1644 2681 1771 2720 syllaba
1794 2682 1899 2713 trium
1922 2681 2034 2713 media
2058 2680 2234 2724 produceag

1347 2731 1459 2760 servat
1477 2729 1603 2760 Athen.
1624 2725 1656 2760 9.
1677 2738 1710 2769 p.
1733 2725 1802 2759 388
1819 2728 1857 2759 F.
1904 2727 1973 2760 Sed
1996 2737 2056 2770 pro
2072 2729 2239 2769 τιοήιὶνιο]Υ

1346 2775 1437 2807 idem
1463 2785 1482 2806 a
1509 2774 1611 2816 Soph.
1639 2776 1789 2816 positum
1814 2776 2018 2807 adnotarunt
2041 2775 2137 2807 Phot.
2156 2783 2249 2815 p.

1348 2826 1382 2854 et
1401 2822 1495 2854 Suid.
1517 2833 1550 2854 ν.
1572 2818 1790 2867 Πέρδικος
1818 2820 1851 2855 ἷε
1891 2820 1952 2856 όν;
1978 2848 1985 2855 .
2004 2819 2109 2856 ..Σο
2138 2846 2146 2853 .
2169 2818 2206 2854 δὲ
2236 2823 2242 2845 -’

1348 2866 1472 2913 μικίοις
1499 2866 1596 2911 (libri
1621 2867 1813 2914 κωμικοῖς)
1841 2879 1898 2902 τον
1927 2866 1992 2902 ὑπὸ
2019 2866 2104 2902 Δαιδ
2152 2878 2226 2901 ου-

1347 2914 1450 2949 θέντα
1475 2913 1671 2961 Πέρδικα
1695 2914 1784 2949 εἶναι
1807 2913 1960 2960 τοῦνομα
1977 2918 2018 2948 fr.
2039 2913 2119 2948 301.
2157 2915 2221 2946 1302
2270 2914 2274 2921 “

1347 2964 1405 2995 Gr.
1426 2964 1612 2995 Hermanni
1633 2964 1674 2995 de
1691 2964 1821 3003 prosod.
1842 2973 1875 3004 p.
1895 2960 1977 2995 435.
2088 2963 2132 3004 (11
2148 2971 2181 3003 p.
2226 2958 2243 2983 ἶ

1417 3030 1586 3079 Πέρθω.
1616 3034 1722 3065 Verbi
1748 3033 1788 3064 de
1815 3033 2027 3065 clevastandis
2050 3033 2237 3064 maxime

1347 3080 1414 3112 dici
1445 3081 1536 3112 soliti
1562 3089 1628 3112 non
1660 3082 1823 3120 leguntur
1854 3081 1919 3112 nisi
1948 3079 2107 3119 futurum
2135 3080 2170 3111 ei:
2195 3114 2198 3117 ,
2222 3081 2246 3102 1‘

1348 3128 1440 3160 Haec
1456 3128 1590 3169 proprie
1609 3127 1786 3159 dicuntur:
1817 3125 1881 3160 οὐκ
1903 3121 1957 3172 ἄρ’
1983 3124 2001 3160 ὁ
2018 3124 2152 3171 πέρσων
2169 3135 2187 3158 ε
2217 3127 2243 3156 '-.

1348 3174 1407 3207 Ph.
1431 3171 1508 3206 114.
1537 3173 1595 3207 καὶ
1626 3172 1708 3207 τάπὶ
1734 3170 1841 3219 Τροίᾳ
1874 3171 2019 3219 πέργαμ’
2050 3172 2097 3210 ὡς
2129 3169 2167 3206 οὐ
2220 3170 2246 3201 ..³

1347 3219 1503 3267 πέρσοιεν
1528 3217 1607 3253 611.
1645 3219 1779 3266 πέρσεις
1803 3231 1840 3253 τε
1864 3217 1988 3265 Τροίαν
2017 3217 2117 3253 1428.
2139 3235 2180 3243 -
2210 3228 2233 3245 ⁶³

1348 3266 1468 3312 πέρσαι
1494 3277 1546 3301 σοι
1570 3266 1608 3300 τὸ
1662 3278 1683 3299 α
1707 3265 1809 3300 δάνου
1835 3265 1939 3300 πέδον
1963 3267 2026 3299 Ph.
2047 3264 2104 3298 69.
2142 3262 2249 3312 πρὶνῖΙ

370 3311 570 3360 Περαίνω
583 3315 729 3357 perficio.
757 3315 886 3362 πρᾶγος
902 3312 1055 3349 ἄσκοπον
1073 3312 1146 3361 ἔχει
1163 3312 1311 3360 περάνας
1346 3312 1388 3347 τὰ
1405 3312 1563 3360 πέργαμα
1581 3339 1586 3346 .
1603 3340 1608 3346 .
1627 3340 1633 3346 .
1653 3324 1777 3359 π-ρσας
1795 3313 1904 3361 φανῇς
1925 3311 2025 3345 1335.
2054 3309 2243 3362 Εὐρύτοοᾼ,

297 3358 353 3392 Ai.
373 3357 432 3393 22.
458 3359 518 3395 καὶ
533 3359 754 3408 πεπείρανται
770 3360 851 3396 τάδε
869 3360 925 3394 Tr.
943 3359 1023 3394 581.
1053 3363 1154 3394 schol.
1175 3359 1311 3407 κατείρ-
1346 3359 1444 3394 πόλιν
1463 3362 1519 3394 Tr.
1539 3358 1619 3394 244.
1647 3359 1705 3394 καὶ
1730 3359 1826 3394 πόλιν
1845 3358 1964 3413 ἔπερσε
1981 3358 2060 3393 365.
2090 3359 2154 3397 ὧς.
2171 3384 2178 3392 .
2192 3383 2200 3391 .

296 3402 429 3452 ἷῐασται,
464 3406 678 3442 τετελείωται
708 3407 767 3442 καὶ
799 3406 953 3452 ἧνυσται.
1006 3409 1062 3440 ΡΑ
1094 3406 1305 3454 πεπείραται.
1346 3404 1455 3441 Λυδία
1487 3406 1640 3452 πέρσειεν
1674 3405 1780 3451 αὐτήν
1806 3405 1887 3439 433.
1933 3405 1982 3439 ότι

2013 3409 2077 3452 γῆν
2109 3416 2189 3439 πατ
2198 3421 2249 3457 4„
2283 3427 2285 3431 ›

305 3453 515 3487 Sententiam
544 3456 699 3495 vulgatae
725 3455 912 3497 scripturae
939 3456 1091 3487 defendit
1119 3454 1250 3488 Schaes.
1280 3455 1320 3486 ad
1346 3453 1466 3500 ἔπερσε
1488 3451 1569 3487 467.
1599 3454 1640 3486 de
1665 3455 1744 3485 urbe
1766 3454 1922 3485 Oechalia
1940 3454 2068 3485 dictum
2086 3453 2164 3484 sola.
