2288 3600
46 90 126 171 'fa
140 121 360 172 vva-⁷⁷3]

27 225 89 266 ³¹³*-
110 240 251 288 S‘pffitU,
279 244 318 274 ut
340 240 456 289 ridere
480 243 562 276 licet
583 252 626 276 ex
652 235 842 277 Herodiano
866 244 920 285 a'p.
940 235 1008 275 ΕΜ
1024 253 1057 285 p.

15 275 127 340 μ,
147 283 205 320 23.
225 287 268 321 of.
290 287 442 339 symurg.
463 290 515 323 aa.
536 287 570 323 ιι.
591 291 614 323 1.

15 355 106 425 &R
117 336 223 426 ‘6121313‘
230 346 351 394 χάζω
375 350 513 390 quiesco.
546 347 575 383 εἰ
602 345 631 381 δ’
657 346 843 395 ἡσυχάζων
876 351 1061 395 προσμενῶ

17 414 43 475 θ’
83 419 360 489 77Ἤιίἶίχαῖος
387 444 522 485 quietus,
545 443 755 484 tranquillus.
796 441 831 476 ἐν
855 439 926 476 κείν
971 439 1059 486 (Ve-

6 484 208 568 jul-igekitso
233 488 300 569 τέᾶν
312 487 521 570 ἶποὸδοαῗέιὲ
543 487 726 570 ἡσυχαῖον,
755 487 804 527 εἰς
823 486 897 535 βίαν
913 538 919 545 .
938 500 997 545 γον
1014 491 1060 570 fg!

3 575 112 615 ‹iai›
139 579 196 628 αίᾳ
215 561 318 629 ’βάσει
332 546 438 628 ιβάσιν
462 547 622 630 ἅρμιῗθαι.
641 541 1056 630 θῗῐὶιὶῗῖἰωθίυἰῗὲῗῖξηεὶ

4 631 20 671 ,ζ
33 625 81 662 '3⁹
129 627 238 678 ΰύχῳ.

18 679 23 706 ἵ
133 666 308 725 Ησυχία
332 688 364 709 v.
393 676 572 726 ἡσυχαῖος.
803 675 837 722 (1-
853 687 887 719 p.
905 673 986 718 776,
1008 674 1062 720 3.)

12 757 30 766 .
110 724 255 783 ἽῚσῦχ
267 748 311 774 ος
347 737 425 769 Lob.
446 737 532 769 Prol.
550 733 635 782 339]
653 738 780 778 quietus
795 734 944 780 (silens).
972 733 1059 780 ἥσυ-

12 817 14 830 5
28 821 31 831 Ι
44 793 109 830 χος
126 779 229 816 θακεῖ
243 784 299 816 Ai.
344 781 400 816 25.
420 782 555 829 τρέφειν
571 783 636 829 τὴν
652 781 809 829 γλῶσσαν
834 781 1060 829 ἡσυχαιτέραν

8 829 126 866 Ant.
151 826 250 863 1089.
288 831 472 864 Dubitabat
490 830 620 864 Schaef.
650 839 692 863 an
719 833 785 863 non
811 841 877 863 seo.
900 831 1062 863 Thomam

4 880 33 907 -’.·’
42 886 79 919 p.
95 873 174 910 426.
191 877 256 910 ΕΜ
268 888 301 920 p.
319 875 375 918 31,
395 875 438 910 18
470 875 700 925 ἡσυχαιτέραν
734 878 947 910 scribendum
971 882 1062 910 esset

8 920 271 969 ,;[οεεοηιίοιιῐο
296 925 396 958 Dind.
419 926 472 958 ed.
486 925 550 958 Ox.
572 922 620 970 3].
650 925 715 958 Sed
741 935 772 957 v.
794 925 923 957 Buttm.
946 925 1002 957 Gr.
1028 922 1058 957 1.

23 995 29 1003 .
45 980 78 1012 p.
98 968 167 1003 265
193 969 290 1016 [Lob.
310 972 406 1004 Path.
426 969 461 1010 2,
482 969 547 1004 351
567 969 632 1016 n.].
669 973 709 1004 ln
734 970 959 1018 ἡσυχωτέραν
986 973 1062 1004 libri

15 1018 148 1060 'petiam
165 1018 282 1051 Laurr.
310 1020 540 1051 consentiunt.
563 1037 603 1043 —-
633 1019 866 1051 Adverbiascit
890 1017 977 1053 ὥστε
994 1021 1061 1052 πᾶν

48 1063 88 1129 ἐν.
100 1063 224 1148 ἦςῗέῳ
244 1063 350 1104 ἔξεστι
375 1068 501 1113 φωνεῖν
520 1066 574 1099 OG
592 1063 649 1098 82.

185 1123 252 1147 τοι
276 1116 310 1145 et
335 1111 357 1159 ἡ
383 1123 437 1147 τοι
453 1124 485 1145 ν.
502 1111 525 1157 ἥ
544 1117 578 1145 et
595 1111 631 1158 ἦ.

834 116 846 135 ‘
856 123 1090 191 Ησυχάζω
1118 154 1181 162 -
1209 123 1355 180 &duos

1098 240 1136 290 δέ
1153 235 1320 287 θὐμάταίν
1332 234 1524 290 ’Ἥφαιστος
1542 241 1606 277 οὐκ
1623 240 1776 287 ἔλαμπεν
1797 234 1898 275 1007.
1927 244 1968 275 cf.
1985 240 2110 284 Musgr'.

1098 289 1138 322 ad
1155 288 1238 322 Eur.
1260 287 1387 322 Phoen.
1411 285 1513 323 1291.

1167 341 1218 383 ‘H
1233 345 1579 394 φαιστότευκτος
1601 348 1955 389 Vulcanoprocreatua.
1973 348 2011 386 τὸ
2026 360 2115 394 παγ-

1097 393 1221 442 κρατὲς
1238 393 1340 433 σέλας
1356 393 1646 441 ἡφαιστότευκτον
1664 396 1724 428 Ph.
1738 392 1819 428 987.
1839 397 2026 428 Maiuscula
2043 397 2115 429 ini-

1098 443 1170 475 tiali
1188 443 1288 475 scribi
1306 452 1374 474 non
1391 443 1502 475 debet.

1167 506 1317 559 Ἠχέω
1342 513 1458 544 insono
1475 511 1498 558 ἡ
1526 514 1559 546 εἰ
1575 523 1625 550 τις
1643 510 1707 547 οὐκ
1723 510 1858 559 ἄσημον
1876 511 2031 547 κωκυτόν
2056 514 2111 545 Tr.

1096 557 1178 592 866.
1207 557 1313 597 ἀκτὰς
1330 558 1455 605 λίμνης
1472 522 1584 605 ἠέθον
1653 558 1758 605 οὑσης
1774 560 1887 607 γόους,
1908 555 2113 607 Ἀχέροντος

1097 604 1290 664 ὀξυπλῆῖος
1305 605 1392 655 χοάς
1406 608 1520 647 Polyx.
1539 609 1579 639 fr.
1591 569 1672 647 469,
1683 605 1725 648 2;
1748 617 1800 649 ap.
1814 608 1906 650 Stob.
1919 612 1970 640 est
1980 606 2117 654 ἠχοῦσα

1098 655 1151 686 vel
1169 652 1316 702 ἐχουσας
1333 655 1424 686 unde
1448 655 1548 695 vulgo
1570 652 1725 701 ἡχούσας
1751 659 1785 687 et
1810 652 1945 699 λίμνας.
1965 655 2111 687 Brunck.

1097 699 1200 747 γόοις.
1230 703 1273 734 V.
1295 703 1421 734 Iacobs.
1442 702 1549 734 Lectt.
1571 702 1662 734 Stob.
1684 711 1718 743 p.
1739 699 1773 742 6,
1801 703 1853 734 cui
1882 706 1994 734 tamen
2012 702 2115 734 auda-

1098 758 1169 781 cem
1197 749 1491 791 transpositionem
1520 751 1666 781 tentanti
1694 758 1759 782 non
1785 751 1961 782 assentior.
2002 749 2114 781 Passi-

1098 805 1189 828 vum.
1217 793 1269 829 τίς
1294 793 1336 829 αὖ
1361 790 1440 841 παρ’
1465 793 1564 840 ὑμῶν
1589 795 1702 833 κοινὸς
1727 795 1866 843 ἠχεῖται
1883 795 2030 837 κτύπος,
2060 796 2115 828 OC

1101 839 1190 875 1500
1207 844 1250 875 cf.
1271 843 1416 876 Boeckh.
1438 843 1477 875 ad
1497 843 1595 875 Pind.
1617 844 1733 884 fragm.
1754 854 1787 885 p.
1810 841 1889 876 578.

1167 910 1350 992 {**'H14]
1377 923 1487 946 nonus.
1516 911 1606 960 ἀχὰν
1632 912 1855 959 παραβώμιον
1878 924 1936 956 pro
1953 912 2059 948 ἀκτὰν
2078 925 2114 947 π.

1098 961 1155 992 OR
1188 957 1295 993 84ch.
1313 962 1398 993 coni.
1412 961 1494 992 ch.
1511 959 1609 1008 ἀχῶν
1622 959 1778 1008 καναχάν
1793 962 1848 993 Tr.
1863 958 1931 993 642
1940 961 1991 992 ch.
2010 961 2113 993 Dind.

1098 1017 1156 1048 pro
1175 1005 1296 1054 ἰάχων.
1330 1009 1381 1040 Cf.
1405 1008 1524 1040 Elmsl.
1546 1009 1587 1039 ad
1604 1008 1724 1050 Eurip.
1746 1009 1878 1040 Heracl.
1900 1004 2000 1052 752]

1169 1060 1285 1112 Ἠχώ
1311 1075 1421 1098 sonus.
1459 1063 1696 1111 ἀθυρόστομος
1723 1064 1800 1112 ἀχὼ
1827 1064 2026 1112 τηλεφανὴς
2052 1067 2113 1098 Ph.

1102 1110 1167 1145 189
1180 1114 1233 1145 ch.
1253 1114 1305 1145 De
1323 1115 1414 1153 gravi
1432 1115 1683 1146 tamentationc:
1702 1112 1758 1147 ἐπὶ
1775 1113 1926 1159 κωκυτῷ
1937 1112 2017 1160 ἠχὼ
2034 1115 2117 1146 πᾶσι

15 1188 77 1215 ,Γ
126 1153 374 1207 ’Ἥφαιστος
414 1161 591 1192 Vulcanus.
637 1158 672 1194 ἔν
706 1154 739 1195 θ’
772 1157 892 1198 ὅπλοις
915 1156 1062 1206 ἀρρῶξιν
1078 1173 1081 1184 ¹
1098 1162 1292 1206 προφωνεῖν
1319 1161 1373 1192 El.
1398 1157 1463 1193 108
1480 1170 1533 1192 an.
1566 1159 1781 1207 θρηνητικὴν
1800 1162 1946 1203 explicat
1964 1161 2035 1193 Eri.
2058 1161 2117 1194 sed

20 1202 235 1261 intpatorou
267 1205 374 1259 τέχνῃ
401 1207 524 1240 Achill.
553 1208 629 1240 Am.
660 1208 702 1239 fr.
727 1203 805 1240 168.
836 1225 876 1232 -
905 1207 1061 1248 Figurate
1078 1233 1080 1252 Ι
1099 1208 1266 1248 significat
1286 1209 1463 1240 clamorem
1481 1208 1564 1239 alios
1585 1208 1628 1239 ud
1646 1210 1772 1240 Luctum
1788 1211 2034 1249 provocantem.
2066 1208 2118 1240 De

18 1286 28 1303 ·.
63 1286 66 1290 ,
175 1255 352 1295 significat.
381 1252 459 1300 πρὶν
483 1253 692 1301 στεφάνωμα
716 1252 854 1301 πύργων
878 1247 1062 1288 πευκάενθ’

89 1312 229 1349 φαιστον
248 1299 339 1336 ἑλεῖν
355 1303 437 1335 Ant.
461 1298 527 1335 123
541 1302 591 1334 ch.
613 1305 648 1334 et
664 1302 704 1334 de
722 1303 800 1343 igne
819 1302 990 1334 sacrificii:
1021 1300 1062 1335 ἐκ

11 1386 46 1417 d'..

1098 1259 1176 1287 tono
1193 1256 1372 1287 accusativi
1389 1255 1502 1296 Apoll.
1531 1256 1572 1287 de
1595 1265 1690 1297 pron.
1711 1265 1745 1297 p.
1775 1252 1842 1287 112
1868 1256 1905 1287 Β.
1927 1256 2050 1288 Herod.
2078 1256 2119 1287 ad

1098 1303 1139 1334 11.
1161 1300 1181 1347 β
1198 1299 1268 1335 262
1286 1303 1328 1334 cf.
1349 1303 1390 1334 ad
1409 1312 1419 1334 ι
1435 1299 1517 1334 240.

1049 1464 1111 1539 0.

116 1605 291 1654 Θαιρός.
321 1605 499 1653 θαιρός;
529 1606 547 1642 ὁ
575 1605 704 1654 διήκων
730 1606 799 1642 ἀπὸ
824 1609 885 1641 τοῦ
910 1605 982 1641 ἄνω
1001 1605 1084 1653 fae-l
1103 1608 1211 1640 batur.
1240 1608 1420 1647 Phrynichi
1447 1617 1532 1649 quae
1557 1608 1664 1640 fertur
1688 1607 1856 1648 tragoedia
1888 1603 2118 1642 Σύνθωκοι

24 1651 128 1741 {9⁰⁶
152 1653 220 1692 ἕως
243 1653 339 1689 κάτω
364 1653 529 1701 στροφεὺς
551 1657 616 1700 τῆς
642 1652 768 1700 θύρας,
798 1651 822 1698 ἢ
840 1652 941 1694 ἄξων.
973 1651 1061 1700 Σοφ.

1102 1665 1154 1696 ap.
1186 1655 1312 1687 Eudoc.
1343 1655 1467 1687 Violet.
1498 1664 1530 1696 p.
1551 1651 1640 1695 428,
1670 1656 1697 1686 si
1717 1664 1834 1699 verum
1852 1664 1986 1696 nomen,
2016 1652 2118 1688 σύν-

24 1702 54 1732 ”’»
77 1699 287 1750 ριπτολέμῳ.
308 1702 454 1742 Hesych.
476 1702 559 1734 Nam
578 1702 643 1734 EM
658 1710 691 1743 p.
710 1698 791 1742 395,
814 1699 878 1734 11:
900 1699 1064 1747 δράκοντε
1102 1699 1232 1735 θακοι
1258 1703 1356 1734 dicta.
1393 1699 1509 1739 θῶκος
1527 1705 1566 1734 ut
1588 1698 1724 1738 θόωκος
1750 1701 1928 1734 Homerica
1953 1706 1987 1734 et
2004 1703 2117 1734 Ionica

26 1760 60 1791 ρ»
76 1749 163 1796 ιρὸν
180 1747 350 1794 ἀμφιπλὶξ
367 1747 530 1795 εἰληφότε
548 1745 657 1791 Tript.
680 1750 722 1781 fr.
743 1745 824 1789 538,
845 1750 887 1782 de
905 1758 970 1791 quo
987 1758 1063 1780 ver-

1100 1753 1191 1781 sunt.
1222 1749 1297 1780 Etsi
1322 1759 1375 1790 ap.
1406 1750 1611 1788 Aeschylum
1627 1749 1736 1781 Prom.
1758 1746 1827 1781 833
1850 1750 1928 1781 libri
1945 1750 1981 1781 in
1999 1746 2116 1787 θῶκος

18 1791 156 1835 'siculo
172 1806 225 1839 ap.
246 1797 390 1836 Etymol.
412 1797 571 1829 mendose
596 1797 720 1838 scripto
737 1797 866 1828 dictum
882 1797 918 1829 in
938 1807 969 1827 v.
991 1793 1063 1840 ἀμ-
1099 1797 1328 1837 consentiunt,
1350 1806 1446 1828 secus
1463 1801 1515 1828 est
1532 1807 1563 1828 v.
1584 1793 1655 1828 280
1671 1799 1706 1828 et
1722 1797 1841 1836 Agam.
1862 1793 1930 1829 505
1955 1797 2015 1828 ubi
2041 1806 2118 1828 cum

41 1841 173 1883 4ἰἰτλίξ.
195 1861 234 1866 -
254 1844 409 1881 Eustath.
439 1854 473 1886 p.
495 1840 573 1884 914,
597 1841 658 1876 33:
689 1841 724 1877 ἐν
750 1840 788 1876 δὲ
812 1840 895 1890 ρητο
921 1842 986 1888 ικῷ
1001 1840 1061 1876 λε-

31 1879 134 1937 ῗικῷ
149 1887 208 1938 εὕρ
226 1895 291 1924 ’ται
308 1888 367 1924 καὶ
385 1888 437 1924 ὅτι
454 1887 612 1939 θαιρὸς
631 1889 648 1925 ὁ
666 1887 756 1931 ἄξων
774 1888 868 1935 παρὰ
888 1853 936 1925 ἕο
968 1915 974 1922 .
997 1890 1061 1923 Sed

35 1938 67 1974 ῥ’
84 1942 189 1980 ot.p.
229 1935 264 1978 8,
277 1934 334 1970 25.
357 1935 562 1984 θαιρούς,
583 1936 663 1975 τοὺς
682 1939 841 1984 στροφεῖς
857 1941 921 1984 τῆς
963 1935 1057 1983 ύρας.

42 1979 139 2027 flacc
155 1986 353 2026 significatio
376 1985 417 2017 ad
435 1986 639 2017 sententiam
658 1989 735 2026 apta
752 1994 819 2016 non
837 1990 900 2017 est.

26 2036 70 2075 ἴἢν
118 2041 275 2079 Θᾶκέω
291 2043 396 2076 sedec.
424 2042 464 2078 τὸ
491 2037 519 2077 δ’
544 2040 631 2078 ἄλλο
658 2041 766 2090 φῦλον
784 2041 807 2076 ἀ
830 2046 942 2089 οραῖσι
960 2041 1063 2078 θακεῖ

29 2081 107 2125 v'‘'3'135
130 2087 187 2124 20.
218 2090 252 2124 ἐν
279 2089 397 2136 μέσοις
429 2089 543 2136 βοτοῖς
568 2088 672 2125 θακεῖ
703 2087 759 2122 Αἰ.
780 2088 801 2123 3
827 2089 859 2123 5.
897 2087 999 2124 θάκει
1024 2089 1062 2123 δὲ

11 2151 15 2155 ·
39 2137 299 2188 7,ἦροοτρόιτοιιος
328 2135 428 2171 1173.
466 2136 557 2172 ὅστις
587 2135 630 2182 ἦν
667 2135 785 2171 θακῶν
815 2135 969 2183 ἀταρβὴς
996 2141 1061 2184 τῆς

35 2184 103 2227 γζῑῗΰ
157 2187 212 2219 Tr.
233 2182 291 2217 23.
321 2185 379 2217 LA
404 2182 530 2219 θώκῶν
555 2183 655 2229 (sic),
693 2186 796 2216 ceteri
820 2185 898 2217 libri
926 2182 1057 2219 θακών.

8 2234 59 2276 ‘³5⁵
73 2259 75 2262 .
102 2248 105 2261 ι
127 2236 221 2266 atum
244 2232 398 2265 morandi
421 2236 452 2264 et
476 2232 631 2264 versandi
655 2232 979 2272 adsignifioationem
1003 2232 1062 2264 ha-

39 2277 61 2317 ·ςί
77 2283 115 2312 t.
135 2279 168 2315 οἱ
187 2279 249 2326 μὲν
266 2277 405 2326 ἄρσενες
420 2278 509 2313 κατὰ
527 2278 644 2325 στέγας
659 2276 822 2313 θακοῦσιν
843 2278 1062 2325 ἱστουργοῦν-

40 2327 57 2336 ·
75 2331 102 2375 ’Ὡς
116 2325 186 2371 (ap.
207 2325 403 2370 Aegyptios)
421 2326 476 2359 OC
487 2324 568 2359 340.
582 2345 623 2350 --
641 2324 781 2372 ἥδιστος
797 2324 976 2371 δεσμώτης
993 2324 1062 2360 ἔσω

3 2387 4 2390 ’
78 2376 151 2408 κεῖ
166 2375 221 2406 Ai.
246 2370 312 2406 106
328 2377 529 2406 asservatur.
568 2371 670 2412 Quod·
680 2374 829 2415 reliquae
853 2377 986 2414 praeter
1002 2373 1061 2405 has

34 2426 49 2442 »λ
84 2423 85 2426 ’
108 2430 169 2453 nas
194 2421 253 2453 vix
277 2421 437 2461 leguntur
460 2431 539 2453 casu
563 2422 710 2461 factum,
740 2430 802 2452 nec
831 2425 991 2462 tanquam
1009 2429 1061 2452 res

81 2469 203 2500 tabilis
228 2469 471 2500 observandum
496 2468 658 2500 Elmsleio
682 2468 750 2500 suit
765 2468 806 2500 ad
823 2467 956 2500 Heraol.
977 2464 1058 2507 994,

7 2510 10 2514 ’
36 2532 60 2567 ,3
79 2525 195 2560 κησις
216 2516 312 2547 enim
330 2518 364 2547 et
389 2516 513 2547 similia
530 2516 611 2547 satis
628 2515 812 2547 ostendunt
829 2515 968 2547 minime
986 2516 1062 2546 abs-

1097 1844 1251 1884 plerique
1282 1847 1356 1875 tum
1381 1853 1498 1876 omnes
1532 1840 1640 1877 θᾶκον
1675 1843 1848 1875 exhibent.
1894 1844 1960 1884 Ap.
1990 1843 2111 1885 Eurip.

1098 1888 1215 1927 θῶκος
1232 1900 1399 1932 nusquam
1417 1892 1498 1923 satis
1517 1895 1606 1923 certo
1620 1894 1760 1922 constat.
1799 1891 1837 1922 In
1857 1891 1915 1922 Ar.
1937 1891 2026 1922 Nub.
2046 1887 2116 1922 993

1097 1938 1191 1969 codd.
1213 1938 1372 1970 minimae
1397 1939 1475 1970 fidei
1492 1933 1636 1977 θώκων,
1663 1938 1744 1969 Rav.
1766 1934 1904 1978 θακῶν,
1934 1938 2025 1970 unde
2041 1938 2115 1970 iure

1097 1982 1216 2018 θάκων
1229 1985 1391 2024 editores;
1415 1986 1499 2017 Ran.
1517 1981 1606 2017 1515
1620 1981 1728 2018 θᾶκον
1740 1985 1870 2016 Bentl.:
1891 1981 2007 2018 θῶκον
2018 1986 2111 2026 Vat.‚

1098 2029 1120 2065 θ
1143 2029 1220 2065 όνον
1234 2034 1349 2064 ceteri.
1370 2029 1460 2064 1522
1473 2030 1582 2066 θᾶκον
1595 2032 1691 2071 Rav.,
1709 2028 1826 2065 θῶκον
1837 2032 1907 2063 alii.
1926 2032 2069 2064 Thomas
2078 2041 2113 2073 p.

1097 2042 1166 2111 450
1184 2075 1294 2112 θᾶκο
1307 2089 1322 2115 ς
1347 2075 1515 2120 Ἀττικόν,
1544 2075 1592 2123 θρ
1603 2077 1646 2112 όν
1658 2090 1675 2111 ο
1686 2085 1701 2111 ς
1724 2073 1940 2124 Ἑλληνικόν,
1970 2074 1992 2111 θ
2003 2083 2089 2112 ῶκο
2102 2085 2118 2111 ς

1097 2125 1292 2171 ποιητικόν;
1312 2126 1372 2158 hoc
1387 2130 1439 2158 est
1448 2126 1669 2158 Homericum.
1691 2126 1791 2166 Apud
1801 2126 1976 2158 Cratinum
1986 2126 2113 2158 Archil.

1098 2174 1159 2205 ΙΙΙ.
1191 2173 1284 2206 Suid.
1311 2184 1342 2204 v.
1365 2169 1443 2206 Διὸς
1466 2171 1585 2219 ψῆφος
1605 2170 1728 2212 θῶκοι,
1756 2173 1815 2205 sed
1831 2173 2020 2212 Hesychius
2039 2177 2062 2205 t.
2084 2174 2112 2205 1.

1098 2230 1131 2262 p.
1151 2217 1240 2252 1004
1257 2224 1346 2252 recte
1364 2217 1479 2261 θᾶκοι,
1500 2221 1542 2252 cf.
1561 2221 1706 2251 Runkel.
1727 2221 1767 2251 fr.
1786 2220 1875 2252 Crat.
1896 2230 1930 2261 p.
1943 2216 1975 2252 6.
1999 2220 2115 2259 Quan-

1098 2277 1198 2308 quam
1222 2269 1259 2298 in
1285 2277 1385 2299 versu
1412 2268 1542 2299 heroico
1568 2264 1678 2301 θῶκοι
1705 2268 1785 2299 ferri
1802 2268 1919 2309 possit.
1948 2267 2115 2300 Proclives

1097 2315 1250 2347 librarios
1268 2315 1374 2346 fuisse
1391 2315 1427 2346 in
1446 2311 1562 2352 θῶκος
1580 2314 1783 2355 invehendo,
1805 2314 1954 2346 ostendit
1970 2315 2116 2355 scriptu-

1097 2371 1151 2394 rae
1176 2362 1401 2403 discrepantia
1427 2362 1482 2393 Tr.
1503 2358 1549 2393 23
1574 2373 1604 2392 v.
1633 2358 1763 2395 θακέω.
1806 2361 1851 2393 Et
1876 2371 1929 2402 ap.
1949 2362 2115 2403 prosarios

1098 2409 1276 2450 scriptores
1291 2418 1457 2450 nusquam
1471 2411 1638 2450 comparet
1655 2409 1736 2440 satis
1753 2412 1842 2440 certo
1856 2409 2020 2449 scriptum
2039 2406 2115 2442 θῶ-

1097 2466 1169 2496 κος,
1198 2466 1230 2489 v.
1255 2456 1450 2488 Schneider.
1480 2456 1521 2487 ad
1554 2456 1637 2487 Plat.
1665 2456 1788 2496 Rpubl.
1821 2465 1855 2496 p.
1876 2451 1945 2487 516
1963 2455 2004 2486 Ε.
2042 2455 2115 2495 Quo

1098 2504 1203 2543 magis
1221 2502 1479 2535 Stallbaumium
1498 2504 1607 2542 miror,
1629 2503 1687 2543 qui
1705 2512 1796 2534 nunc
1813 2502 1921 2534 adhuc
1936 2503 1959 2534 l.
1977 2513 2005 2534 c.
2026 2500 2107 2546 (vol.

2 2575 3 2595 3
35 2563 67 2603 ἣν
86 2563 190 2594 «uisse
216 2563 256 2594 de
281 2562 449 2594 industria
466 2562 608 2594 Graecos
632 2573 651 2594 a
669 2563 782 2594 futuro
800 2565 835 2593 et
850 2563 981 2594 aoristo.
1010 2562 1062 2594 De
1096 2547 1130 2581 2·
1151 2560 1183 2591 P·
1209 2546 1292 2592 103]
1315 2550 1452 2581 alteram
1471 2550 1675 2581 sententiam
1692 2550 1820 2590 probet,
1849 2549 2035 2581 secundum
2053 2549 2113 2581 ho-

93 2610 164 2641 ead.
186 2610 226 2641 rr.
251 2606 328 2649 109,
350 2606 370 2641 3
392 2620 423 2640 v.
445 2606 565 2646 θᾶκος.

2 2650 24 2711 Ιῑ,
46 2663 90 2713 ἕ]
119 2664 308 2713 Θάκημα
340 2667 354 2709 ΙΙ
386 2669 502 2708 sessio,
531 2668 572 2699 de
598 2669 744 2708 supplice
768 2668 896 2700 dictum
922 2668 986 2699 bis.
1028 2665 1062 2700 τί

1 2707 20 2768 ἒ
103 2707 310 2762 σχρῄζοντα
333 2713 385 2759 τῷ
401 2711 599 2759 θακήματι;
629 2714 684 2746 OG
705 2710 805 2746 1160.
827 2713 912 2748 εἰτὸ
929 2711 1062 2759 θάκημ’

3 2774 69 2798 »ἲν-ω
85 2759 277 2807 αναγκάζει,
301 2759 420 2795 σκόπει
439 2758 527 2794 1179
546 2772 591 2794 so.
613 2762 728 2793 audire
744 2771 862 2803 preces
878 2762 1056 2801 Polynicis.

45 2808 169 2849 Izdem
193 2809 281 2850 quod
305 2805 407 2854 ἕδρα,
437 2809 537 2841 sedes.
573 2807 612 2841 τὸ
639 2806 696 2841 σὸν
727 2805 798 2842 θάκ
826 2819 874 2853 μα
898 2807 958 2841 καὶ
980 2806 1061 2841 τοὺς

3 2825 25 2886 Ι.
47 2852 129 2902 Ιιιὺς
152 2850 299 2901 θρόνους
323 2858 504 2900 κρατοῦσιν
530 2852 713 2901 (Ἐρινύες)
740 2852 806 2888 138
835 2880 841 2886 .
876 2856 974 2888 Diras
991 2856 1060 2887 filio

15 2902 49 2945 ῤ’.
64 2902 251 2946 {precatus
268 2902 416 2944 Oedipus
430 2903 548 2935 Furias
566 2907 600 2934 et
617 2903 696 2934 sede
714 2903 876 2943 supplicis
893 2903 1062 2942 Polynicis

6 2971 11 2989 ;
102 2952 194 2981 aram
216 2949 368 2991 Neptuni
390 2954 425 2982 et
448 2951 538 2990 regio
561 2950 651 2990 apud
667 2949 840 2981 Thebanos
865 2950 945 2981 solio
962 2950 1062 2991 potiri

6 3030 15 3051 »
40 2990 149 3045 f'cit'3
179 2996 286 3028 everti
302 2997 406 3036 igitur
423 2998 690 3038 qualemcunque
706 2997 814 3037 ipsius
833 3005 939 3036 spem.

119 3050 342 3100 *Θάκησις
371 3065 401 3087 v.
431 3052 551 3092 θᾶκος.

805 2607 837 2652 (1
854 2619 888 2650 p·
906 2606 986 2649 777,
1007 2605 1062 2652 9.)
1097 2597 1223 2628 minem
1240 2606 1279 2628 ea
1297 2600 1417 2636 aetate,
1446 2606 1511 2638 qua
1529 2597 1622 2628 crisis
1641 2597 1860 2628 dialectorum
1877 2599 1911 2628 et
1928 2597 2114 2638 scripturae

1096 2644 1130 2675 in
1150 2644 1247 2675 cunis
1270 2648 1361 2681 erat,
1390 2644 1479 2676 haud
1504 2644 1676 2675 indoctum
1702 2644 1818 2675 Lamb.
1840 2643 1915 2676 Bos.
1944 2644 2047 2675 anim.
2073 2644 2114 2675 ad

1096 2700 1159 2723 scr.
1181 2690 1237 2722 Gr.
1266 2701 1300 2732 p.
1321 2687 1402 2722 298.
1423 2690 1545 2722 Melius
1571 2690 1794 2723 Schneiderus
1811 2691 1834 2722 l.
1856 2700 1884 2722 c.
1913 2693 1947 2722 et
1964 2690 2108 2722 Brunck.

1095 2738 1136 2770 ad
1153 2738 1240 2769 Ran.
1262 2734 1364 2770 1522.
1400 2738 1529 2779 Nempe
1553 2747 1629 2769 cum
1652 2741 1686 2769 et
1711 2734 1829 2771 θακέω
1855 2742 1889 2769 et
1913 2734 2061 2782 θάκησις
2078 2741 2114 2768 et

1096 2782 1242 2830 θάκημα
1266 2794 1433 2825 nusquam
1458 2785 1646 2816 scribantur
1669 2785 1784 2825 aliter,
1812 2788 1848 2816 et
1864 2781 2002 2825 θάσσω,
2022 2784 2112 2816 unde

1093 2832 1228 2864 illorum
1244 2841 1401 2873 propago,
1418 2831 1543 2863 Atticis
1560 2832 1669 2872 poetis
1686 2832 1951 2863 usitatissimum
1969 2832 2024 2871 sit,
2046 2832 2111 2863 mi-

1095 2889 1170 2910 rum
1188 2875 1284 2922 foret,
1313 2879 1343 2910 si
1360 2879 1535 2910 scribendo
1552 2875 1669 2912 θῶκος
1694 2879 1735 2910 ad
1760 2879 2040 2911 consuetudinem
2057 2879 2111 2911 Io—

1097 2935 1178 2957 num
1204 2925 1332 2966 delapsi
1355 2928 1481 2957 essent.
1506 2943 1547 2949 -—
1567 2923 1588 2958 ἇ
1615 2926 1752 2966 produci
1770 2929 1918 2958 constat:
1947 2935 2050 2967 quare
2075 2927 2112 2957 in

1096 2973 1188 3012 gravi
1214 2981 1323 3004 errore
1352 2977 1449 3004 erant
1480 2969 1588 3006 θάκον
1630 2973 1814 3004 scribentes
1847 2973 1990 3004 Bekker.
2022 2973 2108 3004 Plat.

1097 3019 1221 3060 Rpubl.
1255 3019 1277 3051 1.
1308 3029 1335 3050 c.
1372 3022 1406 3051 et
1438 3020 1498 3060 qui
1531 3019 1620 3051 hune
1662 3020 1816 3061 sequitur
1849 3019 2107 3060 inconsiderate,

1098 3066 1348 3098 Stallbaumius.
1377 3066 1568 3107 Antiquum
1582 3067 1704 3098 vitium
1720 3070 1789 3106 est;
1812 3076 1890 3098 nam
1906 3067 2008 3098 etiam
2023 3067 2112 3108 apud

14 3126 25 3142 ,a-
79 3114 85 3157 J
119 3107 259 3150 Θὸἱκος
293 3114 370 3146 Lob.
393 3114 511 3145 Rhem.
531 3110 628 3157 285].
648 3111 698 3150 εἰς
715 3109 858 3146 παλαιὸν
875 3108 983 3145 θᾶκον
1003 3110 1063 3158 ὀρ-
1099 3113 1260 3144 Thomam
1290 3113 1463 3153 legebatur
1496 3110 1616 3150 θάκος.
1647 3131 1688 3137 -
1721 3114 1859 3154 Aliquid
1893 3113 2112 3146 dubitationis

10 3195 11 3198 ,
58 3152 253 3202 ’Ῠθῠσκόπον
288 3158 355 3200 ζων
372 3161 453 3192 Ant.
467 3156 546 3192 999.
569 3160 661 3192 Talis
678 3161 770 3192 enim
788 3159 938 3191 Tiresiae
956 3160 1063 3191 fertur
1099 3160 1179 3191 haec
1195 3160 1331 3191 habent.
1360 3160 1486 3192 Omnes
1510 3161 1589 3192 libri
1612 3163 1753 3192 tuentur
1777 3159 1832 3192 OC
1850 3156 1871 3191 9
1897 3157 2053 3194 θάκοισιν
2079 3158 2112 3193 εἷ

6 3235 10 3250 ι
55 3203 152 3240 ἰω
176 3206 259 3238 Eur.
288 3207 414 3239 Phoen.
440 3203 509 3239 840
545 3211 579 3238 et
605 3207 853 3238 monstrabatur
876 3207 1062 3238 recentiore
1097 3216 1172 3239 τινα
1197 3203 1372 3251 βλέπειςῆ
1392 3205 1477 3252 πρὸς
1504 3204 1664 3252 βεβήλοις
1688 3204 1712 3252 ἢ
1738 3205 1823 3252 πρὸς
1847 3204 1982 3240 ἄλσεσιν
2005 3204 2108 3241 θεῶν.

80 3251 172 3285 te.
210 3252 262 3285 Cf.
282 3254 400 3286 Valck.
432 3254 473 3286 ad
498 3254 599 3286 schol.
622 3254 735 3285 Phoen
753 3254 776 3285 l.
799 3263 826 3286 c.
847 3263 881 3294 p.
906 3249 972 3286 158
996 3257 1021 3284 t.
1043 3250 1065 3285 2
1098 3253 1212 3285 Herm.
1228 3250 1346 3296 [Dind.
1364 3254 1446 3285 Nok.
1463 3251 1535 3298 alii]
1549 3254 1685 3295 quidem
1702 3263 1746 3286 ex
1762 3254 1906 3286 Seidleri
1922 3255 2112 3287 coniectura

6 3251 10 3278 l

6 3331 10 3355 1
64 3299 306 3349 '¹1··:.Pausan.
327 3297 360 3342 9,
384 3297 438 3341 16,
463 3298 494 3332 1.
530 3302 621 3333 Ante
638 3301 785 3333 Brunck.
805 3301 1003 3340 vulgabatur
1028 3303 1063 3332 et
1097 3297 1256 3344 θάκησιν,
1287 3301 1457 3340 eleganter
1477 3301 1536 3332 sed
1553 3310 1619 3332 non
1636 3302 1838 3342 necessario,
1867 3312 1899 3334 v,
1920 3302 2040 3333 Elmsl.
2062 3319 2108 3324 -—

7 3360 10 3386 l
70 3349 97 3383 ᾗ»
114 3346 307 3389 librisque,
338 3348 397 3380 sed
421 3357 488 3380 non
513 3349 649 3388 optimis
681 3348 775 3380 codd.
804 3344 940 3388 θῶκον,
977 3347 1063 3388 quod
1097 3348 1137 3379 In
1155 3347 1291 3380 Aleadis
1315 3348 1355 3379 fr.
1381 3344 1459 3388 109,
1480 3344 1501 3380 3
1518 3348 1690 3388 legebatur
1715 3358 1758 3380 ex
1776 3349 1914 3382 Stobaeo
1941 3346 2021 3394 [91,
2049 3345 2110 3392 27]

7 3396 11 3436 l
75 3396 135 3446 βῆ·
159 3393 339 3437 ὲιιᾶΗίρΡ.
361 3391 461 3428 1092.
489 3395 614 3428 Atticis
629 3395 772 3438 perinde
791 3395 908 3428 usitari
924 3395 1064 3428 arbitra·
1096 3391 1141 3428 τὰ
1162 3391 1312 3443 χρήματ’
1336 3391 1567 3441 ἀνθρώποισιν
1596 3392 1744 3442 εὑρίσκει
1777 3392 1919 3442 φίλους,
1948 3392 2047 3434 αὖθις
2073 3394 2111 3431 δὲ

7 3483 11 3525 Ι
84 3474 87 3477 ,

8 3542 12 3576 l
