2288 3600
326 135 423 184 706

324 252 454 293 Captivi
472 253 563 283 enim
581 254 672 284 sunt.
701 248 757 289 ξὺν
784 249 836 288 οἷς
852 244 992 298 χρῄζεις
1018 248 1127 296 φίλων
1148 248 1251 284 1194.
1278 247 1335 289 ξὺν

321 296 415 332 παιδὶ
437 298 489 343 τῷ
515 299 563 344 σῷ
587 299 641 331 Ai.
662 295 740 330 499.
778 295 926 343 πλευρὰς
950 296 1009 331 σὺν
1033 296 1110 342 ἐμοὶ
1134 295 1228 330 τάσδ’
1259 296 1335 331 ἐπι-

320 343 462 392 κούφιζε
482 343 572 377 1410
588 356 641 378 an.
670 343 728 379 τὸν
747 343 932 390 αὐτοέντην
959 342 1018 383 ξὺν
1035 344 1081 391 τῇ
1097 342 1240 392 ταλαίνῃ
1263 356 1334 390 μη-

320 391 374 438 τρί
391 394 443 425 El.
465 390 544 425 273.
576 391 668 429 ὅπως
693 390 750 431 ξὺν
775 390 848 440 τῇδ’
875 389 1007 439 ἀδελφῇ
1034 391 1084 437 μὴ
1110 391 1333 436 κατοκνήσεις

321 438 438 474 θανεῖν
451 435 617 486 Αἴγισθον
635 436 716 471 956.
738 437 830 476 ὅπως
850 437 1004 484 ἐμαυτὴν
1019 437 1074 478 ξὺν
1092 437 1174 485 τῇδε
1192 436 1333 472 κλαύσω

320 484 572 532 κάποδύρωμαι
598 485 714 532 σποδῷ
733 483 832 519 1122.
876 487 1060 527 alloquitur
1090 486 1180 517 enim
1206 487 1333 518 Orestis

322 535 452 566 cineres
478 538 639 574 tanquam
662 534 767 565 vivos.
806 531 985 567 ἐκλέλοιπε
1009 535 1135 566 ταῦτα.
1153 558 1159 566 .
1177 530 1333 566 .θανόντι

321 579 380 614 σὺν
404 579 457 614 σοί
477 578 578 614 1150.
618 582 656 612 In
675 581 823 612 Phaedra
849 582 889 613 fr.
911 578 990 621 609,
1011 577 1045 611 2.
1087 580 1196 612 Grotii
1214 589 1331 612 emen-

320 628 409 660 datio
427 627 463 661 ἐν
487 625 615 674 γυναιξί
639 628 729 659 haud
744 628 843 669 paulo
862 628 977 659 melior
995 628 1130 668 vulgata
1148 628 1238 668 apud
1257 627 1332 660 Sto-

319 676 440 707 baeum
465 676 631 716 scriptura
657 673 715 707 σὺν
740 673 885 732 γυναικί,
914 675 995 706 ferri
1012 678 1124 706 tamen
1150 671 1208 706 σύν
1226 675 1333 715 possit

321 723 349 754 si
367 723 548 762 corrigatur
578 719 773 767 γυναιξιι
799 721 838 755 τὸ
863 719 926 767 γὰρ
943 719 1090 768 γυναιξὶν
1115 719 1255 768 αἰσχρὸν
1273 719 1332 754 σὺν

320 767 448 815 γυναιξὶ
465 767 518 803 δεῖ
534 770 673 815 στέγειν.
693 787 737 792 —-
755 769 827 801 Illis
852 770 1018 810 exemplis
1042 773 1204 810 tanquam
1230 769 1332 800 affine

320 817 403 848 adde
428 814 445 849 ὁ
471 815 529 849 σὺν
555 813 682 864 γυναιξὶ
704 813 765 852 τὰς
792 815 906 863 μάχας
933 813 1137 860 ποιούμενος
1172 816 1226 847 El.
1247 813 1328 847 302.

319 864 349 896 i.
373 873 406 904 q.
442 861 548 909 πρόςτ
575 865 763 904 cogitantur
787 869 900 895 autem
930 864 1027 904 quasi
1058 864 1094 894 in
1122 872 1229 894 unum
1256 873 1334 894 con-

319 911 430 942 iuncti
453 915 656 952 pugnantes.
693 910 856 942 Addenda
879 911 961 942 item
984 911 1126 941 formula
1151 908 1223 942 σὺν
1242 907 1328 954 θεῷ

321 957 379 988 deo
397 959 550 990 iuvante:
578 955 704 1003 βούλου
738 960 875 1004 κρατεῖν
912 955 984 1002 μέν,
1023 955 1081 990 σὺν
1115 954 1188 1000 θεῷ
1219 951 1247 988 δ’
1282 955 1333 990 αεὶ

319 1006 458 1049 κρατεῖν
483 1005 538 1038 Ai.
560 1002 641 1038 765.
682 1002 759 1050 τάχ’
785 1003 823 1038 ἂν
848 1001 1018 1049 γενοίμεθ’
1044 1001 1147 1037 αὐτοῦ
1178 1001 1237 1036 σὺν
1262 1001 1333 1050 θεῷ

321 1050 484 1099 σωτήριοι
509 1049 590 1086 779.
624 1049 648 1096 ἢ
675 1049 718 1098 γὰ
763 1051 919 1099 εὐτυχεῖς
946 1049 1004 1084 σὺν
1028 1051 1076 1097 τῷ
1105 1048 1176 1096 θεῷ
1229 1048 1332 1084 ανού-

321 1096 412 1144 μεθα
444 1099 501 1131 OR
519 1096 597 1132 146.
626 1097 681 1139 ξὺν
715 1063 786 1146 θεῷ
816 1090 923 1132 εἰπεῖν
957 1099 1083 1130 Palam.
1114 1100 1155 1131 fr.
1184 1095 1203 1130 3
1230 1095 1264 1138 Ο,
1297 1095 1328 1133 1.

321 1146 410 1178 Hinc
427 1146 637 1187 aliquantum
653 1146 821 1187 discrepat
853 1143 909 1184 ξὺν
942 1145 992 1191 τῷ
1026 1143 1099 1190 θεῷ
1123 1143 1191 1187 [ξύν
1217 1157 1269 1178 τοι
1294 1142 1326 1178 θ.

321 1193 424 1225 Dind.
438 1202 466 1226 c.
478 1192 707 1239 Schneidero]
721 1195 787 1231 πᾶς
803 1192 863 1227 καὶ
876 1190 959 1239 γελᾷ
974 1191 1166 1238 κώδύρεται
1178 1194 1232 1224 Ai.
1249 1189 1327 1224 383.
1341 1195 1347 1199 “

321 1249 398 1272 cum
421 1245 556 1282 propter
579 1242 748 1273 oraculum
766 1242 927 1281 additum,
965 1244 1038 1271 tum
1065 1241 1144 1281 quia
1168 1241 1333 1279 significat

317 1290 418 1328 prout
435 1287 493 1319 deo
509 1289 617 1320 visum
628 1291 684 1320 est.
1055 1285 1105 1331 (ΙΙ
1122 1297 1155 1328 p.
1177 1284 1256 1327 762,
1279 1284 1332 1330 5.)

390 1332 424 1367 2.
453 1335 537 1367 Raro
554 1335 595 1367 de
611 1336 704 1367 ¹rebus
721 1335 844 1367 dicitur
866 1337 942 1375 pari
959 1335 1120 1375 diynitate
1145 1335 1330 1374 compositis

320 1383 549 1415 commixtisve.
578 1381 703 1415 πεδίων
722 1380 925 1415 ἐπινίσσεται
949 1380 1112 1428 ἀκηράτῳ
1140 1379 1199 1414 σὺν
1218 1379 1338 1426 ὀμβρῷ

320 1427 356 1473 (ὁ
380 1424 555 1476 Κηφισός)
580 1429 634 1462 OC
652 1426 720 1462 690
738 1430 790 1463 ch.
819 1439 1012 1471 quanquam
1036 1430 1134 1460 video
1158 1438 1226 1460 non
1251 1438 1331 1460 con-

322 1477 419 1508 tinuo
437 1485 555 1518 aquam
571 1477 731 1509 imbrium
752 1487 820 1508 una
837 1487 913 1508 cum
933 1476 1095 1518 Cephisso
1120 1477 1221 1508 fluvio
1238 1485 1331 1516 agros

320 1519 580 1564 fecundantem,
617 1524 675 1556 sed
708 1525 808 1556 etiam
832 1525 941 1565 ipsius
967 1523 1121 1565 Cephissi
1146 1533 1248 1565 aquas
1275 1524 1330 1554 in-

322 1570 432 1611 telligi
462 1572 583 1611 licere;
614 1572 661 1603 sic
686 1568 742 1610 ξύν
767 1572 974 1605 abundaret.
1011 1568 1124 1608 διδοὺς
1142 1568 1221 1615 ἐμοὶ
1237 1567 1331 1608 λέξαι

321 1619 348 1650 τ’
371 1615 516 1651 ἀκοῦσαι
546 1612 575 1651 τ’
600 1616 750 1665 ἀσφαλεῖ
774 1616 833 1651 σὺν
853 1615 959 1664 ἐξόδῳ
978 1618 1032 1650 OC
1054 1614 1155 1650 1288.
1183 1620 1331 1664 χειμῶνι

322 1663 382 1698 σὺν
406 1662 593 1711 παλινσκίῳ
620 1666 734 1698 Inach.
754 1667 796 1698 fr.
817 1662 898 1698 272.
935 1666 1039 1697 Paulo
1056 1666 1153 1697 aliter
1177 1666 1230 1697 his
1248 1665 1332 1696 dici-

320 1715 376 1744 tur
393 1710 550 1758 *βροτῶν
569 1710 628 1746 σὺν
645 1714 769 1750 κακοῖς
789 1710 1007 1758 μεμιγμένων
1024 1713 1077 1744 El.
1094 1709 1194 1744 1485.
1217 1709 1332 1755 [quem

318 1769 455 1791 versum
472 1760 548 1792 secl.
572 1760 692 1803 Dind.]
722 1758 851 1806 βροτῶν
878 1761 906 1791 si
931 1761 1080 1792 refertur
1102 1759 1143 1791 ad
1169 1756 1331 1805 θνήσκειν

318 1804 337 1839 ὁ
356 1803 512 1850 μέλλων,
542 1816 609 1838 non
634 1807 695 1839 hoc
712 1810 841 1849 spectat
858 1808 1064 1849 exemplum,
1091 1807 1149 1838 sed
1176 1816 1229 1838 res
1247 1807 1332 1838 forte

318 1853 473 1886 accidens
492 1855 739 1896 praepositione
764 1855 989 1895 significatur5
1012 1855 1202 1894 elegantius
1219 1857 1332 1885 autem

321 1898 365 1934 τὰ
383 1898 488 1946 βροτοί
503 1901 527 1933 i.
549 1911 579 1933 e.
605 1899 648 1935 τὰ
664 1898 801 1947 θνητῶν
819 1902 885 1933 dici
902 1902 1102 1944 putaverim.

389 1946 424 1980 3.
452 1949 566 1989 Longe
593 1950 793 1981 creberrime
820 1949 942 1981 dicitur
968 1949 1009 1980 de
1031 1948 1084 1980 his
1106 1957 1192 1989 quae
1218 1946 1331 1979 nobis-

319 2005 394 2027 cum
418 1994 579 2036 habemus,
610 1997 663 2027 vel
688 1997 724 2028 in
745 1996 839 2028 nobis
863 1998 965 2027 inesse
982 1997 1150 2036 sentimus,
1179 1995 1233 2027 vel
1251 2003 1333 2036 quae

320 2043 356 2073 i‘n
380 2051 440 2075 nos
474 2042 613 2083 fortuito
637 2043 780 2084 cadunt,
814 2043 962 2084 denique
986 2043 1026 2074 de
1052 2042 1253 2074 adiumentis
1277 2042 1332 2072 vel

316 2089 482 2129 praesidio
500 2090 661 2122 adhibito.
690 2090 705 2133 ΙΙ
722 2090 774 2122 De
791 2091 884 2122 rebus
901 2099 1016 2131 corpus
1035 2089 1256 2130 tanyentibus,
1275 2097 1333 2120 ve-
1348 2078 1351 2112 Ῑ

320 2136 372 2168 lut
387 2140 484 2178 veste,
511 2139 622 2178 armis,
650 2138 705 2169 vel
726 2139 771 2168 eis
796 2147 878 2178 quae
895 2141 1066 2176 qestantur
1082 2137 1244 2169 manibus
1275 2133 1332 2169 α’ί-

319 2181 414 2229 γλας,
442 2181 499 2223 ξὺν
527 2181 582 2222 αἷς
597 2181 696 2219 Λύκι’
719 2181 801 2230 ὄρεα
818 2177 952 2230 διᾲσσει
975 2185 1032 2216 OR
1049 2181 1118 2216 207
1136 2185 1188 2216 ch.
1224 2180 1280 2221 ξύν
1299 2177 1332 2216 θ’

321 2229 447 2264 ἱπποκό
478 2241 528 2268 οις
544 2229 746 2277 κορύθεσσιν
764 2233 846 2264 Ant.
866 2228 932 2263 116
946 2241 1000 2264 an.
1022 2229 1133 2264 ἀεικεῖ
1150 2229 1208 2264 σὺν
1227 2227 1338 2274 στολᾷ

319 2277 374 2311 El.
397 2275 439 2310 19
480 2289 525 2311 m.
552 2276 717 2324 πηδῶντα
739 2277 840 2312 πεδία
863 2277 923 2312 σὺν
943 2289 1022 2324 νεορ
1045 2277 1136 2324 άντῳ
1159 2275 1245 2324 ξίφει
1271 2277 1326 2309 Ai.

321 2321 378 2358 30.
413 2322 472 2358 σὺν
499 2322 596 2359 σάκει
623 2323 661 2359 δὲ
683 2323 942 2372 κωδωνοκρότῳ
975 2289 1160 2359 παλαισταί
1191 2327 1257 2357 ino.
1285 2325 1327 2356 fr.

321 2368 400 2404 738.
436 2372 499 2404 His
516 2374 667 2414 proxime
692 2374 794 2406 affine
813 2377 863 2405 est
887 2375 952 2419 γῆς
974 2370 1030 2412 ξὺν
1056 2370 1214 2418 ἀνδράσιν
1232 2369 1329 2405 ’κάλ-

321 2416 393 2452 λιον
410 2416 434 2463 ἢ
451 2422 554 2465 κενῆς
570 2422 708 2467 κρατεῖν
725 2420 784 2452 OR
797 2418 853 2452 55.
883 2421 1054 2461 Cogitatur
1072 2421 1163 2451 enim
1181 2421 1283 2451 inesse
1300 2428 1326 2450 s.

322 2465 433 2497 adesse
449 2467 593 2508 populus
609 2468 647 2499 in
663 2470 751 2499 terra
776 2471 811 2499 et
827 2469 910 2499 urbe
927 2471 1086 2509 tanquam
1103 2468 1330 2508 complemen-

323 2515 396 2544 tum
421 2515 658 2548 necessarium.
680 2532 721 2538 —
748 2513 763 2557 11
788 2515 841 2546 De
858 2517 981 2555 animo,
1009 2515 1117 2555 dictis,
1137 2514 1249 2554 factis.
1280 2511 1328 2558 μὴ

321 2557 380 2592 σὺν
400 2557 519 2606 φθόνῳ
541 2571 577 2594 τε
606 2560 664 2595 καὶ
687 2559 922 2608 πολυγλώσσῳ
948 2559 1013 2608 βοῇ
1035 2559 1156 2606 σπείρῃ
1184 2559 1329 2606 ματαίαν

323 2603 416 2651 βάξιν
433 2607 485 2640 El.
507 2604 588 2641 641.
617 2606 676 2641 σὺν
702 2607 821 2654 φθόνῳ
847 2612 898 2641 est
923 2606 1101 2655 φθονερῶς
1120 2619 1146 2640 s.
1169 2605 1224 2641 διὰ
1241 2605 1328 2654 φθό-

320 2664 400 2694 νον,
437 2654 570 2686 dativus
603 2659 717 2687 autem
743 2657 827 2688 alter
860 2657 1141 2688 instrumentalis
1182 2653 1329 2689 ἄναυδον

322 2698 403 2733 οὐδὲ
419 2699 478 2734 σὺν
496 2699 560 2747 βοᾷ
574 2699 728 2736 κλύουσα
746 2699 835 2735 1283
847 2713 891 2736 m.
919 2701 1026 2751 ταύτῃ
1054 2701 1112 2735 σὺν
1132 2701 1217 2750 ὀργῇ
1238 2699 1331 2747 κάμὲ

322 2744 502 2781 συνθανεῖν
520 2748 575 2780 Tr.
595 2746 676 2782 720.
709 2750 778 2792 [LA
795 2748 911 2796 ὁρμῆι,
932 2761 951 2796 γ
974 2761 992 2782 a
1009 2759 1054 2781 m.
1074 2760 1124 2791 pr.
1146 2750 1331 2791 superscri-

323 2794 405 2837 pto.]
433 2795 462 2826 si
486 2792 579 2842 ὁρμῇ
601 2806 679 2828 vera
695 2797 860 2838 scriptura
875 2801 986 2837 esset,
1014 2794 1070 2835 ξύν
1095 2798 1187 2829 casui
1204 2799 1331 2828 instru—

322 2840 462 2873 men'tali
492 2842 644 2874 additum
667 2844 861 2876 abundaret.
905 2841 1123 2883 ἀνεστέναζες
1155 2842 1231 2888 ὠμό
1263 2854 1329 2888 ρων

324 2884 487 2934 ἐχθοδόπ’
522 2883 707 2935 Ἀτρείδαις
739 2888 845 2935 οὐλίῳ
878 2888 937 2923 σὺν
971 2888 1076 2925 πάθει
1108 2891 1164 2924 Ai.
1192 2887 1236 2923 93
1274 2891 1326 2923 ch.

322 2934 395 2967 Non
412 2938 496 2976 puto
519 2938 610 2968 enim
627 2934 738 2975 πάθος
758 2938 862 2978 mala,
888 2947 973 2979 quae
990 2947 1111 2979 passus
1130 2939 1185 2979 sit,
1215 2947 1243 2972 s.
1263 2941 1332 2969 sta-

323 2984 394 3013 tum
416 2991 543 3023 rerum,
570 2991 636 3024 quo
659 2986 787 3026 utatur,
816 2985 874 3017 sed
887 2994 1068 3017 maerorem
1084 2986 1188 3017 animi
1201 2985 1332 3025 signifi-

323 3030 409 3060 care.
451 3031 599 3074 κομπεῖν
631 3025 656 3062 δ’
689 3025 755 3064 ἔστ’
783 3029 889 3076 ἀτελῆ
918 3029 978 3064 σὺν
1007 3029 1164 3077 ψεύδεσιν
1189 3030 1329 3079 αἰσχρὸν

323 3072 451 3113 ὄνειδος
467 3075 528 3110 Ph.
549 3073 619 3109 842
634 3086 679 3110 m.
699 3079 722 3110 i.
743 3087 774 3112 e.
801 3075 1023 3124 ψευδόμενον.
1052 3075 1083 3111 εί
1114 3079 1175 3111 τιν’
1203 3075 1243 3112 ἂν
1270 3079 1330 3113 δο-

322 3123 397 3160 κεῖς
415 3120 532 3168 ἄρχειν
549 3121 687 3157 ἑλέσθαι
715 3122 771 3165 ξὺν
789 3123 925 3170 φόβοισι
942 3125 1000 3157 ΟΗ
1016 3122 1097 3159 585.
1126 3123 1230 3163 ἱκέτις
1246 3124 1332 3173 ἀφῖ-

347 3180 408 3214 μαι
427 3169 542 3204 τοῖσδε
566 3168 626 3203 σὺν
649 3170 878 3218 κατεύγμασιν
907 3169 1008 3214 [κατοί
1030 3182 1153 3218 γμασιν
1171 3174 1276 3207 Dind.
1297 3183 1326 3206 c.

323 3180 467 3260 anmi]
484 3213 564 3251 920.
591 3215 679 3262 ποίῳ
704 3216 762 3251 σὺν
782 3217 870 3265 ἔργῳ
892 3214 978 3252 τοῦτ’
1006 3182 1196 3264 ἀπειλήσας
1213 3218 1326 3267 ἕχεις;

323 3262 379 3295 OG
396 3260 475 3296 817.
505 3273 571 3296 non
594 3262 683 3311 ποίῳ
710 3262 799 3312 ἔργῳ
823 3266 1075 3297 instrumentali
1100 3276 1176 3299 casu
1190 3293 1197 3307 ,
1225 3268 1281 3299 sed
1298 3263 1330 3300 τί

323 3307 469 3355 ποιήσας
493 3308 644 3348 ἀπειλεῖς
670 3310 737 3354 ἔτι;
788 3310 846 3345 σὺν
864 3309 963 3358 πόθῳ
981 3310 1044 3359 γὰρ
1061 3310 1085 3356 ἡ
1103 3311 1205 3359 χάρις
1223 3311 1325 3347 1106.

323 3357 348 3390 i.
369 3367 399 3398 q.
420 3353 633 3402 ποθουμένη.
671 3357 707 3396 ὃς
731 3356 808 3392 τότε
832 3369 931 3403 μαινο
962 3357 1022 3405 ένᾳ
1044 3357 1101 3399 ξὺν
1126 3357 1216 3406 ὁρμᾷ
1233 3358 1327 3425 βακ-

323 3401 437 3449 χεύων
455 3402 591 3437 ἐπέπνει
609 3403 724 3451 ῥιπαῖς
742 3402 907 3451 ἐχθίστων
926 3371 1063 3450 ἀθέμων
1082 3407 1162 3438 Ant.
1186 3404 1253 3440 130
1270 3408 1323 3439 ch.

1285 133 1376 182 Σύν

2046 142 2096 190 [11
2110 151 2144 188 p.
2166 142 2288 178 'roi-»¹-

1372 251 1461 292 quod
1478 252 1580 283 etiam
1597 251 1847 283 instrumentali
1865 261 1944 284 casu
1961 252 2210 294 aequiparetur.
2229 249 2288 284 πλτ

1370 309 1424 335 τες
1443 295 1616 344 αὐτόχειρι
1635 296 1692 330 σὺν
1713 296 1878 343 μιάσματι
1898 295 1975 330 172.
1994 299 2017 331 i.
2039 309 2070 340 q.
2102 296 2288 343 μιανθέντει

1370 343 1541 392 τοχειρίᾳ;
1585 345 1673 385 quod
1702 346 1809 386 siquis
1838 349 1971 377 eventus
1999 355 2026 378 s.
2058 346 2164 388 effecti
2186 346 2288 386 signif

1370 393 1513 433 dixerit,
1550 401 1617 423 non
1645 393 1815 432 prohibeo.
1846 411 1888 416 —-
1911 396 1927 431 ΙΙ
1952 393 2003 424 De
2027 402 2138 424 rerum
2153 395 2252 424 stata.
2281 390 2288 427 ί

1370 438 1495 485 (νόσῳ)
1515 433 1548 484 μ’
1568 437 1694 472 ἐκεῖνοι
1712 437 1900 484 προθέντες
1918 437 2042 474 ἐνθάδε
2062 431 2195 498 ᾤχοντο
2213 439 2273 471 Ph.

1371 487 1506 518 morbus
1532 487 1628 527 quasi
1654 496 1758 518 comes
1783 488 1959 527 cogitatur.
2006 486 2058 519 Of.
2081 484 2160 520 ουδὲ
2184 485 2245 519 ’σὺν
2269 497 2286 518 ν

1370 531 1523 579 ἀλγεινὸς
1550 531 1755 578 ἐξεπέμπετο
1781 533 1836 565 OG
1857 530 1965 574 1664,
1993 534 2080 575 quod
2105 535 2135 566 si
2158 534 2288 575 interpr

1371 579 1450 613 οὐδὲ
1467 579 1555 625 νόσῳ
1575 578 1766 626 ἀλγυνθείς,
1788 590 1855 612 non
1872 581 2063 621 intercedo,
2098 581 2157 613 sed
2173 580 2265 612 haud
2281 590 2288 621 1

1370 629 1418 659 sic
1434 629 1516 659 licet
1533 624 1614 660 οὐδὲ
1631 626 1689 660 σὺν
1706 626 1798 673 νόσῳ
1825 628 1951 665 (morbo
1967 631 2136 666 vexatum)
2161 626 2248 660 ὥστε
2273 626 2288 660 ά

1369 671 1499 708 νεσθαι.
1529 671 1581 707 ὅτι
1607 673 1653 713 ζῶ
1681 672 1739 707 σὺν
1757 676 1881 712 κακοῖς
1907 672 2051 712 πολλοῖς
2067 672 2173 712 τάλας
2189 675 2252 707 Ph.
2274 671 2288 706 1

1370 720 1519 767 φανέντα
1545 720 1603 754 σὺν
1630 719 1748 766 κράτει
1771 733 1849 767 νικη
1880 720 1950 767 όρῳ
1968 722 2024 754 Tr.
2048 718 2126 754 186.
2154 723 2288 753 victore-r,

1371 767 1407 802 δὲ
1433 767 1491 801 σὺν
1509 767 1600 814 γήρᾳ
1618 766 1733 813 βαρεῖς
1758 769 1816 801 ΟΒ.
1835 732 1890 801 17.
1912 778 1977 800 non
1996 770 2183 801 necessario
2199 767 2288 815 γήρα

1377 815 1560 859 »υνόμενομ
1583 816 1641 847 sed
1658 813 1774 877 γήρως
1792 814 1988 861 προσόντος.
2027 816 2082 849 Sic
2098 816 2229 857 explico
2253 803 2288 855 ξύ

1370 826 1493 908 δικαίῳ
1512 861 1575 909 γὰρ
1595 861 1666 908 μέγ’
1685 862 1810 901 ἕςεστιν
1830 864 1968 909 φρονεῖν
1986 864 2042 896 Ai.
2057 860 2158 895 1125.
2181 865 2251 895 iure
2267 873 2288 895 ‘a

1369 909 1424 950 ξὺν
1449 909 1500 956 τῷ
1525 907 1645 954 δικαίῳ
1670 909 1728 943 τὸν
1755 908 1811 943 σὸν
1845 909 1884 943 οὐ
1909 907 2026 956 ταρβῶ
2052 907 2159 955 φόβον
2191 910 2253 943 Ph.
2276 907 2288 942 1

1373 976 1475 991 —.—
1501 960 1517 996 ΙΙ
1543 958 1631 989 Hinc
1653 958 1841 998 propendet
1865 961 2002 989 eventus
2019 957 2231 997 significatio,
2251 958 2286 989 fa

1369 1007 1465 1047 quasi
1483 1005 1683 1036 comitantis.
1713 1002 1769 1042 ξὺν
1785 1002 1875 1052 τύχῃ
1895 1002 1932 1037 δὲ
1949 1002 2121 1049 πρόσφερε
2138 1004 2201 1036 Ph.
2221 1002 2288 1036 775

1368 1062 1411 1084 no
1429 1054 1549 1084 omine.
1578 1045 1631 1085 ὅθ’
1655 1049 1748 1085 εἵλου
1774 1049 1832 1084 σὺν
1855 1052 1979 1088 κακοῖς
1995 1050 2156 1097 πράσσειν
2179 1049 2272 1084 κακά

1370 1096 1450 1132 565.
1486 1097 1587 1143 κακῷ
1615 1102 1649 1130 et
1680 1098 1772 1144 κακῆ
1808 1099 1922 1130 Herm.
1951 1099 2163 1138 intelligebat
2187 1098 2229 1130 de
2255 1108 2288 1130 ev

1369 1148 1448 1178 facti
1462 1150 1497 1178 et
1511 1146 1552 1177 de
1566 1147 1729 1178 consortio
1742 1132 1818 1177 c¹um
1832 1146 2019 1188 Antigona3
2041 1155 2101 1185 ego
2110 1155 2189 1178 vero
2203 1155 2287 1188 sequ

1368 1203 1486 1226 versus
1503 1194 1707 1225 sententiam
1722 1194 1863 1225 minime
1880 1193 1916 1224 id
1928 1193 2176 1234 interpretandi
2193 1202 2288 1233 genu:

1367 1242 1457 1280 igere
1476 1241 1627 1272 arbitror.
1658 1239 1750 1273 δοκῶ
1774 1238 1836 1284 μὲν
1863 1237 1961 1273 οὐδὲν
1988 1238 2084 1284 ῥῆμα
2101 1237 2160 1273 σὺν
2183 1238 2286 1285 κέρδε

1367 1286 1427 1321 κόν
1445 1289 1499 1320 El.
1521 1285 1577 1320 61.
1616 1285 1674 1320 σὺν
1691 1287 1793 1332 κακῷ
1819 1285 1912 1331 μέτει
1928 1284 2030 1320 πάλιν
2047 1283 2129 1319 430.

1438 1333 1471 1367 4.
1508 1335 1663 1366 Proxime
1689 1335 1770 1366 hinc
1790 1335 1950 1375 loquendi
1983 1334 2148 1374 formulae
2176 1333 2288 1366 adver!

1369 1384 1505 1416 absunt.
1540 1380 1598 1415 σὺν
1623 1379 1712 1428 τύχῃ
1745 1382 1806 1414 Ph.
1835 1379 1915 1414 775.
1943 1382 2132 1413 attulimus.
2170 1378 2283 1426 ἕρπεις

1369 1428 1427 1463 σὺν
1454 1427 1588 1475 σπουδῇ
1611 1428 1719 1476 ταχύς
1744 1429 1806 1461 Ph.
1831 1426 1932 1462 1223.
1949 1430 1975 1461 i.
1995 1438 2026 1461 e.
2046 1426 2182 1474 ταχέως
2208 1425 2288 1462 eneti

1369 1475 1427 1510 σὺν
1453 1475 1552 1524 τάχει
1579 1473 1699 1521 μολεῖν
1726 1477 1780 1508 El.
1801 1473 1882 1508 872.
1908 1477 1931 1509 i.
1952 1486 1984 1517 q.
2013 1475 2159 1522 ταχέως.
2189 1481 2288 1523 χωρσ

1368 1522 1449 1558 εἵσω
1467 1534 1497 1557 σ.
1520 1534 1552 1556 τ.
1580 1524 1633 1555 El.
1658 1520 1758 1555 1491.
1796 1521 1919 1569 μόλετε
1937 1533 1966 1556 σ.
1985 1533 2017 1556 τ.
2045 1523 2100 1555 OC
2117 1519 2198 1556 885.
2226 1520 2279 1555 ’ίτε

1368 1568 1449 1603 904.
1477 1568 1622 1616 ἀρκτέον
1639 1569 1677 1603 τὸ
1695 1572 1838 1616 πρᾶγμα
1856 1569 1914 1603 σὺν
1931 1568 2030 1618 τάχει
2045 1568 2110 1603 τινί
2125 1570 2182 1601 Αἱ.
2202 1567 2282 1602 853.

1368 1617 1406 1651 δὲ
1424 1617 1482 1651 σὺν
1500 1616 1594 1665 χαρᾷ
1610 1616 1734 1664 λόγους
1747 1613 1890 1651 τοιούσδ’
1910 1611 2025 1665 ἕχου“σ’
2042 1614 2204 1650 ἔσπευδον
2224 1617 2288 1648 El.-

1369 1667 1391 1698 i.
1414 1676 1446 1707 q.
1473 1664 1643 1713 χαίρουσα
1661 1662 1837 1705 ἔσπευδον,
1865 1665 1900 1697 id
1917 1665 2006 1706 quod
2023 1665 2124 1696 etiam
2140 1665 2182 1696 ad
2198 1666 2288 1697 anim

1369 1713 1473 1744 bitum
1490 1714 1625 1753 referas,
1647 1717 1686 1745 ut
1701 1715 1765 1758 τῆς
1784 1709 1960 1756 ἀπλήστου
1985 1709 2090 1757 τῆσδε
2108 1709 2167 1744 σὺν
2183 1709 2288 1759 χαρᾷ]

1372 1757 1472 1793 1336.
1502 1758 1560 1793 σὺν
1590 1757 1667 1807 δίκῃ
1696 1757 1806 1805 λέγειν
1835 1760 1887 1791 El.
1910 1756 2011 1791 1041.
2041 1756 2115 1796 *ὡς
2139 1755 2288 1804 λέγουσι·

1370 1808 1450 1839 Ant.
1471 1803 1528 1838 23.
1554 1806 1645 1848 [secl.
1667 1806 1787 1848 Dind.]
1816 1804 1872 1846 ξὺν
1891 1804 1969 1854 δίκῃ
1986 1804 2200 1852 χειρουμένω
2218 1805 2274 1837 Tr.

1370 1851 1503 1892 ἔδωκας
1527 1852 1613 1899 ἡμῖν
1640 1851 1731 1887 ἀλλὰ
1755 1851 1814 1886 σὺν
1838 1851 1954 1900 χρόνῳ
1979 1851 2090 1900 χαράν
2125 1853 2180 1885 Tr.
2199 1849 2280 1886 201.

1367 1903 1482 1947 χρόνῳ
1502 1899 1623 1947 βραδεῖ
1668 1899 1756 1934 ολών
1775 1897 1854 1932 395.
1900 1898 2039 1947 ἔμφρων
2065 1898 2122 1940 ξὺν
2148 1898 2288 1947 χρόνῳ,ι

1372 1948 1501 1983 ίσταται
1532 1949 1588 1981 Ai.
1615 1913 1695 1981 356.
1747 1944 1927 1984 ἐπιστολὰς
1951 1945 2054 1994 πατρὶ
2078 1950 2180 1993 ταχεῖ
2206 1945 2288 1994 ιτιτόρὲἶ

1370 1994 1427 2029 σὺν
1445 1994 1561 2042 χρόνῳ
1580 1994 1634 2027 OC
1656 1992 1756 2027 1602.
1792 1992 1887 2039 βαιὸν
1913 1993 1994 2028 οὐδὲ
2020 1992 2079 2027 σὺν
2130 1993 2218 2040 ρόνιρ
2243 1992 2288 2040 ὁρ·

1369 2042 1469 2077 αὐτὸν
1494 2046 1558 2089 γῆν
1580 2053 1617 2075 τε
1642 2043 1899 2088 προσκυνοῦντα
1915 2039 1974 2075 καὶ
1994 2040 2053 2075 τὸν
2071 2034 2087 2048 ''
2141 2052 2253 2088 υμπον
2271 2034 2288 2076 Ὶ

1366 2110 1413 2115 —-
1429 2091 1493 2122 His
1522 2091 1603 2122 adde
1629 2090 1866 2122 adverbialiter
1894 2089 2046 2130 quidem,
2074 2090 2133 2121 sed
2157 2089 2257 2131 plane
2279 2091 2288 2121 i

1368 2139 1497 2170 dictum
1514 2135 1570 2175 ξὺν
1588 2134 1640 2174 οἷς
1666 2135 1704 2170 σὺ
1725 2135 1774 2181 μὴ
1792 2134 1944 2169 κάλυπτε
1961 2134 2022 2173 τὰς
2038 2133 2242 2182 εὐδαίμονας
2264 2124 2288 2171 ’1

1365 2196 1425 2223 νας
1443 2185 1497 2217 OC
1515 2181 1597 2225 281,
1616 2185 1704 2226 quod
1722 2185 1749 2215 si
1768 2193 1834 2215 non
1852 2194 1880 2215 o.
1902 2184 2028 2223 Reisig.
2050 2183 2288 2225 interpreteris.

1366 2233 1454 2272 inde,
1484 2235 1678 2272 quapropter
1701 2229 1765 2275 [sc.
1786 2233 1823 2262 ut
1835 2240 1926 2262 nunc
1942 2233 2001 2271 est,
2029 2231 2070 2262 ab
2087 2234 2230 2263 eventus
2245 2228 2288 2271 si!

1367 2281 1499 2311 catione
1517 2279 1616 2311 ducta
1634 2276 1792 2320 formula]
1812 2278 1869 2309 sed
1887 2287 1962 2309 cum
1980 2278 2158 2310 scholiasta
2181 2274 2237 2316 ξὺν
2262 2272 2288 2313 ό]

1366 2324 1462 2363 θεοῖς
1476 2327 1614 2366 referas,
1647 2335 1767 2357 sensus
1785 2334 1853 2356 non
1870 2325 2037 2356 constabit
2053 2325 2254 2357 commodus.
2281 2320 2288 2344 ἦ

1367 2375 1459 2406 enim
1485 2376 1576 2405 esset
1601 2370 1657 2411 ξὺν
1681 2370 1798 2412 θεοῖς,
1827 2373 1894 2403 nisi
1911 2371 2048 2404 deorum
2069 2373 2154 2413 ope?
2185 2371 2227 2403 V.
2247 2368 2288 2404 Bi

1367 2430 1475 2453 enarr.
1508 2431 1542 2462 p.
1563 2417 1620 2452 64.
1654 2417 1774 2464 [Dind.
1802 2419 1936 2459 gravius
1967 2420 2144 2451 immutato
2172 2419 2243 2451 loco
2266 2413 2288 2457 Ε

1368 2469 1474 2501 dedit.

1436 2465 1534 2548 5.]Si
1553 2515 1685 2556 quando
1702 2514 1742 2546 ab
1760 2515 2004 2546 instmmentali
2028 2514 2141 2546 dativo
2166 2513 2224 2545 vix
2242 2508 2288 2545 ‹1ss

1366 2563 1510 2602 videtur,
1533 2562 1677 2593 interest
1692 2565 1805 2593 tamen
1822 2562 2022 2603 plerumque
2039 2561 2137 2601 illud,
2158 2562 2196 2592 ut
2212 2556 2288 2593 <soit

1366 2610 1451 2650 forte
1469 2610 1609 2641 allatam
1633 2610 1704 2640 sive
1722 2608 1903 2640 adhibitam
1927 2609 1970 2640 ad
1987 2610 2128 2650 aliquem
2150 2616 2248 2639 usum
2263 2600 2288 2641 'd

1366 2658 1452 2689 fleat.
1482 2654 1560 2700 πρὶν
1584 2653 1627 2688 τὰ
1652 2652 1818 2702 Πέργαμα
1841 2653 1898 2694 ξὺν
1922 2653 2038 2689 τοῖσδε
2054 2653 2163 2695 τόξοις
2183 2678 2190 2686 .
2205 2678 2212 2686 .
2226 2648 2288 2689 ,πί

1366 2703 1554 2750 φη
1569 2700 1678 2782 ὲῧέῗὰ
1692 2694 2288 2795 ¹²2222{13”2320333⁶‡s;53225¹52

1368 2795 1447 2830 123.
1484 2761 1617 2843 δρῶντῃα
1647 2761 1696 2842 γάς
1737 2770 1787 2830 νιν
1820 2801 1936 2835 κακῶς
1961 2795 2092 2843 εἴληφα
2114 2793 2202 2840 τούμ
2222 2757 2288 2828 νρΕ

1368 2844 1426 2878 σὺν
1443 2843 1550 2892 τέχνη
1567 2844 1664 2890 κακῇ
1703 2841 1760 2878 43.
1781 2845 1804 2877 i.
1826 2854 1855 2876 e.
1876 2843 1935 2878 καὶ
1951 2846 2053 2877 τοῦτο
2069 2840 2152 2890 τέχν
2192 2847 2238 2876 κὀι
2284 2851 2288 2878 ζ

1368 2890 1470 2938 ἐναγ”
1526 2877 1597 2925 ίλον
1617 2885 1743 2937 μήποτ’
1760 2889 1795 2924 ἐν
1814 2889 1904 2936 αἰτίᾳ
1921 2889 1980 2924 σὺν
1999 2888 2124 2936 ἀφανεῖ
2137 2888 2159 2923 λ
2180 2900 2231 2936 γῳ
2257 2886 2288 2938 ζ

1368 2950 1431 2984 μον
1448 2902 1578 2983 Ίβαζλεῖν
1600 2936 1670 2970 657
1688 2939 1739 2970 ch.
1767 2936 1830 2983 ἥδε
1848 2937 1906 2971 σὺν
1931 2936 2028 2985 μάχῃ
2047 2936 2146 2983 δορὸς
2169 2931 2288 2981 τροπὴ

1364 2985 1569 3032 ταρρήγνυσι
1586 2986 1668 3017 Ant.
1689 2982 1758 3017 674
1778 2985 1838 3027 [sic
1854 2986 2058 3027 apographa:
2095 2980 2288 3061 0032de

1366 3033 1457 3065 unde
1475 3031 1661 3079 συμμάχου
1681 3030 1780 3077 δορὸς
1796 3033 1909 3064 Reisk.
1925 3044 1931 3063 :
1954 3033 1987 3063 id
2003 3031 2092 3073 quod
2108 3031 2234 3071 recepit

1366 3091 1398 3112 v.
1418 3079 1534 3111 Herm.
1562 3079 1638 3116 νέος
1664 3077 1732 3124 νέῳ
1757 3076 1813 3117 ξὺν
1841 3077 1938 3124 μόρῳ
1965 3075 2085 3115 ἔθανες
2113 3067 2288 3125 1266111511

1395 3124 1479 3172 όρωι
1496 3127 1566 3167 LA,
1586 3127 1676 3158 unde
1709 3123 1775 3171 ξὺμ
1809 3124 1904 3171 μόρω
1923 3127 2123 3166 scripturam
2155 3123 2279 3158 elicias-²

1366 3139 1548 3220 ξυμμάχηι
1572 3183 1631 3215 pro
1655 3170 1712 3212 ξὺν
1739 3171 1836 3219 μάχῃ
1862 3158 1961 3216 674]
1988 3169 2044 3210 ξὺν
2076 3167 2212 3218 ἀσφαδά

1364 3222 1466 3266 ταχεῖ
1480 3218 1659 3266 πηδήματι
1683 3218 1832 3266 πλευρὰν
1858 3216 2085 3264 διαρρήξαντα
2106 3215 2194 3256 τῶδε

1366 3268 1418 3300 Ai.
1440 3264 1519 3308 833,
1541 3268 1627 3309 quod
1644 3267 1686 3298 ad
1710 3266 1816 3308 effecti
1839 3267 1951 3298 trahas
1969 3265 2279 3310 significationem,'⁴

1364 3312 1476 3360 πηδᾶν
1501 3311 1581 3347 ἄνευ
1609 3312 1822 3359 σφαδασμοῦ.
1857 3310 1881 3358 ἢ
1907 3310 2037 3358 (ἡμᾶς)
2062 3310 2119 3345 σὺν
2138 3308 2227 3357 δόλῳ
2237 3307 2288 3343 ⁴&

1366 3371 1439 3394 σετε
1469 3358 1569 3392 1245.
2097 3357 2147 3401 (11
2163 3367 2198 3400 p.
2216 3349 2288 3396 7845

1435 3405 1468 3438 6.
1498 3409 1536 3439 ln
1555 3408 1608 3439 his
1625 3407 1832 3438 abundantia
1849 3408 2006 3438 sermonis
2023 3406 2115 3438 nulla
2133 3406 2233 3437 inest.
2264 3395 2288 3432 Ἰ
