2288 3600
77 138 127 201 F·
139 160 356 210 ται-712,]

75 308 78 310 Ὗ
124 284 170 303 ιι.
197 279 233 311 Ρ.
252 265 310 302 62.
351 271 394 303 In
418 270 472 302 Ai.
492 269 516 302 1.
537 279 566 302 c.
591 273 706 302 tamen
729 269 817 302 Flor.
838 265 865 304 Γ
885 267 1052 316 εὑράμην.

84 340 87 342 -
135 317 309 356 augmenti
334 321 449 349 manet
472 317 654 356 indicium,
675 317 743 349 nisi
759 317 849 358 quod
864 318 901 349 in
918 318 979 349 LA
995 327 1055 349 su-

65 358 84 390 ’-
118 365 282 405 scriptum
303 362 321 368 “
349 374 369 397 a
393 374 438 396 m.
459 373 510 406 pr.
538 365 618 396 Ant.
639 360 709 396 406
733 364 792 396 ubi
819 364 975 404 vulgatur
997 361 1056 398 εὑ-

64 414 68 450 ᾗ
92 412 97 440 ¹.
141 422 148 443 :
169 410 229 444 sed
241 404 305 457 ᾗρέ
370 411 454 452 legit
471 411 588 452 schol„
605 412 708 452 idque
721 415 922 453 receperunt
936 411 1051 444 Herm.

57 475 59 481 ι
114 457 239 490 chaef.
266 459 307 491 ad
324 458 422 498 Greg.
444 457 517 490 Cor.
546 467 580 499 Ρ.
601 455 688 502 533)
713 462 747 490 et
764 459 866 490 Dind.
903 458 979 490 Etsi
996 469 1056 491 au-

59 504 104 534 ἐιι
136 508 170 536 et
187 506 476 546 grammaticorum
501 506 693 538 testimonia
715 503 764 549 (v.
785 505 908 538 Herod.
935 506 1052 538 Herm.

88 548 170 586 314.
192 552 272 585 Lob.
295 553 336 585 ad
349 552 473 592 Phryn.
494 562 528 594 p.
552 548 628 594 140)
650 552 810 584 damnant
825 557 956 585 auctam
973 554 1055 585 scri-

107 608 177 631 ram
208 603 243 631 et
266 600 345 631 libri
367 600 538 641 plerisque
568 600 647 631 locis
681 600 908 640 refragantur,
941 604 1055 632 tamen

63 655 128 687 ae
145 647 325 687 probarent
349 655 464 679 omnes
489 647 672 679 Elmsleius
689 657 797 688 unus,
827 648 886 688 qui
902 651 1050 687 negaret,

48 691 50 694 ’
64 703 93 734 ,με
109 696 195 724 ·rtus
212 697 264 725 est
279 694 320 726 ad
336 694 468 726 Heracl.
482 690 550 726 305
566 695 672 735 praef.
691 693 749 726 ΟΒ.
765 704 798 735 Ρ.
812 694 892 726 XII.-
907 695 948 726 ad
962 694 1050 726 Med.

60 736 122 772 1.
157 740 252 772 Idem
275 742 423 772 sensisse
447 741 631 773 Porsonum
656 750 699 772 ex
726 741 798 773 eius
822 741 989 774 adnotatis
1013 741 1054 773 ad

52 787 163 830 gsch.
185 787 293 819 Prom.
313 784 382 820 463
399 787 450 820 ed.
472 788 593 819 Blomf.
610 788 756 828 colligas.
776 785 934 832 [Elmslei
952 790 1053 820 ratio-

136 843 172 866 se
189 843 265 867 esse
282 838 436 867 secutum
459 835 636 876 profitetur
653 835 757 867 Dind.
785 834 878 868 PSG.
900 836 952 868 ed.
975 832 995 868 5
1012 836 1053 868 ad

115 877 192 926 68.]
211 899 315 913 -.-
341 883 387 914 11.
420 881 516 914 Usus.
544 881 633 921 Quid
649 882 690 914 de
708 882 928 915 discernendo
944 883 1053 915 medio

49 917 68 936 '²'
89 929 205 961 activo
229 930 436 961 observarint
459 933 611 961 veterum
637 930 782 962 maxime
798 931 909 962 Amm.
937 940 970 971 p.
993 926 1050 971 61,

60 976 266 1008 ntiorum
291 976 423 1008 Dawes.
452 977 545 1008 misc.
577 985 622 1008 cr.
648 986 680 1018 p.
702 973 771 1008 210
804 977 913 1018 Lips.‚
942 973 1053 1018 neque

47 1023 112 1064 ,ῥῖν’
125 1022 217 1055 ιὼιιο
234 1027 387 1055 accurate
413 1023 571 1055 custodiri
588 1024 654 1055 iam
672 1024 826 1063 Heynius
850 1025 1049 1065 adverterat,

77 1092 80 1094 -
119 1079 140 1102 a
155 1070 288 1111 tragicis
305 1071 464 1102 inviolata
481 1071 645 1102 mansisse
663 1070 793 1104 Schaef.
814 1071 856 1102 ad
873 1071 926 1102 El.
947 1068 1048 1111 1061,

66 1155 69 1161 ,
88 1120 115 1149 Ι.
135 1117 217 1149 Lob.
238 1117 279 1149 ad
295 1117 419 1158 Phryn.
436 1118 458 1149 l.
473 1127 501 1150 c.
522 1117 536 1159 ΙΙ
554 1117 665 1150 Prima
680 1118 880 1158 significatio
897 1122 949 1150 est
965 1117 1052 1158 forte

55 1153 92 1189 ¹⁸..
144 1163 239 1196 ‘enda
275 1161 383 1210 εὑρὼν
407 1162 566 1202 ναπαίαις
594 1163 628 1197 ἐν
655 1160 876 1211 Κιθαιρῶνος
901 1167 1051 1212 πτυχαῖς

64 1215 86 1253 ,³³
123 1206 224 1243 1026.
260 1208 359 1249 ἁλίας
391 1209 586 1258 στραβήλου
616 1210 721 1258 τῆσδε
744 1211 883 1252 τέκνον,
919 1209 951 1245 εἴ
977 1223 1052 1246 τινα

48 1293 51 1296 ,
74 1301 78 1303 Δ
102 1254 218 1303 αίμεθ’
241 1255 351 1304 εὑρεῖν
376 1259 500 1291 Camic.
521 1260 561 1291 fr.
582 1255 663 1291 299.
685 1257 835 1305 σφηκιὰν
861 1257 1050 1306 βλίττουσιν

48 1306 93 1351 [γ’
104 1315 191 1342 ντες
210 1304 285 1340 τινά
302 1306 369 1338 inc.
389 1303 470 1339 850.
493 1324 534 1330 -
553 1306 567 1348 ΙΙ
584 1306 785 1339 'traducitur
802 1307 843 1338 ad
858 1306 1051 1338 observanda·

48 1388 50 1390 ,
97 1351 359 1393 deprehendendi
380 1354 467 1394 vim,
492 1354 647 1394 inprimis
663 1354 704 1385 de
722 1353 905 1386 hominibus
922 1354 1051 1396 aliquid

63 1396 96 1444 ζμ
106 1400 241 1432 entibus
259 1401 397 1432 dictum.
419 1398 500 1434 ὅταν
516 1398 596 1437 τοὺς
613 1397 714 1438 θεοὺς
731 1397 821 1446 εὕρω
837 1399 968 1434 κακούς
984 1401 1044 1433 Ph.

97 1465 118 1478 .
137 1440 264 1480 τοιαῦτ’
282 1444 423 1488 ὁνείδιζ’,
453 1442 578 1502 οἷςὶἔμ’
594 1444 748 1494 εὑρήσεις
767 1446 811 1491 μέ
833 1459 872 1481 αν
890 1448 948 1481 OR
964 1445 1045 1480 441.

65 1550 69 1553 «
87 1542 89 1545 ·
107 1495 196 1574 25⁹3
206 1491 476 1574 '⁶‘8553255533‘
493 1489 750 1574 ῗιεῖρῶκξμοί
767 1493 848 1575 ὃὸ.
863 1493 1050 1576 φῖῗῖᾗσῗέ

121 1597 221 1633 ταπρ
245 1585 324 1623 σθεν
335 1586 426 1622 ἄλλα
437 1585 470 1623 θ’
485 1586 632 1634 εὑρίσκω
645 1589 800 1623 κακάΕΙ.
814 1586 894 1622 937.
916 1587 1007 1635 ἐφθα
1031 1609 1050 1615 -

101 1641 142 1670 ας
155 1633 219 1681 γὰρ
237 1632 364 1681 ἀρτίως
379 1633 579 1681 εὑρίσκομεν
604 1634 698 1670 λείας
714 1638 768 1668 Ai.
789 1634 847 1669 25.
874 1635 913 1671 τό
959 1634 967 1648 ’

50 1685 54 1722 ζ
151 1680 267 1725 μόνοις
284 1680 363 1727 παρ’
378 1680 460 1728 ὑμῖν
477 1680 574 1729 εὖρον
592 1681 785 1730 ἀνθρώπων
802 1683 858 1717 OC
874 1681 940 1716 112
968 1710 974 1716 .
997 1686 1049 1717 Ab

73 1729 211 1770 ,ΡαιιΙο
235 1730 362 1762 distant
386 1730 486 1762 haec:
528 1723 556 1775 ᾧ
582 1724 706 1777 φθέγμ’
731 1728 772 1764 ἂν
798 1729 863 1764 οὐκ
887 1727 928 1765 ἂν
954 1729 1050 1778 εὗρες

209 1777 313 1809 Dind.
334 1787 362 1809 c.
382 1774 568 1821 Hartung.]
592 1778 648 1810 Ai.
672 1775 772 1810 1144.
802 1772 935 1824 εὑροῦσ’
967 1777 1047 1825 [τη-

100 1820 128 1856 σ’
144 1824 246 1856 Dind.
268 1834 295 1856 c.
317 1822 485 1869 Meinek.]
503 1821 636 1870 ἐκείνην
653 1822 788 1870 ἡμέραν
815 1825 868 1857 El.
883 1822 953 1858 278
973 1836 1048 1858 cum

199 1871 294 1909 illum
316 1881 430 1903 mrsus
443 1873 601 1912 pervenit.
625 1889 666 1895 —
684 1873 811 1904 Eodem
829 1874 924 1905 modo
938 1875 1047 1913 passi-

121 1917 257 1959 dioitur,
273 1922 312 1950 ut
329 1922 441 1950 tamen
452 1928 614 1960 persaepe
631 1915 776 1964 ὁρᾶσθαι
795 1918 955 1966 ἐναργῶς,
970 1931 1047 1952 ma-

156 1981 161 1990 ·
208 1965 279 2007 fieri
294 1966 509 2007 interpretari
524 1966 633 1998 liceat.
671 1964 739 2012 ὅτῳ
764 1965 869 2012 γάμοι
893 1964 1046 2006 ξυνόντες

63 2025 65 2031 ·
85 2030 87 2034 ν
164 2021 183 2044 σ
206 2022 224 2044 ν

184 2023 251 2100 223
280 2060 336 2091 Tr.
357 2057 438 2092 411.
458 2061 517 2093 νῦν
535 2057 562 2092 δ’
587 2058 628 2094 ἐκ
643 2058 798 2094 τοιούτου
816 2058 928 2107 θῆλυς
940 2059 1045 2120 εὕρη-

59 2106 103 2150 [²³
131 2102 232 2139 1075.
267 2104 318 2144 τίς
353 2103 394 2140 ἂν
428 2104 511 2153 δρᾶν
543 2105 692 2152 ἀμείνων
726 2105 854 2154 εὑρέθη
892 2107 936 2142 τὰ
966 2120 1046 2142 και-

98 2161 114 2195 ςμ
129 2153 183 2186 Ai.
203 2150 279 2186 120.
306 2155 365 2187 νῦν
391 2151 418 2186 δ’
442 2151 484 2187 αὖ
510 2152 623 2200 φίλοις
673 2154 734 2201 έγα
759 2151 886 2192 πένθος
903 2153 1045 2214 εὕρηται

100 2204 102 2206 ’
132 2199 310 2247 γεγένηται
343 2202 384 2233 ab
409 2201 431 2234 S
455 2202 491 2232 in
517 2199 593 2246 LA]
618 2167 686 2234 61²5
704 2203 755 2234 ch.
791 2199 893 2240 ἄνους
918 2202 1044 2249 ευρέθη

53 2256 58 2292 g
80 2245 115 2293 j'.
143 2244 297 2294 κλέπτης
319 2246 383 2294 γὰρ
408 2246 524 2285 αὐτοῖς
550 2247 746 2296 ψηφοποιὸς
767 2247 914 2295 εὑρέθης
940 2248 1039 2283 1135.

53 2294 412 2337 praestigiatoribus
435 2301 662 2336 exponentem
688 2298 825 2329 consule
844 2296 984 2330 Casaub.
1004 2299 1045 2330 ad

51 2329 158 2385 §.⁴⁴2⁰-
186 2351 220 2384 p.
247 2339 303 2374 46.
332 2339 375 2387 ἢν
399 2341 464 2401 γὰρ
487 2339 615 2390 εὑρεθῇ
643 2341 753 2390 λέγων
780 2342 833 2377 σοὶ
856 2342 964 2379 ταύτά
987 2346 1044 2378 OR

106 2389 184 2429 ,νῦν
196 2386 260 2435 γὰρ
277 2387 385 2426 κακός
400 2383 428 2422 τ’
440 2401 488 2423 ων
500 2388 570 2423 κάκ
584 2395 702 2424 κακῶν
720 2388 920 2437 εὑρίσκομαι
938 2389 1039 2424 1397.

52 2432 184 2479 Ε’Διιτ.
204 2432 272 2468 406
288 2436 356 2467 iam
372 2437 500 2468 dictum
511 2442 573 2469 est.
587 2455 633 2461 —
650 2437 664 2480 ss
682 2438 835 2479 Reperire
851 2448 927 2470 cum
944 2449 1043 2480 quae-

52 2474 86 2493 '⁶
100 2495 127 2525 ‘.'
149 2485 223 2515 tum
239 2485 443 2523 coyitatione.
472 2485 581 2516 Illud:
603 2482 692 2529 ὑμᾶς
710 2483 808 2529 μόλις
824 2483 970 2532 εὑροῦσα
987 2486 1041 2519 OC

91 2527 117 2569 ῃ.
141 2527 172 2562 εἰ
196 2529 246 2576 μὴ
269 2529 328 2563 τὸν
354 2529 538 2578 αὐτόχειρα
561 2528 716 2575 εὑρόντες
743 2530 923 2577 ἐκφανεῖτε
956 2534 1038 2565 Ant.

56 2594 114 2622 2⁵²1
141 2570 215 2610 ἀλλ’
239 2574 397 2624 εὑρεθείη
421 2578 484 2623 μὲν
511 2576 658 2623 μάλιστα
675 2575 754 2611 327.
782 2579 875 2611 Idem
890 2582 1040 2620 passive:

116 2617 187 2657 τόδ’
210 2621 434 2670 εὑρεθήσεται
458 2623 472 2658 ’ί
497 2636 555 2663 νος
580 2624 702 2659 ὃυστέκ
731 2637 831 2672 αρτον
857 2625 967 2665 αἰτίας
985 2628 1043 2660 OR

54 2670 65 2710 jz.
93 2689 99 2696 -»
142 2669 190 2709 ὡς
207 2668 225 2704 ὁ
241 2670 358 2717 καιρὸς
381 2635 549 2718 εὑρῆέθαι
571 2671 652 2706 τάδε
671 2671 686 2704 1
716 2671 772 2706 50.
801 2674 967 2715 Alterum,
989 2677 1043 2707 in-

99 2730 126 2744 »ιι
140 2731 145 2745 ;
166 2717 208 2750 de
223 2718 365 2750 remedio
382 2724 417 2751 et
433 2720 570 2762 artificio
585 2731 594 2750 :
621 2717 727 2754 πόθεν
746 2717 773 2753 δ’
790 2717 830 2753 ἂν
847 2717 958 2767 εὕροις
974 2726 1042 2756 τῶν

157 2763 196 2798 σὺ
219 2763 388 2811 πημάτων
412 2763 456 2813 ἄρ
484 2765 549 2808 Em
580 2767 634 2799 El.
657 2764 736 2799 875.
763 2766 874 2802 πάντα
898 2767 935 2802 δὲ
959 2779 1043 2802 σκο-

49 2809 71 2851 fl,
92 2818 114 2845 ,¹
133 2806 287 2858 εὕρισκον
314 2810 413 2846 οὐδὲν
444 2824 468 2846 π
517 2824 534 2846 ν
561 2810 722 2848 ἀνιᾶσθαι
743 2813 849 2861 παρόν
875 2815 936 2848 Ph.
957 2813 1038 2848 283.

50 2852 65 2898 ἶ,
87 2862 205 2896 κῶς
221 2856 257 2893 εὑ
281 2870 304 2905 η
335 2856 379 2893 ἐν’
397 2858 479 2906 ἔργα
525 2860 551 2893 C
570 2858 672 2894 1188.
691 2859 797 2895 πόθεν
814 2859 888 2895 πότ’
910 2860 1042 2896 ἄλυπον

49 2901 75 2946 ’Ᾰ
99 2910 112 2930 ῑ
134 2902 232 2951 εὗρον
257 2869 299 2940 ἓν
327 2917 364 2944 ος
387 2905 499 2949 ἀνίας;
535 2909 636 2940 Dion.
657 2909 697 2940 fr.
721 2905 799 2950 182,
827 2910 895 2940 nisi
918 2910 979 2942 hoc
1001 2911 1043 2942 de

59 2983 63 2990 ,
99 2980 106 2992 ,
151 2953 259 2986 oblato
287 2954 426 2986 invento
451 2955 578 2987 dictum
601 2959 663 2987 est.
708 2952 820 3001 ἀλκήν
843 2951 904 2989 τιν’
931 2954 1042 3002 εὑρεῖν

64 3010 76 3043 j
93 2998 109 3039 J
123 2998 193 3032 ·0R
208 2996 265 3032 42.
293 2997 337 3045 ἣν
364 2994 392 3033 δ’
416 2998 453 3034 εὖ
479 3006 615 3035 σκοπῶν
633 2999 786 3047 εὕρισκον
810 3000 900 3036 ἴασιν
918 3002 1040 3050 μόνην,

113 3083 118 3094 ,Ι
177 3043 305 3092 ἔπραξα
321 3044 378 3080 68.
399 3045 525 3082 οὔκουν
543 3047 582 3082 σὺ
599 3043 694 3082 ταῦτ’
717 3047 853 3096 ἄριστος
877 3047 1042 3096 εὑρίσκειν

56 3076 70 3138 ἶ
100 3095 137 3134 ’ς
156 3089 236 3126 440.
272 3094 392 3136 Oedipi
416 3096 509 3127 enim
531 3097 567 3127 in
593 3097 750 3129 solvendo
775 3098 960 3136 aenigmate
978 3099 1044 3130 sol-

113 3155 116 3160 ·
145 3140 362 3181 significatur.
383 3139 461 3188 εὗρε
477 3141 751 3189 πεντηκοντάδας
768 3144 890 3185 Naupl.
906 3145 948 3176 fr.
960 3141 1039 3186 379,

164 3193 165 3200 ¹
195 3187 284 3220 Huic
307 3189 540 3229 significationi
562 3191 714 3231 proxima
738 3195 791 3223 est
812 3193 901 3223 statu
933 3193 1044 3232 aliquo

51 3250 54 3282 γ
105 3245 113 3273 '.
134 3243 200 3274 wc,
227 3244 302 3266 cum
325 3237 410 3268 forte
436 3237 560 3278 oblato,
598 3241 671 3268 tum
696 3238 845 3270 studiose
876 3239 1039 3279 expetito.

156 3289 211 3313 ore
227 3290 349 3321 genere
365 3286 417 3314 est
434 3280 469 3321 ἐξ
495 3281 621 3329 ὀλβίων
646 3281 776 3330 ἄζηλον
793 3282 952 3330 εὑροῦσαι
969 3283 1042 3330 βίον

52 3349 54 3360 .
106 3326 169 3366 §³2¹
197 3331 232 3360 et
258 3330 347 3370 quod
366 3331 442 3370 pati
465 3331 688 3372 interpretere
712 3328 774 3364 τὰν
791 3328 884 3375 [τᾶν]
903 3329 997 3365 δεινὰ
1015 3329 1042 3365 δ’

52 3381 54 3399 ÷
106 3372 129 3415 'J'-
144 3391 149 3397 ·
163 3371 437 3421 ν[εὑρουσᾱν]π
460 3375 496 3414 ὸς
513 3374 694 3422 αὐθαίμων
711 3376 808 3423 πάθη
817 3378 872 3410 OC
888 3375 977 3411 1078
986 3379 1038 3412 ch.

52 3420 55 3435 ¹
107 3469 110 3474 Ι
160 3429 208 3454 ro
223 3422 282 3455 illa
298 3427 398 3455 sunt:
451 3417 486 3469 φ’
503 3424 550 3458 ὧν
566 3422 594 3457 τ’
611 3422 724 3458 ὄνασιν
742 3422 866 3471 εὕρωσι
882 3425 937 3458 El.
953 3422 1040 3458 1061

248 2009 379 2046 ἀνόσιοι
395 2012 450 2045 OG
468 2010 548 2046 946.
573 2010 618 2058 ἢν
646 2011 790 2061 εὑρεθῇς
815 2013 850 2051 ές
873 2012 976 2058 τήνδε
995 2014 1044 2060 μὴ

813 150 1004 221 ΙΕὑροος
1027 136 1097 189 ÷
1122 150 1350 222 Εὑσέβεια

2003 159 2104 207 285

1093 270 1144 303 ch.
1165 264 1261 304 κούδ’
1276 267 1318 304 ἄν
1345 280 1382 303 σε
1397 268 1582 316 λυπήσασα
1607 269 1771 318 δεξαίμην
1789 270 1900 319 βραχὺ
1925 270 2013 319 αὐτὴ
2033 271 2108 320 μέγ’

1092 315 1129 350 εὑ
1153 319 1204 351 εῖν
1222 315 1344 363 κέρδος
1364 314 1465 350 1305.
1484 315 1527 351 τὰ
1571 315 1694 364 ρήματ’
1710 316 1941 365 ἀνθρώποισιν
1959 318 2108 366 εὑρίσκει

1093 327 1214 410 φίλους
1229 365 1347 397 Alead.
1369 366 1411 397 fr.
1436 361 1512 406 109,
1537 329 1568 398 ff
1582 367 1639 398 ubi
1660 367 1797 408 quidem
1813 368 1916 399 medii
1940 378 2022 400 usus
2039 377 2107 400 non

1093 416 1183 452 erat,
1213 413 1294 454 quia
1309 421 1390 454 opes
1413 413 1506 454 ipsae
1531 414 1647 445 amicis
1672 423 1737 446 non
1764 418 1920 447 utuntur.
1961 414 2107 447 Omnino

1091 459 1194 491 medii
1223 469 1306 491 usus
1339 460 1550 500 infrequens.
1595 460 1665 492 Sibi
1694 471 1814 501 parare
1848 463 2015 502 significat
2046 461 2107 496 καὶ

1090 508 1199 539 ταῦτα
1221 504 1333 539 πάντα
1357 508 1418 540 σοῦ
1443 503 1608 545 θανόντος
1633 505 1783 554 εὑρόμην
1811 509 1866 540 Ai.
1890 505 1991 541 1023.
2018 508 2062 543 τὰ
2079 506 2107 542 δ’

1092 550 1175 600 ἔργα
1206 551 1286 590 τοὺς
1319 550 1444 599 λόγους
1475 551 1666 600 εὑρίσκεται
1707 556 1759 587 ΕΙ.
1795 552 1864 587 625
1895 557 2107 598 aliquantum

1091 600 1214 632 diflert.
1250 600 1315 633 Sed
1340 601 1481 633 dubium
1500 611 1565 634 non
1589 607 1652 642 est,
1682 603 1764 643 quin
1792 603 1846 635 El.
1870 600 1970 635 1061.
2002 600 2103 636 1305.

1092 647 1146 680 Tr.
1167 644 1238 679 284
1254 651 1344 680 recte
1361 648 1488 680 dictum
1506 649 1592 681 foret
1609 646 1782 695 εὑρέσθαι,
1802 651 1914 691 qualia
1929 651 2002 682 iure
2020 652 2104 682 Am-

1092 695 1202 727 monio
1215 699 1250 727 et
1266 696 1419 727 Dawesio
1435 705 1531 736 posse
1549 698 1671 737 opponi
1690 702 1804 729 monet
1821 697 2018 730 Schaeferus
2034 699 2058 730 l.
2072 707 2101 730 c.

1092 742 1154 774 His
1171 742 1255 774 adde
1273 742 1457 783 Euripiden
1475 743 1603 775 Phoen.
1622 741 1703 775 411.
1725 744 1844 776 Bacch.
1865 741 1945 776 971.

1089 859 1138 891 Ph
1161 808 1330 893 {gfoog
1359 813 1496 853 pulchro
1519 813 1656 856 fluento.
1684 812 1741 848 τὸν
1775 812 1896 861 εὔρουν
1915 812 2104 864 Σπερχειόν

1159 914 1384 963 Εὐρύαλος
1402 911 1456 962 (ἆ)
1481 929 1515 953 ιι.
1536 929 1586 962 pr.
1610 919 1695 952 Eius
1711 920 1884 953 historiam
1909 922 2009 963 Soph.
2030 925 2097 954 tra-

1089 966 1191 997 ctavit
1219 966 1255 997 in
1280 966 1476 1006 cognomine
1502 968 1631 999 fabula:
1668 979 1699 999 v.
1731 967 1829 1000 Eust.
1858 978 1891 1010 p.
1922 964 2030 1010 1796,
2060 966 2105 1001 52

1090 1010 1211 1057 [Dind.
1239 1013 1279 1044 fr.
1300 1009 1368 1045 215
1387 1010 1431 1058 aJ.

1158 1067 1215 1105 Εὐ
1226 1068 1297 1117 ρῦὖ
1308 1064 1383 1117 ΐκη
1399 1082 1433 1103 ιι.
1447 1082 1497 1113 pr.
1518 1070 1680 1106 τάλαιναν
1693 1068 1887 1119 Εὐρυδίκην
1902 1074 1983 1105 Ant.
1999 1070 2101 1106 1180.

1159 1126 1214 1164 Εὐ
1227 1122 1392 1174 ρύνωτο
1403 1141 1420 1167 ς
1437 1132 1504 1162 lato
1522 1134 1610 1171 ter-90
1624 1131 1806 1172 praeditus.
1827 1126 1899 1165 οὐδ’
1916 1130 2101 1178 εὐρύνωποι

1088 1181 1199 1223 φῶτες
1216 1175 1466 1224 ἀσφαλέσταται
1483 1179 1537 1210 Ai.
1562 1174 1663 1210 1251.

1158 1232 1300 1283 Εὐρύς
1317 1237 1459 1277 amplus.
1489 1235 1579 1283 εὐρέι
1595 1235 1711 1283 πόντῳ
1738 1238 1795 1269 Τι’.
1820 1235 1885 1270 115
1903 1238 1955 1270 ch.

1158 1291 1212 1328 Εὐ
1226 1284 1426 1340 ρῧσᾶκης
1445 1305 1478 1326 ιι.
1492 1305 1542 1337 pr.
1573 1292 1772 1341 Εὐρύσακες
1790 1297 1845 1328 Ai.
1866 1293 1946 1329 340.
1975 1298 2039 1331 παῖ

1086 1337 1283 1388 Εὐρύσακες
1309 1340 1377 1374 575
1410 1339 1485 1386 [ubi
1514 1344 1727 1384 eponomasia
1757 1354 1776 1375 a
1802 1342 1906 1377 σάκος
1929 1341 1993 1388 nt}
2031 1342 2100 1390 [De

1086 1390 1282 1430 cognomine
1301 1389 1402 1431 Soph.
1424 1390 1536 1422 sabula
1561 1400 1592 1422 V.
1616 1390 1719 1422 Dind.
1743 1391 1783 1422 fr.
1800 1387 1869 1423 215
1886 1388 1940 1436 b.]

1089 1444 1416 1527 104ξὺρυσθεύς
1447 1459 1480 1481 ιι.
1501 1459 1552 1491 pr.
1591 1447 1608 1483 ὁ
1643 1448 1782 1495 στυγνὸς
1815 1445 2012 1495 Εὐρυσθεύς
2043 1451 2098 1484 Tr.

1155 1547 1401 1600 Εὐρύτειος
1425 1555 1510 1596 quod
1536 1557 1583 1588 est
1610 1555 1737 1596 Euryti.
1779 1553 1879 1588 πόλιν
1905 1555 1968 1602 τὴν
1987 1552 2102 1602 Εὐρυ-

1010 1601 1028 1648 ξ)
1084 1599 1176 1635 τείαν
1211 1602 1268 1634 Tr.
1297 1598 1377 1634 260.
1420 1601 1483 1648 τὴν
1516 1598 1703 1647 Εὐρυτείαν
1736 1600 1906 1647 παρθένον
1943 1600 2032 1636 1219
2066 1615 2097 1636 v.

990 1648 1050 1671 ῑυ·
1085 1645 1313 1692 Λαβδάκειος.

1156 1703 1211 1740 Εὐ
1224 1703 1346 1752 ρῦτος
1365 1717 1398 1741 n.
1415 1718 1465 1749 pr.
1487 1704 1641 1754 Εὐρύτου
1659 1706 1758 1742 πόλιν
1771 1707 1828 1740 Tr.
1845 1705 1902 1740 74.
1918 1705 1999 1741 244.
2017 1705 2098 1741 750.

1085 1751 1239 1799 Εὐρύτου
1262 1753 1374 1801 σπορά
1392 1751 1462 1787 316
1488 1765 1588 1796 quem
1612 1756 1722 1788 locum
1749 1759 1838 1787 recte
1855 1756 2095 1796 distinguendo

1084 1803 1264 1842 insigniter
1280 1803 1368 1834 iuvit
1390 1803 1521 1835 Schaef.
1542 1799 1697 1848 Εὐρύτου
1724 1813 1789 1836 σπο
1814 1800 1853 1835 άν
1871 1799 1951 1835 420.
1972 1802 2100 1850 πατρὸς

1085 1847 1147 1893 μὲν
1173 1847 1258 1882 οὖσα
1283 1847 1412 1895 γένεσιν
1430 1846 1585 1895 Εὐρύτου
1612 1847 1691 1882 380.
1721 1849 1768 1887 ὡς
1785 1812 1939 1895 Εὔρυτόν
1963 1847 1995 1884 θ’
2013 1847 2097 1891 ἕλοι,

1082 1894 1146 1942 τήν
1164 1890 1197 1930 θ’
1214 1894 1402 1943 ὑψίπυργον
1421 1892 1463 1932 Ol
1491 1895 1589 1930 αλίαν
1607 1894 1687 1929 353.
1716 1893 1898 1942 *Εὐρύτου
1925 1895 2099 1937 δεσπόζειν

1083 1940 1216 1988 θρόνων
1249 1940 1436 1990 (Εὔρυτον)
1463 1908 1548 1978 663.
1602 1945 1730 1976 Versus
1754 1945 1894 1976 minime
1919 1945 2100 1986 expeditus

1082 1995 1171 2023 recte
1197 1991 1331 2023 videtur
1363 1992 1478 2025 deleri.
1517 1989 1564 2035 [ν.
1588 1991 1751 2024 Addenda
1774 1992 1815 2024 ad
1838 2002 1874 2033 p.
1903 1988 1970 2024 164
1986 2003 2017 2023 v.
2041 1990 2099 2025 δε-

1083 2036 1229 2083 σπόξω.]
1350 2036 1353 2038 ’
1842 2038 1874 2082 (Ι
1892 2049 1925 2080 Ρ.
1942 2035 2024 2080 712,
2044 2036 2100 2083 2.)

1151 2093 1362 2155 Εὐρώδης
1388 2101 1512 2129 vastus.
1541 2092 1591 2131 ἀν’
1617 2095 1680 2142 [sic
1698 2098 1802 2130 Dind.
1817 2122 1825 2138 ,
1855 2095 1920 2130 ἀνὰ
1944 2095 2005 2131 τὰν
2024 2095 2098 2142 LA]

1081 2141 1218 2237 {22:²23}ss
1234 2141 1651 2237 gfpssssthssssffiffssh·
1670 2145 1791 2225 ³553?
1807 2144 2098 2238 gffffss‘ssgimff

1082 2249 1154 2284 μεν.
1175 2239 1246 2270 Hoc
1255 2240 1425 2280 posterius
1438 2203 1702 2281 ineptissimcuqm.
1724 2219 1821 2271 Both.
1839 2240 1918 2271 olim
1935 2237 2094 2286 εὐρυεδῆ,

1082 2286 1196 2317 Herm.
1216 2284 1369 2332 ἀερώδεα
1383 2288 1536 2328 coniecit,
1553 2287 1611 2319 sed
1625 2284 1779 2332 εὐρώδης
1796 2288 1924 2328 poetica
1940 2288 2096 2318 libertate

1081 2343 1124 2364 ex
1149 2330 1186 2366 εὐ
1210 2330 1248 2371 ύς
1274 2342 1471 2374 procusum:
1509 2345 1540 2365 v.
1567 2335 1712 2366 Lobeck.
1740 2343 1869 2375 parerg.
1899 2334 1939 2366 ad
1966 2334 2091 2372 Phryn.

1079 2390 1112 2421 p.
1134 2377 1180 2412 54
1214 2393 1222 2422 ;
1243 2381 1345 2422 idque
1363 2382 1514 2413 firmatur
1531 2382 1571 2414 ab
1589 2381 1750 2422 Hesych.,
1771 2382 1830 2423 qui
1847 2379 2018 2426 εὐρώεντα
2034 2382 2090 2412 in-

1080 2432 1283 2469 terpretatur
1300 2425 1445 2468 πλατέα,
1475 2426 1752 2474 ἀναπεπταμένα,

1149 2483 1353 2532 Εὐρώεις.
1389 2485 1498 2533 τάφον
1525 2485 1694 2532 εὐρώεντα
1720 2487 1777 2519 Ai.
1806 2483 1897 2519 1167
1914 2497 1967 2519 an.
2015 2488 2092 2519 Iure

1079 2533 1213 2565 videtur
1229 2534 1344 2565 Herm.
1375 2543 1441 2566 non
1466 2535 1506 2566 ab
1530 2532 1655 2580 εὐρώς,
1687 2535 1746 2566 sed
1770 2535 1811 2567 ab
1828 2532 1928 2579 εὐρύς
1953 2535 2089 2576 ducere,

1079 2581 1173 2613 velut
1189 2578 1361 2627 εὐρώδης,
1392 2591 1454 2614 nec
1470 2582 1574 2621 magis
1599 2586 1711 2613 tamen
1737 2582 1842 2613 latum
1857 2591 1957 2623 quam
1975 2583 2093 2622 caliyi-

1077 2637 1195 2659 nosum
1226 2629 1432 2668 significare,
1470 2629 1528 2660 sed
1559 2631 1690 2660 vastum
1722 2630 1851 2670 potius:
1891 2640 1922 2660 v.
1944 2629 2087 2661 Lobeck.

1078 2684 1207 2716 parerg.
1236 2676 1277 2707 ad
1300 2675 1424 2714 Phryn.
1451 2685 1486 2716 p.
1513 2672 1592 2707 541.
1638 2675 1684 2708 Et
1709 2685 1775 2708 non
1799 2674 1971 2709 σκοτεινόν
1996 2677 2092 2708 modo

1079 2722 1137 2754 sed
1161 2723 1261 2754 etiam
1287 2720 1416 2755 πλατύν
1445 2724 1712 2764 interpretantur
1737 2723 1854 2755 Tzetz.
1883 2723 1924 2755 ad
1949 2723 2086 2756 Hesiod.

1079 2769 1165 2810 Opp.
1186 2774 1220 2801 et
1237 2770 1319 2801 Dies
1336 2779 1370 2810 p.
1394 2766 1471 2810 152,
1502 2774 1535 2802 et
1552 2770 1698 2809 Hesych.
1731 2770 1800 2802 Nec
1816 2770 1857 2802 de
1875 2771 2000 2802 tumulo
2019 2780 2090 2803 ma-

1079 2817 1140 2857 gis,
1157 2826 1258 2857 quam
1268 2816 1310 2848 de
1323 2817 1488 2848 domicilio
1503 2818 1613 2849 Aiacis
1625 2817 1713 2858 apud
1727 2818 1852 2850 inferos
1862 2818 2085 2858 cogitandum.

1149 2883 1356 2932 Εὑρωπία
1371 2891 1470 2920 terra.
1489 2887 1604 2929 Steph.
1626 2889 1705 2927 Byz.
1719 2899 1750 2919 v.
1772 2884 1937 2933 Εὐρώπη.
1958 2884 2092 2934 λέγεται

1078 2931 1138 2967 καὶ
1154 2930 1204 2967 Εὐ
1228 2934 1338 2967 ώπεια
1361 2933 1419 2967 καὶ
1438 2932 1492 2968 διὰ
1508 2937 1568 2968 τοῦ
1596 2932 1615 2967 ι’
1642 2930 1808 2981 Εὐρωπία
1833 2933 1924 2980 παρὰ
1944 2931 2031 2981 Σοφ.
2052 2934 2088 2968 ἐν

1080 2976 1202 3027 Αἰχμα
1228 3006 1235 3013 .
1263 2979 1322 3024 (fr.
1342 2978 1405 3024 37]
1436 2980 1497 3015 καὶ
1520 2981 1690 3028 νησιώτας
1722 2980 1781 3015 καὶ
1805 2985 1939 3027 μακρᾶς
1967 2979 2092 3027 Εὐρω-

1078 3025 1168 3065 πίας.
1198 3029 1307 3068 Vulgo
1325 3027 1469 3074 μακράς,
1492 3029 1638 3061 Brunck.
1660 3027 1806 3075 μακράν,
1827 3039 1860 3060 v.
1882 3027 2024 3075 μακρός.

1148 3082 1330 3132 Εὐρώτα
1340 3098 1356 3124 ς
1367 3088 1503 3120 fluvius.
1516 3086 1559 3133 νὴ
1571 3085 1628 3120 τὸν
1638 3083 1802 3134 Εὐρώταν
1811 3087 1888 3119 Lac.
1903 3088 1944 3119 fr.
1958 3084 2038 3128 339,
2054 3085 2085 3120 1.

1148 3140 1204 3178 Εὐ
1217 3143 1364 3190 σέβεια
1397 3149 1430 3177 et
1461 3143 1599 3191 εὐσεβία
1622 3148 1740 3186 pietas.
1784 3146 1866 3186 Hoc,
1896 3156 1972 3178 cum
1996 3147 2091 3179 brevi

1079 3200 1162 3232 opus
1176 3193 1377 3233 penultima,
1398 3194 1532 3233 tragicis
1550 3193 1690 3233 dictum,
1712 3193 1865 3234 Sophocli
1881 3194 1953 3225 bis:
1981 3190 2023 3226 ἵν’
2048 3189 2088 3227 ἂν

1078 3236 1233 3283 εὐσεβίας
1250 3237 1478 3284 ἐπιβαίνοντες
1496 3240 1551 3272 OC
1564 3237 1629 3272 189
1648 3250 1702 3272 an.
1723 3239 1781 3283 (ef.
1802 3237 1885 3284 ἵνα).
1912 3239 1975 3286 τὴν
1993 3238 2090 3274 εὐσε-

1079 3282 1152 3330 βίαν
1171 3283 1332 3331 σεβίσασα
1359 3287 1441 3318 Ant.
1463 3283 1532 3319 943
1549 3297 1625 3327 an.;
1656 3288 1703 3319 sic
1728 3288 1820 3319 enim
1843 3291 1934 3319 recte
1961 3288 2086 3328 Tricl.;

1077 3333 1154 3364 libri
1171 3330 1355 3378 εὐσέβειαν.
1385 3334 1438 3365 De
1455 3335 1513 3365 illa
1528 3335 1634 3366 forma
1650 3334 1750 3375 primi
1767 3335 1986 3366 observarunt
2001 3335 2089 3367 Dor-

1078 3380 1149 3411 vill.
1170 3379 1211 3412 ad
1229 3379 1327 3412 Char.
1347 3389 1382 3421 p.
1402 3377 1482 3412 446.
1512 3381 1626 3413 Valck.
1647 3381 1688 3413 ad
1704 3381 1830 3414 Phoen.
1854 3378 1955 3413 1475.
1978 3399 2019 3405 -
2037 3378 2086 3425 *ἡ

1077 3424 1142 3473 γὰρ
1175 3424 1329 3471 εὐσέβεια
1362 3425 1566 3473 συνθνήσκει
1599 3425 1733 3474 βροτοῖς
1772 3428 1834 3460 Ph.
1867 3425 1956 3460 1443
1987 3426 2083 3473 [secl.
