2288 3600
274 117 370 167 116

270 232 305 274 ἐξ
331 233 436 281 ὀργῆς
467 232 574 282 ταγύς
601 231 681 267 766.
712 233 776 280 ἁνὴ

272 279 372 314 1091.
396 280 448 315 σοὶ
463 281 502 315 τὸ
521 277 577 315 σὸν
596 278 755 338 μελέσθω
774 245 869 326 βάντι
897 283 1089 327 φρουρῆσαι
1105 278 1209 327 χρέος
1228 281 1280 312 El.

269 326 326 361 74.
358 326 506 374 βεβῶτος
532 328 573 363 ἐκ
595 327 711 374 οόμων
735 326 815 360 311.
853 326 989 374 βεβᾶσιν
1013 327 1090 374 ἄρτι
1115 326 1284 372 δωμάτων

269 374 450 421 ὑποστέγοι
477 373 579 408 1386.
607 374 711 421 ήνίκα
734 374 838 421 ἀπείη
862 374 1056 410 κάνιαύσιον
1085 373 1194 420 βεβώς
1225 376 1280 407 Tr.

270 420 349 456 165.
378 425 434 458 τὸν
457 421 609 457 ἄσκοπον
633 422 758 469 χρόνον
785 421 895 469 βεβὼς
917 422 961 467 ἦν
979 421 1059 455 247.
1081 422 1139 456 καὶ
1163 421 1206 468 δὴ
1226 421 1285 467 βε-

270 469 347 515 βᾶσι
365 468 444 504 345.
472 469 566 504 κάπὸ
600 469 727 516 ματρὸς
759 469 852 517 ἄφαρ
887 468 1030 516 βέβακεν
1056 467 1124 502 529
1142 470 1194 501 ch.
1231 470 1286 502 Sic

269 520 371 550 etiam
397 519 497 560 paulo
528 522 654 550 mutata
676 519 921 558 significatione
953 516 1093 563 κύματα
1125 518 1286 549 dicuntur

270 563 362 610 βάντ’
381 564 518 599 ἐπιόντα
534 576 571 598 τε
586 566 640 597 Tr.
662 559 727 597 115
746 566 796 597 ch.
819 565 964 597 cedentes
981 567 1065 597 atter
1081 565 1235 596 alteri.—
1255 563 1268 606 ΙΙ

267 614 389 659 venire,
405 613 564 645 accedere.
586 611 616 646 εἰ
632 610 695 659 γὰρ
715 612 750 646 ἐν
767 611 858 660 τύχη
872 611 911 659 γέ
927 624 976 658 τῳ
991 615 1119 669 σωτῆρι
1133 610 1212 656 βαίη
1227 611 1285 643 OR

268 658 311 691 81
338 662 469 692 utinam
494 661 571 691 bene
596 662 761 691 eminutus
777 662 898 691 veniat.
936 656 1023 705 δεῦρ’
1052 657 1181 704 ἔβημεν
1202 656 1279 690 148.

268 705 398 753 άγλαὰς
416 706 496 752 ἔβας
506 704 624 752 Θήβας
641 704 766 739 152811.
786 704 948 744 Αἰτναίας
963 705 1018 740 ἐπὶ
1036 705 1155 739 πώλου
1171 704 1285 751 βεβῶ-

269 764 329 788 σαν
346 755 402 787 OC
422 751 502 786 312.
528 754 566 788 τὸ
591 752 712 787 κοῖλον
740 747 870 801 ’Ἄργος
887 752 948 799 βὰς
968 752 1077 799 φυγάς
1096 751 1174 786 378.
1197 764 1284 799 προ-

269 799 345 846 βᾶθ’
369 800 448 842 ὦδε,
478 799 570 846 βᾶτε,
601 798 672 846 βᾶτ’
691 800 826 835 ἔντοποι
844 799 924 834 841.
948 800 988 834 ἰὼ
1007 803 1071 834 παῖ
1089 798 1181 846 βᾶθι,
1204 797 1284 846 βᾶθι

269 845 371 881 1491.
389 846 497 882 πάλαι
513 846 622 894 φύλαξ
640 846 722 894 ἔβην
733 850 787 881 Ai.
801 846 845 881 36
863 850 885 880 i.
901 859 933 890 q.
975 860 1039 882 κω.
1058 848 1105 881 ὡς
1117 846 1279 893 ἀκμαῖος,

268 895 296 929 εἰ
319 894 420 942 βαίη,
451 893 553 940 μόλοι
571 893 652 928 921.
673 894 823 938 σούσθω,
844 894 938 940 βάτω
980 893 1059 927 414.
1081 895 1137 929 τὸν
1155 893 1285 928 λεύκα-

268 954 344 976 σπιν
361 940 526 989 Ἀργόθεν
546 942 587 977 ἐκ
597 947 695 989 φῶτα
709 942 816 988 βάντα
833 942 1001 989 πανσαγίᾳ
1015 944 1096 975 Ant.
1120 940 1198 975 107.
1214 961 1255 966 —
1273 941 1284 987 Η

268 992 517 1032 Nonnunquam
533 993 655 1022 versari
672 995 735 1031 est,
764 993 859 1032 quasi
886 990 1063 1022 incedendo
1090 992 1282 1030 constitisse,

270 1050 298 1069 v.
321 1038 462 1070 Boeckh.
484 1039 584 1079 Expl.
606 1038 645 1069 ad
663 1038 761 1070 Pind.
782 1049 815 1080 p.
840 1036 916 1070 134.
947 1039 1044 1070 Viam
1062 1039 1103 1069 ad
1119 1038 1205 1069 hanc
1222 1047 1282 1078 po-

268 1090 424 1117 testatem
435 1086 529 1117 verbi
538 1086 691 1117 videmus
701 1086 805 1117 hanc:
826 1084 877 1123 τίς
891 1082 918 1118 δ’
937 1083 1007 1119 ἔσθ’
1027 1084 1044 1119 ὁ
1063 1088 1118 1133 χῶ
1143 1096 1179 1122 ος
1194 1082 1279 1130 δῆτ’,

267 1131 302 1165 ἐν
321 1126 349 1178 ᾧ
376 1130 592 1178 βεβήκαμεν,
615 1133 670 1164 OC
689 1129 745 1165 52.
768 1151 809 1156 —-
829 1135 944 1170 κεῖνος
963 1130 990 1165 δ’
1008 1130 1095 1166 ὅπου
1121 1096 1279 1178 βέβηκεν,

266 1177 378 1213 οὐδεὶς
394 1178 465 1213 οἶδε
485 1181 540 1211 Tr.
554 1177 610 1211 41.
634 1180 707 1211 Non
724 1181 919 1220 intelligens
937 1181 1004 1211 vim
1022 1181 1115 1211 verbi
1133 1181 1279 1211 Brunck.

267 1224 345 1260 ὅποι
363 1228 546 1260 deditam&
562 1224 682 1271 βάντος
699 1224 722 1272 ἢ
742 1230 808 1261 ποῦ
823 1226 974 1268 στάντος,
992 1225 1098 1273 οὗπερ
1113 1225 1177 1260 οὐκ
1190 1225 1278 1273 ἐγώ;

266 1276 323 1307 Ai.
337 1272 438 1306 1237.
459 1276 532 1315 ποῖ,
552 1276 770 1315 probantibus
786 1276 876 1307 Pors.
889 1276 929 1307 ad
938 1276 1065 1307 Hecub.
1082 1272 1172 1306 1070
1181 1275 1278 1306 Brck.

267 1323 534 1363 Erf.duoap0gr.
557 1323 702 1363 Reliqui,
726 1323 896 1354 etiamLA
907 1323 1070 1362 etBnoD,
1092 1326 1192 1363 recte,
1206 1332 1282 1354 nam

265 1379 346 1401 sane
362 1371 480 1410 Agam.
498 1370 756 1410 significaverat,
778 1371 843 1401 nisi
862 1380 896 1401 se
914 1374 1047 1401 auctore
1065 1373 1099 1401 et
1115 1370 1278 1410 adiutore,

266 1418 403 1449 Aiacem
421 1417 506 1448 nihil
515 1418 657 1456 gessisse
670 1434 711 1440 —
722 1415 825 1461 ssGum
836 1419 953 1448 tralate
973 1416 1166 1460 diciturllab
1182 1417 1283 1448 eundi

265 1468 300 1496 et
318 1464 489 1496 incedendi
512 1465 755 1504 significatione
777 1469 950 1505 sumptum
968 1469 1038 1505 est,
1067 1475 1143 1496 cum
1159 1466 1282 1496 versari

265 1513 300 1542 in
313 1512 426 1553 aliqua
435 1521 547 1543 rerum
559 1512 762 1553 conditione,
780 1513 832 1543 vel
849 1513 1046 1552 simpliciter
1059 1521 1124 1543 esse
1141 1512 1278 1543 indicat.

266 1560 442 1591 Rationem
466 1563 627 1591 monstrat
668 1559 749 1590 Ant.
771 1555 840 1590 996
872 1558 988 1605 φρόνει
1014 1557 1124 1604 βεβὼς
1155 1557 1198 1592 αὖ
1223 1561 1281 1592 νῦν

265 1604 322 1639 ἐπὶ
339 1603 440 1652 ξυροῦ
457 1604 578 1652 τύχης,
600 1618 631 1637 v.
654 1606 778 1646 Musgr.
800 1611 833 1638 et
852 1607 1020 1648 Brunck.;
1043 1608 1213 1638 sententia
1226 1607 1283 1638 illa

265 1653 364 1686 Eust.
394 1655 504 1685 utitur
527 1664 562 1695 p.
584 1650 663 1694 796,
686 1651 742 1685 57.
772 1672 813 1677 -
841 1656 976 1698 πνεῦμα
1007 1652 1129 1687 ταύτὸν
1163 1651 1280 1687 οὔποτ’

266 1694 336 1734 οὔτ’
353 1699 388 1734 ἐν
406 1698 468 1734 άνδ
492 1699 567 1734 άσιν
586 1698 698 1747 φίλοις
715 1699 874 1747 βέβηκεν,
898 1699 975 1735 ούτε
993 1700 1080 1747 πρὸς
1098 1698 1198 1734 πόλιν
1217 1700 1281 1735 πό-

264 1745 317 1781 λει
342 1748 398 1780 OC
415 1745 458 1780 61
509 1751 626 1780 ventus
650 1749 746 1789 quasi
772 1752 879 1780 movet
902 1759 967 1781 sese
992 1750 1014 1780 i.
1036 1759 1066 1781 e.
1096 1749 1277 1780 intercedit.

264 1796 489 1828 Inutilissima
505 1798 557 1827 est
572 1796 771 1828 Wakefieldi
789 1797 979 1828 coniectura
1001 1794 1196 1842 πέφηνεν
1211 1822 1218 1836 ,
1240 1797 1281 1827 ad

263 1843 345 1875 Eur.
358 1844 430 1878 Ion.
443 1839 523 1875 829.
548 1842 594 1876 ὧν
604 1841 663 1876 καὶ
675 1841 806 1890 χρυσέα
821 1838 912 1889 κλὴς
930 1842 986 1877 ἐπὶ
1002 1842 1140 1889 γλώσσᾳ
1155 1841 1279 1887 βέβακε

264 1888 471 1935 προσπόλων
503 1884 727 1935 Εὐμολπιδᾶν
761 1891 815 1923 OC
845 1875 934 1923 1053
960 1902 991 1922 v.
1012 1893 1152 1924 Herm.:
1182 1891 1280 1922 aliter

266 1938 390 1978 Reisig.
412 1938 531 1970 Enarr.
552 1948 585 1979 p.
608 1937 788 1979 CXXXV,
817 1940 875 1979 qui
900 1939 941 1970 de
965 1939 1140 1979 proverbio
1166 1941 1278 1969 tamen

264 1986 394 2017 consuli
418 1989 539 2027 potest.
577 1982 613 2018 ἐν
646 1983 740 2032 πόνῳ
772 1983 888 2031 ταύτῷ
907 1984 1065 2043 βεβηκὼς
1097 1984 1278 2032 τυγχάνεις

263 2035 383 2065 κακῶν
409 2029 488 2077 ἐμοί
508 2029 610 2065 1359.
638 2030 716 2066 ὅταν
742 2030 778 2066 ἐν
795 2035 918 2070 κακοῖς
943 2032 1015 2080 ηδη
1042 2031 1195 2080 βεβήκης
1221 2034 1273 2065 El.

266 2076 368 2112 1057.
390 2077 466 2113 ἐπει
490 2076 515 2112 α’
545 2077 722 2126 ἐφεύρηκα
748 2078 852 2126 μοίρᾳ
875 2079 936 2126 μὲν
963 2078 1027 2114 οὐκ
1044 2079 1079 2114 ἐν
1097 2065 1278 2126 &seiace-

265 2124 380 2171 βῶσαν
401 2123 501 2159 1094.
521 2129 597 2160 τοῖς
614 2125 649 2160 ἐν
666 2125 758 2160 τέλει
777 2125 814 2172 βε
840 2132 921 2160 ῶσιν
939 2129 1021 2160 Ant.
1043 2125 1087 2160 67
1104 2130 1232 2167 reyibus
1248 2131 1278 2159 et

263 2174 530 2215 mayistratibus:
555 2185 588 2206 v.
610 2175 707 2207 Eust.
737 2185 770 2216 p.
793 2172 814 2206 6
840 2172 873 2216 6,
897 2172 950 2207 18.
980 2171 1060 2216 789,
1085 2171 1139 2215 13,
1168 2185 1276 2216 quan-

265 2231 365 2263 quam
381 2222 528 2254 hocloco
543 2223 631 2253 sicut
647 2222 790 2254 Philem.
811 2232 844 2263 p.
869 2219 932 2254 161
953 2223 1156 2254 sententiam
1175 2223 1278 2254 Euri-

263 2269 335 2310 pidi
352 2269 490 2304 tribuitz.
512 2266 593 2310 818,
613 2265 669 2301 59.
690 2266 771 2310 881,
792 2266 848 2301 29.
884 2270 1053 2311 Moschop.
1076 2270 1180 2301 Dictt.
1203 2271 1274 2302 Att.

265 2327 297 2348 v.
317 2314 429 2353 τέλος.
457 2316 547 2348 Hinc
571 2319 653 2348 sunt
676 2318 778 2348 etiam
802 2318 902 2349 haec:
937 2319 1045 2350 τοῖσιν
1071 2314 1215 2364 ἐχθροῖς
1242 2314 1278 2350 εὖ

266 2361 448 2409 βεβηκόσιν
474 2363 529 2395 El.
550 2359 618 2394 979
636 2363 727 2403 felici
751 2373 862 2396 rerum
877 2367 966 2396 statu
981 2365 1156 2396 utentibus.
1187 2361 1280 2398 οὗτοι

263 2403 480 2456 κατάμεμπτ’
506 2408 635 2456 ἐβήτην
660 2411 715 2442 00
738 2407 846 2452 1695,
874 2422 892 2443 a
917 2412 1092 2444 scholiasta
1114 2413 1200 2443 bene
1218 2422 1280 2443 ex-

264 2459 427 2499 plicatum
443 2455 507 2491 ούκ
532 2455 567 2490 ἐν
590 2456 759 2496 τοιούτοις
775 2456 852 2491 ἐστὲ
869 2457 955 2492 ὥστε
974 2456 1275 2504 καταμέμφεσθαι,

265 2506 353 2546 quod
370 2515 447 2537 cum
463 2505 617 2537 Electrae
645 2506 713 2537 loco
731 2506 849 2538 Elmsl.
869 2507 1082 2548 comparavit.
1110 2507 1179 2538 Nec
1196 2507 1277 2538 Rei-

265 2553 330 2593 sigi
346 2562 408 2584 nec
421 2553 607 2584 Hermanni
619 2554 782 2584 rationem
794 2554 905 2595 probo.
926 2554 1081 2585 Electrae
1098 2554 1182 2585 illud
1199 2554 1279 2585 atti—

265 2601 314 2640 git
330 2601 446 2632 Valck.
466 2600 507 2631 ad
523 2599 647 2632 Herod.
667 2597 700 2640 7,
724 2596 802 2632 164.
821 2602 861 2632 Iu
878 2601 1102 2633 locutionibus
1119 2602 1159 2633 ab
1172 2600 1278 2632 eundo

265 2647 424 2679 derivatis
440 2656 526 2687 pono
541 2647 644 2678 etiam
660 2647 745 2678 illud
760 2648 873 2679 Aiacis
891 2645 1016 2682 οὔποτε
1032 2646 1096 2694 γὰρ
1115 2645 1278 2694 φρενόθεν

265 2691 294 2740 γ’
320 2688 373 2727 ἐπ’
397 2691 558 2739 ἀριστερὰ
585 2691 666 2738 ἔβας
701 2694 755 2726 Ai.
780 2691 856 2735 184,
895 2696 984 2736 quod
996 2705 1143 2736 peccare,
1172 2704 1278 2727 errore

266 2743 367 2773 teneri
391 2742 568 2782 significat,
594 2752 626 2773 v,
655 2738 842 2787 ἀριστερός.
865 2760 905 2765 -
932 2743 947 2785 ΙΙ
970 2744 1024 2774 Ab
1047 2743 1152 2774 altera
1174 2743 1277 2774 disce-

267 2788 366 2820 dendi
389 2792 423 2820 et
446 2787 587 2820 abeundi
611 2792 776 2829 potestate
793 2789 960 2821 detortum
977 2790 1073 2830 illud,
1094 2790 1182 2830 quod
1200 2787 1278 2834 βαί-

265 2846 334 2868 νειν
359 2835 549 2866 intercidere
573 2836 740 2875 significat
766 2839 799 2867 ct
822 2846 1024 2878 evanescere,
1054 2838 1155 2869 etiam
1179 2838 1274 2868 mori.

268 2881 362 2927 μένει
384 2880 448 2928 γὰρ
466 2876 536 2915 οὔτ’
560 2879 661 2915 αἰόλα
677 2879 751 2922 Νὺξ
775 2877 851 2916 ἀλλ’
875 2881 967 2930 ἄφαρ
992 2869 1118 2933 βέβᾷκε
1137 2883 1146 2925 [
1173 2867 1278 2934 έβῇκε

268 2930 372 2960 Dind.
392 2939 435 2961 ex
452 2928 577 2970 apogr.]
600 2930 655 2961 Tr.
679 2927 757 2962 135.
779 2928 820 2963 ἐκ
844 2928 975 2976 βροτῶν
1002 2928 1102 2977 βαίην
1155 2936 1280 2977 φαντος

267 2970 864 3068 3ἕ36ἓει3ἓ.ἓὲἳιέεὲᾲ.ῗῑῗῖς
885 2974 1280 3063 &existentias

269 3065 391 3103 δέδοικ’
419 3069 436 3103 ἐ
460 3070 488 3103 ὼ
515 3068 565 3115 μή
593 3082 651 3115 μοι
677 3035 810 3119 βεβήκῃ
840 3036 890 3117 [βε
913 3071 996 3117 ήκοι
1014 3069 1089 3116 LA]
1113 3072 1174 3103 Ph.
1194 3067 1275 3103 494.

269 3115 370 3163 βῆναι
385 3119 442 3150 κεῖ
468 3128 502 3150 εν
520 3115 599 3151 ὅθεν
616 3128 679 3163 περ
696 3115 776 3163 ἥκει
792 3118 847 3150 00
867 3116 883 3150 1
911 3116 967 3160 26,
985 3120 1073 3160 quod
1085 3119 1279 3159 exemplum

1245 3162 1254 3175 Χ

267 3165 429 3196 rationem
445 3165 536 3196 verbi
551 3165 777 3196 transferendi
794 3169 967 3207 monstrat,
983 3167 1078 3198 velut
1089 3163 1199 3199 πάντα
1237 3175 1279 3210 αρ

269 3209 503 3257 συναρπάσας,
531 3205 648 3245 θύελλ’
674 3210 782 3253 ὅπως,
813 3210 963 3259 βέβηκας
975 3213 1028 3245 El.
1048 3210 1149 3245 1151.
1172 3211 1211 3257 βέ
1233 3222 1279 3257 η-

267 3268 346 3299 κεν;
373 3257 428 3290 OC
449 3255 549 3290 1678.
573 3277 614 3282 -
632 3258 646 3301 ΙΙ
664 3260 692 3291 Α
711 3260 810 3291 tertia
827 3261 920 3291 verbi
936 3262 1069 3301 proprie
1085 3260 1166 3292 dicti
1183 3259 1278 3292 modo

267 3305 438 3336 deflexum
454 3309 524 3346 est,
554 3315 628 3337 cum
647 3307 765 3338 tralate
783 3306 955 3347 procedere
973 3309 1082 3348 atiquo
1100 3308 1137 3339 in
1152 3306 1279 3347 ayendo

269 3352 446 3392 significat.
476 3349 540 3397 ὅρα
564 3354 630 3386 ποῦ
654 3351 779 3394 στάσει,
807 3355 869 3386 ποῖ
894 3351 931 3387 δὲ
958 3352 1053 3398 βάσει
1072 3351 1188 3399 [βάσηι
1205 3353 1275 3395 LA]

269 3399 330 3430 Ph.
351 3396 420 3431 834
447 3399 522 3430 vide
552 3399 629 3439 quid
645 3399 838 3439 faciendum
854 3402 907 3433 sit.
943 3404 1017 3437 πῶς
1036 3397 1094 3433 οὖν
1112 3399 1130 3434 ὁ
1148 3398 1278 3447 λῃστὴς

835 232 963 279 βέβηκε
997 232 1089 267 δεινὰ
1121 230 1285 270 θεσπίσας

1074 112 1218 171 Βαιός
1245 146 1306 152 -
1335 111 1565 184 Βάκκαρις

2029 126 2057 170 [Ι
2069 137 2103 170 p.
2120 121 2284 161 288—29

1323 231 1357 270 ἐς
1374 230 1445 266 τόδ’
1462 230 1502 266 ἂν
1519 231 1614 278 πόλμ
1642 244 1658 270 ς
1675 231 1757 279 ἔβη;
1787 234 1845 266 OR
1857 230 1935 266 125.
1953 231 1989 267 ἐς
2004 235 2168 267 τοσοῦτον
2186 229 2285 266 ἑλπίδ

1322 278 1408 324 ἐμοῦ
1435 278 1587 325 βεβῶτος
1605 278 1625 312 7
1649 278 1684 313 2.
1714 282 1801 313 Num
1826 281 1869 313 ad
1883 282 2024 322 primam
2044 291 2086 313 an
2109 280 2150 312 ad
2166 280 2253 312 hanc
2268 283 2288 311 t«

1322 329 1403 359 tiam
1428 329 1521 360 verbi
1554 329 1779 360 transferendi
1810 329 1973 360 rationem
2005 329 2146 360 referam
2171 327 2257 358 illud
2280 329 2288 357 4

1321 371 1410 406 217;
1439 372 1520 421 λέγ’,
1564 373 1703 421 ἐπείπερ
1729 372 1780 409 ἐπ’
1805 373 1933 421 ἔσχατα
1959 373 2083 420 βαίνεις
2112 372 2236 419 [μένεις
2262 374 2288 405 L

1321 422 1445 454 dubius
1462 422 1593 454 haereo.
1622 423 1735 455 Potest
1753 424 1845 455 enim
1862 423 2049 463 significare
2068 424 2103 454 ἰπ
2118 425 2262 454 extrema
2277 431 2288 452 v

1321 471 1466 501 cessitate
1491 472 1641 502 versaris.
1678 474 1787 512 potest
1813 471 1914 502 etiam
1946 469 1990 501 ad
2017 471 2136 502 ultima
2161 468 2288 509 consue

1321 518 1456 556 coyeris.
1473 518 1629 558 Denique
1640 518 1780 559 ambigo,
1793 518 1971 559 propriene
1983 527 2025 549 an
2040 517 2200 548 translate
2209 515 2288 547 dictu

1320 567 1438 604 putem
1459 563 1528 609 νῷν
1554 562 1572 597 δ
1607 561 1747 610 ὀλεθρία
1769 562 1827 604 νὺξ
1854 562 1905 598 ἐπ’
1931 562 2081 609 ὄμμασιν
2108 560 2254 608 βέβηκεν
2280 564 2288 592 ⁴

1324 607 1425 652 1684,
1446 612 1533 652 quod
1551 612 1592 644 de
1610 616 1760 644 extremo
1778 622 1924 644 maerore
1941 613 2069 644 dictum
2082 615 2146 643 est.

1391 666 1539 708 Βαιός.
1570 670 1584 713 ΙΙ
1609 673 1745 711 eaeiyuus
1769 671 1810 702 de
1829 680 1987 702 mensura
2005 674 2039 702 et
2056 670 2185 711 spatiis,
2207 666 2288 714 ὀλίγη

1322 714 1404 761 βαιᾷ
1429 714 1505 763 τῇδ’
1531 716 1596 751 ὑπὸ
1615 717 1716 766 στέγῃ
1735 714 1871 750 Ph.286
1889 718 1936 749 sic
1954 718 2100 750 Turneb.
2119 729 2125 748 :
2148 715 2244 762 βαιῆι
2262 718 2288 748 L

1322 762 1420 808 βαιᾶς
1438 763 1579 803 κύλικος
1599 766 1729 807 Captiv.
1744 767 1784 797 fr.
1797 762 1842 796 49
1861 761 1942 808 [quo
1959 765 2028 797 loco
2043 775 2104 806 pro
2121 761 2170 801 εἷς
2188 765 2288 805 positi

1320 821 1393 843 esse
1411 814 1526 844 scribit
1544 813 1638 846 Suid.
1658 811 1717 846 καὶ
1742 811 1836 857 βαιὸς
1863 810 1956 849 ἰδίως
1981 809 2055 845 ἀντὶ
2072 813 2132 845 τοῦ
2150 808 2213 848 εἷς.
2245 808 2288 845 Ec

1320 855 1428 906 Αἰχμ.
1451 858 1591 893 ἔσπεισα
1609 859 1640 905 β.
1653 858 1730 893 κυλ.
1752 858 1840 893 ὥστε
1857 856 2009 904 δεύτερα.
2039 861 2082 892 V.
2099 859 2200 891 schol.
2221 859 2260 890 ad
2279 859 2288 889 (

1321 904 1400 948 750,
1422 908 1510 948 quod
1536 908 1630 940 Suid.
1660 908 1847 948 excerpsit,
1874 911 1909 938 et
1933 906 2080 946 Hesychi
2105 907 2128 938 i.
2151 917 2182 938 v.
2214 909 2288 937 mut

1320 951 1445 999 verba}
1483 955 1715 986 Adverbiascit
1739 953 1834 1000 βαιὸν
1860 951 1887 987 δ’
1912 951 2048 1000 ἔνερθεν
2073 953 2133 985 Ph.
2155 950 2201 985 20
2224 963 2288 994 pau

1320 1003 1417 1034 infra.
1441 1020 1482 1025 —
1509 1002 1523 1044 ΙΙ
1551 1003 1767 1034 Transfertur
1788 1003 1868 1034 inde
1891 1002 1932 1034 ad
1961 1010 2015 1033 res
2038 1002 2075 1032 in
2108 1010 2246 1032 sensum
2267 1009 2288 1031 n

1320 1050 1489 1081 cadentes,
1541 1048 1617 1082 αιάν
1644 1061 1713 1093 μοι,
1742 1047 1840 1094 βαιοὶν
1866 1047 1982 1094 πέμπε
2005 1046 2116 1095 λόγων
2135 1046 2253 1094 φάμαν
2271 1047 2288 1078 Ι

1318 1094 1387 1128 845
1396 1097 1448 1128 ch.
1471 1095 1488 1130 ὁ
1507 1102 1524 1129 ο
1554 1094 1627 1130 εἷπε
1645 1095 1728 1142 πρός
1747 1107 1789 1141 με
1807 1094 1888 1141 βαιά
1901 1098 1956 1128 Ai.
1973 1093 2054 1128 292.
2075 1094 2116 1129 ἐκ
2131 1094 2243 1141 κάρτα
2259 1092 2288 1140 β(

1320 1148 1366 1177 ῶν
1392 1145 1522 1190 γνωτὸς
1540 1141 1579 1177 ἂν
1605 1141 1726 1190 γένοιτ’
1751 1142 1839 1190 ἀνήρ
1857 1144 1971 1175 Inach.
1993 1144 2034 1175 fr.
2054 1139 2136 1184 255,
2157 1139 2190 1175 2.
2219 1143 2259 1174 In
2277 1142 2288 1173 l

1319 1201 1442 1232 genere
1459 1192 1680 1223 adverbiascit
1695 1189 1728 1224 τί
1747 1190 1842 1236 βαιὸν
1860 1188 1971 1228 οὕτως
1988 1188 2141 1236 ἐντρέπει
2167 1193 2230 1236 τῆς
2249 1187 2286 1229 Eu

1320 1237 1457 1286 μάχου;
1488 1240 1542 1271 Ai.
1565 1236 1610 1270 90
1627 1237 1666 1283 [i.
1687 1249 1719 1280 q.
1748 1236 1818 1272 οὐδ’
1843 1236 1934 1276 ὅλως
1952 1235 2217 1284 ἐπιστρέφεσθαι
2234 1238 2288 1270 Eu

1319 1297 1352 1328 p.
1374 1280 1453 1326 610,
1477 1283 1526 1330 9].
1548 1287 1649 1318 Breve
1663 1287 1831 1326 significat
1847 1289 2002 1327 tempus:
2030 1284 2156 1332 χρονὸν
2172 1283 2217 1332 γὰ
2256 1283 2288 1319 οιῖ

1321 1332 1415 1378 βαιόν
1435 1334 1490 1365 Tr.
1511 1331 1567 1365 44.
1598 1334 1643 1365 Et
1661 1335 1926 1366 adverbiascenti
1944 1333 2073 1365 ratione
2091 1331 2187 1377 βαιὸν
2231 1345 2256 1379 μ
2285 1347 2288 1364 ι

1319 1392 1405 1415 νασα
1432 1381 1487 1412 Tr.
1510 1378 1589 1413 335.
1621 1379 1719 1426 βαιοῦ
1744 1379 1847 1427 κούχὶ
1882 1378 2004 1426 μυρίου
2026 1379 2152 1427 χρόνου
2179 1380 2234 1413 Oc
2252 1345 2288 1413 ἕξ

1319 1430 1461 1461 Diversa
1486 1429 1660 1460 subaudiri
1684 1430 1805 1460 iubent
1822 1429 1948 1469 Musgr.
1970 1431 2005 1459 et
2020 1429 2160 1460 Elmsl.:
2188 1429 2246 1460 ille
2264 1425 2288 1461 δι

1319 1476 1373 1508 hic
1399 1474 1512 1516 ἐντός,
1542 1477 1601 1508 sed
1625 1476 1711 1507 nihil
1735 1476 1839 1508 deest.
1885 1476 1960 1507 Huc
1985 1476 2073 1507 refer
2089 1476 2191 1507 etiam
2218 1473 2288 1509 ἕπει

1320 1521 1413 1568 βαιὸν
1440 1521 1520 1556 οὐδὲ
1555 1522 1613 1556 σὺν
1636 1522 1752 1571 χρόνῳ
1786 1522 1921 1568 ὁρῶμεν
1956 1520 2058 1556 αὐτὸν
2083 1525 2148 1569 γῆν
2181 1533 2288 1568 προσκ

1319 1573 1442 1604 νοῦντά
1460 1570 1514 1603 OG
1536 1568 1636 1605 1653,
1660 1589 1701 1594 -
1722 1570 1735 1613 Η
1753 1571 1909 1602 Proxima
1925 1571 2057 1602 tralatio
2074 1575 2126 1602 est
2142 1571 2183 1602 de
2202 1571 2288 1602 humi

1319 1620 1377 1650 bus
1390 1622 1425 1650 et
1434 1619 1632 1658 spernendis.
1657 1619 1708 1650 De
1726 1619 1874 1650 homine:
1902 1615 1987 1662 μετὰ
2002 1615 2067 1663 γὰρ
2085 1615 2244 1664 μεγάλων
2258 1615 2288 1663 βι

1319 1665 1356 1699 ὸς
1379 1662 1484 1712 ἄριστ’
1502 1662 1542 1698 ἂν
1566 1664 1625 1698 καὶ
1653 1664 1759 1712 μέγας
1786 1661 1919 1710 ὀρθοῖθ’
1959 1662 2025 1699 ὑπὸ
2044 1663 2288 1710 μικροτέρωνΛ

1321 1710 1387 1745 160
1404 1723 1459 1745 an.
1505 1713 1723 1744 Proverbium
1748 1713 1861 1744 laudat
1884 1713 1982 1744 Eust.
2011 1723 2046 1754 p.
2067 1708 2147 1754 992,
2168 1710 2202 1744 4.
2226 1709 2288 1745 109

1318 1757 1374 1792 50.
1398 1761 1463 1792 ΕΜ
1480 1770 1514 1800 p.
1535 1757 1591 1801 81,
1614 1757 1671 1792 28.
1709 1761 1762 1792 De
1779 1770 1834 1792 re:
1863 1758 1953 1807 ῥάκη
1970 1756 2155 1807 προθέντες
2173 1758 2255 1805 βαιά
2270 1759 2288 1792 Ἐ

1317 1804 1396 1848 274,
1426 1809 1460 1839 id
1485 1812 1536 1839 est
1561 1805 1694 1854 εὐτελῆ.
1732 1808 1805 1839 Non
1830 1808 1878 1839 ita
1906 1808 2003 1840 facile
2027 1808 2190 1839 iudicium
2215 1807 2288 1839 de(

1317 1852 1403 1886 750:
1433 1853 1575 1900 πότερον
1602 1853 1726 1901 ἐχώρει
1752 1853 1847 1900 βαιὸς
1871 1851 1894 1899 ἢ
1919 1853 2071 1892 πολλοὺς
2097 1852 2189 1902 ἔχων
2206 1852 2288 1901 άνδρ

1315 1899 1475 1950 λοχίτας;
1507 1903 1610 1934 Recte
1628 1903 1765 1943 quidem
1778 1903 1904 1941 Musgr.
1926 1905 2056 1934 tenuem
2073 1903 2288 1943 interpretatt

1315 1950 1338 1980 i.
1353 1959 1381 1981 e.
1397 1952 1546 1990 tenuiter,
1560 1951 1633 1981 sine
1647 1959 1765 1989 magno
1779 1950 1950 1990 comitatu,
1972 1950 2065 1981 velut
2082 1950 2176 1982 Suid.
2191 1960 2222 1981 v.
2237 1947 2288 1994 βαι

1315 1997 1376 2028 hoc
1394 1998 1463 2029 loco
1482 2007 1564 2029 usus
1583 1998 1694 2029 addito
1712 1994 1761 2034 εἷς
1779 1998 1944 2038 illustrat;
1975 1997 2034 2028 sed
2051 1997 2184 2029 videtur
2202 1995 2288 2037 iynol

1315 2045 1391 2076 litas
1414 2045 1577 2085 quaedam
1600 2045 1835 2084 adsignificari.
1874 2044 2040 2085 Reliquus
2063 2053 2153 2076 unus
2170 2045 2288 2076 locust

1315 2093 1478 2133 scriptura
1502 2092 1653 2123 vexatior
1678 2091 1732 2124 OC
1753 2087 1842 2123 1199
1869 2092 1929 2123 ubi
1953 2101 2029 2133 pars
2054 2092 2214 2123 librorum
2240 2089 2288 2138 ἔχε

1314 2137 1378 2185 γὰρ
1397 2137 1437 2172 οὐ
1456 2137 1549 2184 βίαια
1565 2136 1823 2184 τάνθυμήματα
1847 2141 1917 2171 τῶν
1935 2142 2003 2171 σῶν
2021 2135 2196 2184 ἀδέρκτων
2215 2136 2288 2188 ὀμμς

1313 2197 1382 2219 των
1414 2186 1625 2232 τητώμενος.
1677 2187 1785 2226 Quare
1818 2186 1957 2217 Heathii
1989 2187 2215 2227 suspicionem
2256 2195 2288 2219 οι

1316 2232 1460 2278 βίαια,
1498 2244 1599 2266 sensu
1624 2235 1745 2266 bonam
1769 2232 1960 2272 (iracundia
1990 2242 2022 2264 es
2042 2234 2180 2273 plenus,
2206 2242 2245 2264 επ
2268 2242 2288 2274 q

1314 2283 1492 2313 excaecasti
1510 2285 1554 2320 te)
1579 2283 1761 2323 probarunt
1782 2282 1873 2313 Pors.
1902 2281 1944 2312 ad
1969 2281 2059 2312 Med.
2079 2277 2166 2321 585,
2196 2279 2288 2313 Sohar

1315 2329 1405 2362 Reis.
1427 2329 1543 2360 Elmsl.
1574 2329 1639 2361 Sed
1655 2329 1826 2369 Musgravi
1850 2328 2039 2360 emendatio
2063 2328 2099 2359 in
2117 2328 2234 2359 eadem
2251 2336 2288 2359 se

1314 2377 1423 2408 tentia
1439 2380 1570 2408 versata
1585 2376 1816 2417 praeferenda,
1845 2373 1947 2420 οὐχὶ
1973 2372 2076 2420 βαιά
2089 2401 2097 2414 ,
2125 2385 2224 2416 quam
2241 2383 2288 2407 con

1315 2424 1475 2455 mendant
1492 2424 1550 2455 LA
1565 2427 1599 2454 et
1616 2424 1689 2455 Par.
1711 2424 1749 2463 F,
1786 2424 1822 2454 in
1840 2423 1965 2463 quibus
1992 2420 2094 2470 οὐχὶ
2119 2420 2263 2467 βίαια,

1315 2471 1476 2510 Hesych.,
1498 2471 1646 2502 scribens
1673 2468 1822 2515 βαιόν;
1851 2467 1976 2514 ὀλίγον,
2008 2467 2142 2514 μικρόν.
2173 2465 2260 2515 Σοφ.

1315 2514 1430 2552 Οἰδίπ.
1458 2515 1635 2563 Τυράννῳ.
1675 2515 1721 2551 οὐ
1749 2515 1872 2562 βαιά,
1906 2514 1982 2550 ἀντὶ
2005 2518 2067 2550 τοῦ
2096 2513 2248 2562 ἄφθονος
2269 2525 2288 2549 κ

1315 2563 1454 2602 πολλός.
1490 2566 1561 2597 Hoc
1583 2566 1702 2596 Elmsl.
1730 2565 1864 2604 corrigit
1887 2562 1934 2597 οὐ
1962 2561 2106 2609 βαιός,
2135 2561 2236 2596 ἀντὶ
2266 2573 2288 2596 τ

1314 2609 1475 2658 ἄφιλος
1500 2610 1558 2645 καὶ
1585 2610 1735 2656 μόνος,
1765 2616 1804 2643 ut
1830 2612 2028 2652 respiciatur
2046 2611 2104 2643 ΟΒ
2120 2607 2200 2644 750.
2237 2610 2288 2650 Qu

1314 2660 1397 2691 ratio
1430 2664 1468 2691 ut
1500 2660 1763 2700 violentissima,
1798 2660 1845 2690 ita
1876 2660 1974 2699 longe
2006 2659 2133 2690 leniore
2166 2657 2288 2690 medici

1316 2707 1462 2738 Brunck.
1483 2702 1640 2741 Οἰδίποδι
1658 2705 1692 2739 ἐν
1710 2702 1742 2741 Κ
1755 2703 1867 2739 ολων
1883 2704 1921 2750 ᾧ,
1951 2709 1985 2737 et
2009 2705 2132 2737 deinde
2155 2701 2288 2751 ἅφθοι

1315 2752 1386 2787 καὶ
1411 2751 1562 2786 πολλά.
1608 2754 1663 2786 Sic
1684 2755 1818 2785 minime
1835 2752 2017 2793 spernenda
2034 2753 2288 2792 significabuntu

1314 2801 1431 2832 Heller
1448 2804 1482 2832 et
1500 2802 1654 2832 Doederl.
1678 2798 1717 2834 ού
1737 2798 1828 2845 βίαια
1846 2804 2017 2831 servantes
2035 2800 2217 2840 explicant,
2242 2807 2288 2840 qm

1314 2849 1349 2879 in
1364 2849 1522 2879 vocabulo
1541 2846 1650 2892 βίαιος
1668 2857 1765 2879 nemo
1779 2848 1994 2888 quaesiverit,
2013 2856 2081 2878 non
2096 2848 2176 2878 satis
2187 2845 2288 2886 yravfl

1315 2894 1353 2925 de
1371 2896 1435 2927 tuis
1451 2895 1545 2926 rebus
1560 2894 1738 2928 meditatus
1755 2905 1798 2927 es.
1821 2912 1861 2917 —
1891 2895 1943 2926 De
1960 2897 2100 2926 accentu
2117 2893 2288 2935 praecipiu

1315 2941 1380 2972 EM
1397 2952 1431 2982 p.
1452 2939 1534 2982 417,
1554 2938 1611 2973 29.
1641 2943 1737 2973 Eust.
1758 2952 1792 2983 p.
1816 2938 1917 2981 1067,
1939 2938 1997 2973 23.
2123 2939 2157 2983 (Ι
2173 2950 2207 2981 p.
2227 2934 2288 2972 291

1386 3009 1539 3057 Βαίτη.
1569 3010 1593 3056 ἡ
1613 3009 1650 3044 δὲ
1675 3009 1775 3057 βαίτη
1794 3009 1865 3045 ἐστὶ
1888 3009 2076 3056 προμήκης
2099 3010 2218 3058 χιτών.
2237 3005 2288 3044 οὖα

1315 3056 1352 3092 δὲ
1373 3055 1460 3106 Σοφ.
1480 3057 1616 3096 καὶτὰς
1634 3056 1761 3103 σκηνὰς
1787 3057 1847 3095 τὰς
1875 3055 2083 3103 βαρβαρικὰς
2107 3055 2219 3090 καλεῖ.
2239 3056 2288 3089 Po·

1315 3103 1348 3146 7,
1360 3103 1416 3139 70.
1436 3106 1499 3138 Est
1511 3108 1552 3138 fr.
1566 3107 1631 3138 inc.
1643 3103 1725 3138 853.
1742 3107 1795 3137 De
1804 3109 1943 3138 accentu
1954 3105 2029 3136 vide
2038 3106 2115 3137 Arc.
2128 3115 2162 3146 p.
2177 3099 2285 3144 114‚1

1386 3161 1625 3208 Βάκκᾶρις.
1666 3162 1758 3210 παρὰ
1792 3161 1935 3200 πολλοῖς
1968 3161 2006 3195 δὲ
2037 3166 2106 3196 τῶν
2139 3158 2288 3208 κωμῳδκ

1315 3214 1423 3245 ποιῶν
1443 3209 1646 3256 ὀνομάζεταί
1667 3222 1699 3245 τι
1729 3209 1836 3257 μύρον
1861 3209 2101 3256 βάκκαρις·
2189 3219 2288 3289 μνέΐ

1314 3257 1403 3292 νεύει
1428 3256 1466 3291 δὲ
1489 3262 1553 3304 τῆς
1583 3256 1790 3303 βακκάριδος
1822 3256 1881 3291 καὶ
1907 3254 1995 3302 Σοφ.
2031 3255 2090 3300 (fr.
2118 3258 2184 3288 inc.
2209 3254 2232 3289 8

1314 3306 1441 3338 Athen.
1464 3303 1518 3338 15.
1538 3316 1571 3346 p.
1590 3302 1657 3338 690
1677 3306 1713 3338 G.
1736 3322 1777 3328 —
1798 3306 1894 3336 Ratio
1910 3305 2113 3345 propenacui
2130 3305 2236 3344 iubet,
2256 3309 2288 3335 οῦ

1315 3353 1543 3394 rigendusque
1561 3353 1643 3384 Luc.
1666 3352 1808 3394 Lexiph.
1832 3349 1904 3395 §8
1926 3349 2114 3397 βακχαρίδε
2139 3351 2288 3383 exhibea

1316 3411 1347 3431 v.
1369 3400 1449 3432 Lob.
1471 3401 1551 3432 diss.
1573 3401 1615 3431 11.
1645 3400 1687 3431 de
1705 3403 1789 3432 mut.
1810 3403 1907 3430 term.
1929 3400 2102 3430 nominum
2120 3408 2153 3439 p.
2174 3395 2207 3429 2.
