2288 3600
258 165 359 213 464

254 282 364 320 lynice
382 285 416 312 et
432 281 568 312 Eteocle
584 281 718 321 plenam
736 282 831 320 regni
850 284 1052 323 potestatem
1067 280 1173 313 Creon
1193 281 1271 312 ade-

256 332 336 369 ptus
354 332 436 359 erat.
1062 326 1110 371 (ΙΙ
1125 339 1158 369 p.
1178 325 1273 371 149.)

326 382 510 426 Ναυκλη
522 397 539 432 ρ
551 383 592 419 ία
623 388 806 427 παυίραίιο.
857 385 1022 433 νυκτέρου
1062 384 1274 432 ναυκληρίας

256 434 358 474 Synd.
381 434 421 466 fr.
442 431 521 473 151,
545 431 575 465 1.
605 429 744 471 Ναύτας
762 434 854 466 enim
873 438 907 465 et
922 431 1140 480 ναυκλήρους
1158 445 1176 465 a
1193 443 1274 475 poe-

255 482 298 512 tis
317 482 499 523 permutari
518 484 632 512 notum
651 484 714 513 est.

328 547 540 597 Ναύκληρ
552 562 596 588 ος
613 554 730 583 nauta.
760 547 957 597 ναυκλήρου
975 549 1115 598 τρόποις
1134 550 1272 598 μορφὴν

258 597 413 635 δολώσας
440 598 500 629 Ph.
525 595 602 629 128.
641 599 748 638 Magis
766 598 806 629 ad
825 599 991 638 propriam
1010 600 1161 630 vocabuli
1178 604 1275 640 pote-

255 649 376 678 statem
403 646 486 677 illud
511 646 638 677 accedit
662 643 777 678 πλέων
812 643 888 690 γάρ,
919 644 965 681 ὡς
997 643 1205 693 ναύκληρος,
1234 644 1272 679 ού

255 691 376 739 πολλῷ
394 690 503 738 στόλῳ
531 690 565 731 ἐξ
588 686 690 726 Ἰλίου
710 691 794 739 πρὸς
813 690 909 725 οἷκον
928 692 988 724 Ph.
1011 690 1055 724 54
1093 705 1099 724 z
1129 693 1274 725 eundem

255 750 329 772 sese
356 741 510 780 navigare
537 742 630 772 navis
657 741 831 772 dominum
859 740 1036 778 significat.
1084 742 1135 772 De
1153 751 1207 781 re,
1238 746 1275 771 ut

253 799 316 821 ναυ
342 786 439 832 άτης,
460 788 614 818 navalem
628 788 765 820 indicat.
785 783 980 832 ναύκληρον
1000 785 1133 832 πλάτην
1149 788 1271 828 Naupl.

255 837 295 867 i'r.
318 857 323 865 .
341 833 397 875 87,
420 845 519 875 qulam
537 834 699 879 ναυτικήν
718 835 865 875 explicat
885 834 1083 873 Hesychius.

328 901 358 939 N
368 917 389 938 α
398 917 416 937 υ
427 916 449 938 κ
461 915 478 950 ρ
488 898 509 939 ἅ
519 916 539 937 τ
548 918 576 937 ω
587 916 604 952 ρ
636 906 733 935 navis
759 904 922 935 dominus.
965 898 1014 937 ὅδ’
1049 902 1138 938 ἐστὶν
1171 902 1194 949 ἡ
1200 908 1274 949 μῶν

254 950 457 999 ναυκράτωρ
477 951 494 986 ὁ
513 954 596 989 παῖς
613 952 675 983 Ph.
699 949 800 984 1072.

325 1010 343 1030 *
353 1007 386 1045 Ν
396 1023 416 1044 α
425 1013 444 1044 ῦ
455 1008 475 1043 λ
485 1022 506 1043 α
523 1015 557 1042 et
574 1009 700 1044 ναῦλον
720 1021 751 1042 v.
772 1008 895 1055 νάβλα.

326 1076 358 1114 N
369 1092 390 1113 α
400 1079 417 1113 ύ
428 1082 477 1114 λο
487 1091 538 1127 χο
551 1092 566 1118 ς
580 1085 767 1123 portuosus,
789 1093 819 1114 ν.
835 1078 971 1125 λιμένες
986 1081 1072 1122 quod
1090 1077 1275 1136 ἰῦἰὶλὲγον-
1308 1071 1314 1079 ’

253 1139 308 1162 ται
333 1126 367 1161 αἱ
391 1130 474 1166 ναῦς
498 1130 520 1160 i.
543 1138 572 1160 e.
593 1132 802 1173 κοιμῶνται,
822 1125 846 1173 ἢ
874 1127 908 1161 ἐν
935 1126 988 1165 οἷς
1014 1126 1083 1160 ἔστι
1107 1138 1168 1164 τας
1192 1129 1275 1164 ναῦς

255 1174 423 1222 λοχῗσαι,
443 1177 477 1207 -i.
499 1186 531 1217 q.
560 1173 759 1222 κρυφθῆναι
792 1176 1009 1217 explicantur
1033 1175 1073 1206 ab
1106 1175 1199 1206 Eust.
1237 1184 1270 1215 p.

256 1193 358 1262 1515,
380 1219 437 1261 59,
459 1224 581 1254 melius
600 1232 698 1264 quam
725 1220 916 1256 συνεκτικοὶ
931 1226 1000 1255 τῶν
1018 1226 1126 1260 νεῶν,
1156 1219 1209 1267 ἐφ’
1227 1221 1273 1254 ὧν

255 1269 290 1304 αἱ
313 1272 396 1307 ναῦς
419 1269 599 1316 ὀχοῦνται,
626 1271 735 1302 eidem
760 1280 794 1311 p.
818 1267 920 1311 1540,
941 1267 987 1301 23
1023 1267 1057 1301 ἐν
1083 1262 1110 1315 ᾧ
1133 1267 1168 1302 αἱ
1192 1271 1275 1306 ναῦς

253 1316 386 1365 λοχῶσι
405 1318 549 1357 Hesych.
572 1323 606 1349 et
624 1317 738 1358 Suid.,
767 1318 819 1349 hic
837 1317 950 1348 addito
974 1314 997 1360 ἢ
1025 1313 1272 1358 ἀναπαύονται,

255 1357 420 1397 εΧῬὴοῐ.
449 1375 482 1405 p.
503 1361 584 1405 289,
605 1362 639 1396 4.
664 1382 704 1387 -
723 1362 918 1410 ναυλόχους
943 1362 1053 1397 λιπὼν
1090 1360 1190 1410 ἕδρας
1217 1364 1270 1394 Ai.

254 1409 334 1445 460.
359 1430 401 1435 -
429 1411 641 1444 Substantive
659 1412 801 1452 dietum,
831 1413 872 1444 de
889 1422 955 1453 quo
974 1421 1039 1442 usu
1055 1411 1119 1442 EM
1135 1420 1169 1451 p.
1191 1407 1272 1450 598,

254 1456 300 1492 36
325 1456 571 1506 ναύλοχος;
609 1458 627 1493 ὁ
653 1457 772 1515 λιμην.
811 1456 846 1491 ἐν
873 1452 901 1505 ᾧ
919 1457 953 1492 αἱ
969 1460 1053 1496 ναῦς
1069 1462 1270 1503 κοιμῶνται.

256 1507 312 1539 Sic
323 1507 452 1538 dictum
467 1507 495 1540 ὦ
511 1504 667 1553 ναύλοχα
683 1518 742 1540 και
759 1517 821 1540 πετ
884 1518 905 1539 α
921 1504 1050 1552 λουτρὰ
1067 1503 1126 1538 καὶ
1143 1504 1274 1551 πάγους

255 1550 362 1592 osta<
387 1547 695 1600 παραναιετάοντες
722 1554 778 1586 Tr.
801 1551 822 1585 6
886 1554 939 1587 ch.
969 1554 1027 1584 ubi
1052 1553 1275 1584 communiter

254 1603 295 1634 ab
320 1598 427 1638 Οἷτας
469 1602 730 1643 suspenduntur
762 1599 962 1647 ναύλοχα
996 1602 1018 1632 i.
1049 1610 1078 1633 e.
1115 1597 1270 1644 λιμένας,

254 1646 419 1708 λουτρά
444 1654 478 1681 et
504 1646 685 1694 πάγους.
722 1650 842 1689 Inepte
865 1645 1022 1695 ναύλοχα
1046 1646 1105 1681 καὶ
1128 1649 1274 1694 πετραῖα

254 1694 382 1743 λουτρα
395 1697 660 1736 coniunguntur.

326 1762 545 1810 [Ναύπλιο
558 1777 574 1804 ς
592 1775 627 1799 n.
648 1775 698 1807 pr.
728 1767 865 1807 Duplex
883 1766 1019 1797 videtur
1035 1765 1192 1797 extitisse
1212 1763 1273 1796 So-

255 1814 406 1855 phocliae
441 1814 574 1846 fabulae
603 1813 727 1854 editio,
773 1823 915 1854 quarum
948 1814 1053 1844 altera
1096 1807 1274 1848 Ναύπλιος

255 1859 478 1902 καταπλέων,
508 1862 613 1893 altera
634 1858 807 1908 πυρκαεύς
832 1861 1084 1892 inscriberetur.
1112 1871 1143 1891 v.
1167 1859 1269 1891 Dind.

255 1913 334 1941 ante
351 1910 393 1941 fr.
416 1905 634 1952 375—388.]

326 1974 442 2015 Ναῦς
466 1979 573 2010 navis.
614 1978 709 2010 Nom.
737 1975 785 2023 χή
810 1979 894 2015 ναῦς
919 1975 982 2024 γὰρ
1009 1974 1080 2016 ἄξει
1107 1977 1167 2009 Ph.
1189 1973 1269 2008 527.

256 2023 334 2059 οὔτε
359 2023 487 2105 πύὲἷος
513 2022 592 2059 οὔτε
617 2026 699 2058 ναῦς
723 2025 781 2057 on
798 2021 855 2056 56.
893 2022 907 2069 [

255 2078 339 2113 trag.
355 2082 389 2114 p.
449 2070 483 2105 3.
499 2073 662 2112 Renner.,
676 2072 717 2103 de
727 2072 805 2104 dial.
818 2072 911 2111 lyric.
926 2082 959 2113 p.
973 2069 1039 2104 231
1053 2069 1122 2115 sq.]
1134 2090 1176 2095 —
1188 2071 1268 2103 Gen.

257 2121 340 2152 Tres
357 2121 481 2152 formae
506 2121 640 2160 tragicis
666 2120 811 2151 usitatae
834 2122 935 2160 sunt,
965 2129 1107 2161 quarum
1123 2116 1227 2151 ναός
1253 2129 1274 2151 α

255 2167 416 2209 producto
442 2171 476 2199 et
499 2166 607 2204 νεώς
633 2167 812 2208 promiscui
836 2167 1062 2198 diverbiorum
1085 2171 1119 2198 et
1137 2166 1272 2198 melico-

256 2224 331 2247 rum
346 2225 428 2247 usus
446 2218 539 2255 sunt,
558 2212 638 2260 νηό
650 2225 665 2251 ς
683 2222 815 2255 perraro
833 2222 895 2245 nec
913 2214 980 2245 nisi
998 2214 1055 2245 ubi
1071 2214 1179 2254 prima
1195 2222 1273 2253 pro-

256 2263 356 2305 ducta
379 2271 481 2303 opus,
510 2262 546 2294 in
570 2262 730 2293 diverbiis
756 2261 836 2292 solis
860 2261 995 2301 legitur.
1035 2261 1127 2292 Haec
1150 2261 1275 2300 legitur

257 2310 374 2341 semel.
411 2305 628 2355 ἐμηρύσαντο
652 2307 736 2353 νηὸς
768 2305 894 2355 ἰσχάδα
920 2309 960 2340 fr.
988 2309 1055 2340 inc.
1085 2304 1153 2339 699
1188 2308 1210 2338 i.
1241 2316 1269 2338 e.

259 2354 283 2396 ἅ
303 2367 424 2402 κυραν.
470 2357 639 2398 Improbat
663 2356 775 2387 noscio
799 2355 875 2396 quis
900 2364 954 2396 ap.
975 2355 1098 2387 Matth.
1123 2354 1164 2386 ad
1181 2354 1270 2385 Med.

258 2368 347 2444 520,
374 2404 501 2444 ubique
527 2401 607 2440 ναός
625 2403 879 2435 rescribendum
895 2403 1089 2438 arbitratus.
1118 2402 1273 2433 Pruden-

256 2451 321 2484 tior
346 2450 466 2483 Elmsl.
493 2450 534 2482 ad
559 2461 590 2481 v.
616 2447 685 2481 510
718 2451 842 2491 ubique
871 2450 1034 2481 fluctuare
1058 2450 1160 2480 libros
1186 2449 1275 2480 inter

256 2496 341 2544 νηός
366 2502 400 2530 et
423 2495 503 2535 ναός
529 2498 702 2529 observato
725 2506 792 2528 non
811 2496 944 2528 videtur
970 2497 1059 2528 ultra
1076 2497 1147 2528 veri
1164 2504 1273 2536 quan-

257 2546 332 2578 dam
356 2544 616 2576 similitudinem
642 2544 807 2585 progredi.
845 2543 911 2583 Qui
937 2553 1012 2575 eum
1038 2541 1094 2576 ναΐ
1110 2544 1189 2579 νᾶες
1208 2551 1272 2574 non

258 2593 328 2624 sint
345 2593 411 2624 nisi
436 2593 472 2623 in
489 2592 641 2631 canticis,
662 2591 764 2623 etiam
786 2587 870 2636 νηός
894 2591 1055 2622 diverbiis
1073 2590 1274 2621 servandum

257 2641 334 2681 quis
361 2640 547 2670 existimet.
584 2639 630 2671 At
653 2635 753 2676 ναός
782 2639 815 2669 in
841 2637 995 2669 diverbiis
1021 2647 1112 2669 nunc
1130 2638 1268 2677 legitur:

256 2685 339 2723 ναὸς
358 2683 449 2723 ὅστις
466 2684 483 2718 ἐ
505 2688 616 2731 κρατῆ
641 2682 731 2718 πόδα
752 2682 864 2721 τείνας
882 2686 962 2716 Ant.
986 2681 1065 2716 715.
1094 2681 1175 2721 ναὸς
1200 2693 1275 2717 κοι-

257 2731 407 2767 νόπλουν
432 2697 568 2778 ὁμιλίαν
595 2733 650 2765 Ai.
671 2728 753 2763 872.
791 2732 875 2764 Nam
892 2732 932 2763 de
952 2732 1107 2770 Thamyr.
1129 2732 1170 2763 fr.
1190 2726 1269 2771 226,

259 2778 281 2812 3
299 2780 452 2812 versibus
470 2780 722 2821 corruptissime
740 2779 876 2820 scriptis
893 2779 979 2810 nihil
997 2779 1150 2810 decerno.
1171 2788 1188 2810 ν
1199 2775 1248 2811 αό
1259 2788 1275 2814 ς

260 2830 296 2859 in
311 2829 499 2867 anapaestis
515 2830 586 2859 est:
614 2825 696 2863 ναὸς
714 2823 843 2872 ἀρωγοὶ
858 2827 922 2871 τῆς
941 2822 1090 2862 Αἴαντος
1107 2826 1161 2857 Ai.
1182 2821 1269 2863 201,

259 2876 294 2906 in
311 2875 435 2906 melicis
452 2871 661 2908 πολύκωπον
679 2870 801 2920 ὄχημα
816 2870 896 2910 ναός
915 2872 971 2904 Tr.
988 2869 1069 2904 656.
1097 2870 1179 2905 ναὸς
1195 2868 1276 2917 άξε-

258 2931 317 2955 νον
343 2917 448 2966 ὅρμον
483 2921 543 2953 Ph.
564 2917 645 2953 217.
681 2919 763 2957 ναὸς
787 2913 834 2953 ἵν’
870 2917 957 2964 ἡμῖν
988 2917 1150 2952 τέτακται
1171 2915 1271 2951 1180.

259 2968 365 3005 νεώς
390 2969 424 3000 iu
450 2968 603 3000 diverbt‘is
621 2971 690 3000 est:
718 2966 805 3005 νεὼς
830 2969 894 3011 σῆς
916 2964 1090 3045 ναυὲάτης
1108 2966 1169 2997 Ph.
1192 2961 1272 2997 540.

260 3015 346 3053 νεὼς
372 3018 434 3060 σῆς
461 3011 572 3062 φύλαξ
596 3011 676 3046 543.
704 3013 791 3050 νεὼς
818 3011 945 3059 ἄγοντα
961 3009 982 3045 6
1007 3009 1042 3045 0.
1061 3015 1125 3058 τῆς
1147 3008 1276 3047 Ὀδυσ-

262 3059 350 3099 σέως
374 3061 459 3100 νεώς
477 3058 556 3094 636.
584 3061 671 3098 νεώς
695 3071 734 3107 γε
780 3062 819 3097 ’ς
837 3059 927 3106 ἐμῆς
954 3058 1005 3093 ἔνι
1021 3056 1101 3092 648.
1131 3057 1178 3096 εἰς
1196 3055 1275 3091 ὅσον

259 3107 304 3142 τά
324 3106 353 3142 τ’
376 3107 417 3142 ἐκ
440 3108 525 3146 νεὼς
551 3105 708 3142 στείλωσι
726 3104 770 3139 10
796 3104 828 3139 6.
858 3106 945 3144 νεὼς
963 3105 1052 3151 ὁμοῦ
1071 3103 1216 3153 στείχων
1236 3101 1276 3138 ἂν

260 3153 305 3198 ἢν
332 3152 434 3188 1218.
470 3153 684 3200 κυβερνήτην
709 3154 794 3191 νεώς
818 3154 877 3186 OR
894 3150 974 3186 923.
1009 3151 1166 3199 λαίφεσιν
1190 3151 1276 3190 νεώς

264 3203 320 3235 Tr.
342 3200 407 3235 561
435 3203 471 3233 in
493 3203 642 3234 melicis:
669 3195 720 3235 ἐπ’
747 3198 912 3234 εύστόλου
937 3197 1078 3247 ταχείας
1100 3199 1187 3237 νεώς
1210 3199 1272 3230 Ph.

262 3245 341 3280 516.
365 3266 407 3272 —
436 3249 550 3281 Datim·
567 3250 733 3290 scriptura
749 3248 854 3280 altera
874 3245 948 3293 νηί
965 3247 1126 3279 diverbiis
1138 3271 1146 3287 ‚
1173 3246 1277 3278 altera

260 3293 316 3329 ναῖ
333 3296 462 3337 melicis
478 3297 631 3337 partibus
649 3295 819 3327 convenit.
847 3294 910 3326 Illa
925 3297 1058 3326 exstat:
1085 3291 1144 3339 νηὶ
1160 3302 1278 3326 ποικι-

261 3339 416 3387 λοστόλῳ
434 3342 496 3373 Ph.
518 3339 597 3374 343.
619 3339 700 3375 οὑπὶ
715 3339 774 3386 νηὶ
790 3337 895 3379 πόνος
912 3337 993 3373 891.
1021 3341 1153 3372 Altera:
1177 3337 1277 3386 ζυγὸν

261 3386 463 3434 ποντοπόρῳ
490 3386 548 3422 ναῖ
582 3385 739 3433 μεθεῖναι
762 3389 818 3420 Ai.
837 3383 920 3420 250.
944 3404 985 3411 -
1013 3388 1131 3419 Accua.
1146 3397 1157 3417 .·
1192 3384 1278 3432 πρὸς

261 3436 344 3467 ναῦν
366 3435 426 3466 Ph.
451 3431 528 3466 125.
565 3434 650 3479 πρὸς
675 3435 758 3468 ναῦν
781 3431 852 3479 εἶμι
875 3430 954 3466 132.
991 3431 1061 3478 εἶμι
1086 3431 1172 3479 πρὸς
1195 3433 1278 3465 ναῦν

996 159 1265 231 Ναυκληρία
1290 191 1359 198 -—
1382 158 1580 218 Νεανίας

1291 1694 1292 1700 ,
1310 1655 1352 1691 τά
1376 1655 1404 1691 τ’
1429 1651 1478 1692 ἐκ’
1502 1658 1587 1695 νεὼς
1607 1655 1762 1691 στείλωσι
1780 1659 1900 1691 ναῦται
1920 1655 2020 1690 1077.
2048 1658 2168 1691 ναῦται
2185 1650 2210 1691 δ’

909 2026 952 2056 cf.
966 2025 1100 2064 Germ„
1127 2025 1167 2056 de
1190 2024 1269 2055 dial.
1291 2012 1294 2068 1

1992 172 2040 220 [11
2058 185 2093 217 p.
2117 156 2267 215 148-1‘5

1310 276 1391 312 461.
1413 274 1482 323 εἶμ’
1508 277 1564 313 ἐπὶ
1587 281 1670 313 ναῦν
1689 276 1769 312 627.
1796 276 1854 313 ἵνα
1881 273 2062 326 ὁρμώμεθ’
2084 277 2120 318 ἐς
2143 281 2226 315 ναῦν
2248 281 2278 321 2',

1313 343 1354 349 —
1374 327 1518 358 Pluralis
1543 329 1671 359 nomin.
1700 331 1796 359 extra
1821 327 1938 359 melica
1963 332 2030 359 non
2054 327 2190 368 legitur.
2217 329 2267 360 In·

1311 377 1364 405 est
1396 371 1578 407 ἁλίκτυποι
1610 372 1765 407 κελαιναὶ
1797 375 1876 411 νᾶες
1900 374 1981 406 Ant.
2003 370 2084 407 953.
2113 393 2154 398 —
2182 373 2211 407 θ

1311 421 1415 452 forma
1432 430 1499 452 una
1521 425 1628 454 νεῶν
1654 422 1790 462 utrique
1808 423 1971 453 sermonis
1987 422 2101 461 generi
2127 431 2257 454 commu
2268 422 2276 442 Γ

1312 468 1463 499 Alterius
1488 468 1569 499 haec
1593 472 1690 500 sunt:
1722 466 1807 501 πλευ
1833 467 1870 501 ὸν
1889 464 2031 515 ἕσπερον
2048 471 2136 502 νεῶν
2170 469 2226 501 Ai.
2242 465 2266 500 8

1310 518 1395 547 νεῶν
1420 516 1595 552 ναυτικοῖς
1622 513 1777 553 ἑδωλίοις
1825 512 1912 555 276;
1943 516 2081 548 alterius
2107 515 2206 548 haec:
2249 514 2278 557 i,

1311 559 1480 595 ὠκυάλων
1504 566 1591 594 νεῶν
1624 563 1679 595 Αἰ.
1702 560 1782 594 710.
1818 564 1868 594 De
1893 563 1996 594 altera
2021 563 2124 595 forma
2155 564 2277 606 ναῶ)

1312 610 1508 640 Blomfleldo
1525 611 1634 641 sentio
1653 610 1776 641 Aesch.
1798 610 1890 641 Pers.
1911 606 1997 650 389,
2026 610 2236 650 relegandam
2260 623 2275 654 ι,

1312 666 1354 687 ex
1382 666 1536 688 sermone
1561 658 1780 697 tragicorum,
1809 658 1875 688 nisi
1894 660 1999 688 metro
2015 661 2182 698 poscatur.
2216 656 2263 689 G·-

1312 704 1460 743 gendum
1480 703 1583 742 igitur
1598 715 1615 736 ν
1628 707 1710 736 εῶν
1726 715 1764 736 τε
1782 706 2029 750 ποιμαντῆρσιν
2047 704 2167 746 Naupl.
2186 705 2226 736 fr.

1315 748 1376 790 103
1408 751 1507 790 vulgo
1532 752 1690 782 scribitur
1713 755 1834 784 ναῶν.
1858 769 1899 775 --
1928 751 2007 782 Dat.
2029 755 2159 783 constat
2181 752 2217 783 in
2241 748 2274 784 δ’

1311 795 1409 830 ναυσὶ
1433 796 1608 842 ναυβάτην
1635 798 1693 829 Ph.
1719 795 1819 830 1027.
1843 816 1884 821 -
1904 799 2022 830 Aecus.
2035 809 2045 828 .·
2063 800 2158 839 ναῦς,
2178 795 2218 836 ἃς
2240 813 2246 817 ·
2263 791 2272 833 s

1314 842 1539 878 ἐναυστόλουν
1561 845 1621 876 Ph.
1643 841 1724 877 279.
2033 843 2084 888 (11
2101 856 2134 887 p.
2152 842 2231 885 150,
2264 841 2272 869 ἒ

1383 891 1630 947 [Ναυσικάα
1655 914 1688 935 ιι.
1717 914 1768 945 pr.
1799 905 2047 936 Inscribebatur
2071 905 2120 936 sic
2144 890 2261 946 soph(

1311 951 1401 991 bula,
1423 961 1509 991 quae
1529 952 1660 983 videtur
1676 952 1792 983 eadem
1811 952 1951 991 satyrica
1968 952 2074 983 fuisse
2101 961 2186 993 quae
2212 947 2241 986 Π
2281 985 2286 988 ,

1311 1009 1410 1044 τριαι.
1433 999 1475 1030 cf.
1498 999 1539 1030 fr.
1559 994 1747 1030 389—392
1765 1008 1818 1040 ap.
1841 996 1963 1042 Dind.]

1383 1064 1415 1101 N
1427 1080 1447 1101 α
1457 1079 1475 1101 υ
1487 1079 1559 1101 στο
1569 1066 1614 1101 λέ
1624 1082 1664 1102 ω.
1688 1069 1823 1109 Proprie
1840 1071 1961 1109 παυίρο
1978 1073 2014 1100 et
2029 1077 2115 1100 nave
2126 1068 2229 1110 profic
2247 1094 2249 1096 .

1313 1112 1347 1153 ἐξ
1377 1112 1476 1148 Ἰλίου
1494 1126 1547 1149 τοι
1574 1114 1615 1161 δὴ
1634 1113 1676 1148 τὰ
1700 1118 1759 1148 νῦν
1798 1127 1813 1148 ε
1837 1114 2014 1149 ναυστολῶ
2040 1115 2100 1146 Ph.
2121 1113 2203 1148 245.
2263 1117 2264 1120 ’

1312 1160 1352 1199 ἃς
1378 1161 1469 1209 ἔχων
1497 1161 1721 1196 ἐναυστόλουν
1755 1160 1777 1194 2
1803 1161 1834 1195 9.
1866 1162 1916 1208 μή
1941 1173 1983 1208 με
2014 1161 2215 1196 ναυστολεῖν

1311 1207 1391 1242 349.
1446 1220 1556 1243 κουσα
1579 1208 1659 1247 τοὺς
1683 1207 1809 1248 ναύτας
1834 1208 1883 1244 ὅτι
1910 1210 1963 1243 σοὶ
1989 1207 2113 1246 πάντες
2130 1207 2197 1243 εἶεν
2222 1219 2253 1244 ο

1311 1267 1435 1290 ναυστο
1459 1255 1584 1302 ηκότες
1610 1255 1679 1288 550
1704 1255 1785 1301 [quo
1812 1259 1881 1289 loco
1909 1258 2012 1289 Dind.
2042 1267 2070 1289 c.
2093 1257 2194 1289 Dobr.
2242 1250 2264 1283 ιζ

1312 1301 1713 1350 συννεναυστοληκότεςζξ.
1751 1305 1882 1336 Tralate
1910 1305 1951 1336 de
1976 1304 2117 1345 quolibet
2142 1306 2218 1336 m
2256 1307 2268 1313 ”

1311 1353 1410 1383 citur.
1438 1348 1592 1384 ἵπποισιν
1607 1377 1614 1390 ,
1641 1348 1664 1396 ἢ
1689 1349 1853 1396 κύμβαισι
1876 1349 2077 1388 ναυστολεῖς
2093 1349 2226 1398 χθόνα;
2254 1348 2257 1354 ’

1311 1399 1459 1430 dromed.
1490 1399 1531 1430 fr.
1560 1396 1638 1438 129,
1661 1409 1726 1440 qua
1751 1400 1867 1430 eadem
1891 1400 1998 1439 figura
2022 1408 2105 1430 usus
2130 1402 2183 1430 est
2206 1397 2235 1430 E

1312 1446 1399 1478 Med.
1421 1443 1507 1485 6773
1540 1447 1648 1486 tangit
1667 1447 1780 1478 Valck.
1803 1447 1843 1478 ad
1867 1447 1989 1478 Herod.
2011 1442 2044 1483 6,
2070 1442 2146 1486 129,
2166 1442 2200 1486 4,
2231 1443 2258 1475 ⁵1⁴

1311 1494 1399 1534 quod
1425 1494 1526 1534 plane
1550 1494 1754 1525 contrarium
1779 1498 1851 1534 est,
1879 1491 1958 1527 ναῖα
1981 1491 2100 1538 ἀπήνη
2127 1493 2206 1525 Eur.
2247 1494 2250 1497 ’

1313 1537 1404 1572 1112
1421 1550 1488 1572 non
1507 1541 1706 1572 mediocrem
1734 1542 1843 1572 lucem
1860 1542 1994 1582 accipit.
2234 1540 2238 1551 ²

1382 1606 1445 1644 Να
1457 1609 1533 1656 ύτη
1546 1622 1561 1648 ς
1578 1614 1694 1643 nauta.
1725 1608 1819 1656 φίλοι
1835 1612 1956 1644 ναῦται
1980 1611 2042 1642 Ph.
2063 1607 2144 1642 531.
2173 1608 2221 1651 είς
2238 1603 2246 1635 s

1313 1703 1456 1751 ρύσαντο
1481 1704 1563 1751 νηὸς
1590 1702 1717 1751 ἰσχάδα
1739 1706 1780 1737 fr.
1802 1706 1868 1737 inc.
1891 1701 1970 1737 699.
2000 1702 2080 1742 τοὺς
2105 1699 2253 1745 ναύτας

1311 1749 1391 1784 549.
1419 1750 1545 1790 ναύτας
1571 1750 1816 1799 ἐφορμήσαντα
1842 1753 1897 1784 Ai.
1922 1749 2023 1784 1143.
2060 1752 2126 1784 Sed
2143 1761 2243 1792 gene,

1311 1801 1439 1832 dictum
1457 1797 1762 1845 ξυνναυβάτην
1788 1800 1957 1840 significat
1974 1797 2023 1844 μή
2043 1793 2077 1844 μ’
2093 1795 2185 1845 ἄγειν
2201 1799 2242 1832 ν’-

1311 1848 1372 1879 Ph.
1395 1844 1474 1879 901.
1513 1847 1605 1879 Suid.
1642 1844 1748 1879 ναύτ
1791 1858 1827 1884 ςε
1855 1845 1915 1880 καὶ
1948 1845 1966 1880 ὁ
2002 1843 2178 1891 ἐπιβάτης.
2233 1847 2240 1874 J
2254 1874 2263 1881 ,.

1310 1899 1388 1926 tono
1408 1895 1504 1927 docet
1520 1894 1585 1926 EM
1602 1904 1635 1934 p.
1657 1890 1737 1934 435,
1783 1892 1816 1926 8.

1381 1961 1411 1998 Ν
1423 1976 1470 1997 αυ
1482 1976 1501 1996 τ
1512 1975 1521 1996 ι
1531 1962 1578 1997 κό
1589 1970 1604 1996 ς
1619 1966 1761 1996 navalis.
1790 1963 1829 1997 τὸ
1843 1963 2001 1998 ναυτικὸν
2020 1959 2198 2011 στράτευμ’
2221 1989 2228 1994 ..
2240 1965 2245 1986 -’

1312 2015 1359 2045 ῶν
1385 2012 1445 2043 Ph.
1466 2009 1522 2043 58.
1551 2010 1703 2057 ναυτικῷ
1719 2009 1830 2057 στόλῳ
1851 2008 1931 2043 561.
1961 2010 2019 2044 ἐπὶ
2046 2012 2188 2056 σκηναῖς
2226 2014 2237 2054 ’ζ

1311 2061 1389 2096 καῖς
1408 2060 1462 2090 Αἰ.
1484 2055 1517 2090 3
1547 2055 1636 2103 ἀμφὶ
1660 2062 1748 2092 νεῶν
1773 2056 1927 2092 ἄκιοισιν
1952 2056 2021 2103 ἥὸη
2038 2059 2212 2096 ναυτικοῖς
2230 2086 2233 2090 .

1311 2104 1398 2143 λίοις
1416 2104 1521 2151 πυρὸς
1541 2103 1726 2150 φλέγοντος
1746 2102 1811 2137 127
1840 2132 1846 2138 .
1869 2106 1978 2138 Schol.
2001 2107 2089 2138 l’al.:
2143 2114 2229 2150 γουΨ
2286 2110 2288 2141 3

1313 2153 1508 2199 στρώμασι,
1540 2151 1751 2197 σανιὸώμασι
1775 2157 1844 2186 τῶν
1869 2156 1969 2186 νεῶν.
1991 2171 2037 2176 ——-
2062 2150 2109 2190 εἰς
2156 2150 2173 2186 ὲ
2214 2158 2237 2177 1'
2286 2164 2288 2178 ³

1313 2199 1429 2247 σκάφη
1448 2198 1628 2245 πηδῶντος
1647 2197 1755 2246 ἄρδην
1774 2193 1941 2247 Ἕκτορος
1961 2196 2051 2231 1278
2070 2201 2105 2231 in
2120 2191 2231 2233 naveh
2287 2224 2288 2229 ,

1387 2266 1701 2314 Ναυτίλλομαι
1723 2272 1856 2310 naviyo.
1892 2267 2023 2308 ὑπτίοις
2057 2262 2239 2314 celgimon-e*

1310 2316 1462 2351 τίλλεται
1487 2319 1568 2349 Ant.
1592 2315 1669 2349 717.
1708 2318 1747 2349 V.
1769 2319 1795 2349 Ι.
1818 2318 1860 2349 H.
1882 2319 1980 2350 Voss,
2010 2318 2050 2349 ad
2076 2318 2168 2349 Atat.
2210 2318 2231 2358 ῑ,

1311 2362 1368 2396 44.
1399 2365 1547 2397 Nitzseh.
1568 2365 1609 2396 ad
1634 2364 1754 2404 Odyss.
1776 2362 1810 2405 4,
1832 2361 1912 2396 671.
2190 2367 2193 2369 “

1382 2431 1414 2469 Ν
1425 2447 1446 2468 α
1457 2446 1475 2467 υ
1486 2427 1530 2468 τί
1544 2432 1564 2467 λ
1575 2445 1592 2467 o
1604 2445 1619 2472 ς
1637 2436 1769 2466 navalis
1786 2444 1812 2466 s.
1829 2436 2026 2467 maritimus.
2047 2431 2232 2469 *ναυτίλ

1310 2494 1352 2530 τῃ
1375 2483 1436 2514 Ph.
1457 2479 1524 2514 220
1548 2479 1612 2525 [sic
1629 2491 1739 2523 apogr.
1767 2482 1947 2523 pleraque:
1976 2479 2046 2515 κάκ
2071 2479 2170 2519 ποίας
2205 2501 2218 2506 ’-

1315 2531 1372 2561 LA
1390 2530 1429 2568 B,
1457 2530 1548 2561 unde
1574 2529 1700 2560 Nauck.
1728 2526 1798 2562 κάκ
1824 2528 1925 2566 ποίας
1959 2527 2069 2575 τύχης
2102 2528 2222 2570 quode

1315 2574 1448 2620 Dind.].
1489 2575 1574 2608 Cum
1600 2577 1723 2615 synesi,
1753 2579 1792 2607 ut
1817 2573 1928 2621 ἀνήρ
1955 2576 2164 2616 intelligatur

1312 2622 1486 2670 δέδεγμαι,
1510 2620 1632 2669 φόρτον
1652 2621 1739 2656 ὥστε
1755 2620 1914 2660 ναυτίλος
1933 2623 1988 2655 Tr.
2009 2619 2077 2654 537
2095 2623 2116 2654 i.
2134 2632 2166 2664 q.
2200 2648 2204 2654 ,

1310 2670 1359 2717 τῷ
1377 2668 1515 2704 θέλοντι
1530 2666 1699 2702 ναυτίλων
1717 2670 1774 2701 Ai.
1798 2667 1898 2702 1146.
1926 2667 2140 2715 ναυτίλῳ,
2176 2669 2211 2695 ‘¹ss
2249 2692 2252 2697 «

1313 2728 1389 2749 nam
1416 2718 1613 2758 scripturam
1640 2717 1742 2749 schol.
1770 2722 1804 2748 et
1830 2717 1916 2749 Flor.
1938 2714 1965 2750 Θ
1991 2717 2149 2757 exhibet,
2191 2728 2203 2742 ιη
2276 2710 2279 2718 ’

1313 2767 1454 2797 loannes
1474 2765 1568 2796 Diae.
1590 2764 1630 2795 ad
1648 2764 1782 2795 Hesiod.
1807 2764 1930 2804 Theog.
1951 2774 1984 2805 p.
2006 2761 2076 2796 252
2094 2764 2129 2795 in
2145 2759 2217 2801 1110„ss

1312 2813 1457 2851 invenit,
1473 2815 1511 2842 ut
1531 2812 1653 2842 iniuria
1666 2811 1823 2842 Aldinam
1841 2812 1989 2843 incuriae
2003 2818 2180 2852 operarum,
2203 2833 2211 2851 4

1314 2859 1459 2891 Brunck.
1483 2876 1526 2881 —
1547 2860 1730 2890 Accentum
1749 2859 1878 2889 notavit
1896 2858 1972 2890 Arc.
1994 2867 2026 2898 p.
2048 2855 2104 2898 55,
2125 2848 2210 2892 20-kav
2264 2862 2266 2865 ·

1386 2924 1538 2967 Νεάζω
1567 2927 1582 2970 ΙΙ
1612 2929 1737 2959 iuvenis
1753 2938 1837 2968 sum,
1860 2930 2041 2960 iuveneseo.
2069 2925 2110 2961 τὸ
2125 2918 2206 2973 γὰρ’

1313 2974 1348 3009 ἐν
1366 2973 1515 3009 τοιοῖσδε
1535 2973 1694 3019 βόσκεται
1709 2974 1856 3021 χώροις,
1884 2969 1925 3008 ἵν’
1955 2972 2059 3008 αὑτοῦ
2079 2974 2133 3007 Tr.
2155 2970 2171 3005 1
2192 2979 2206 3006 ⁶.

1312 3026 1418 3054 aetate
1430 3024 1539 3054 minor
1555 3023 1679 3053 dicitur
1703 3021 1758 3068 χώ
1777 3020 1839 3066 μὲν
1856 3019 1986 3060 νεάζων
2010 3019 2070 3054 καὶ
2085 3031 2143 3068 χρ
2168 3020 2218 3082 γ’
2272 3035 2274 3041 ·

1311 3069 1419 3115 γεγώς
1437 3069 1492 3101 OG
1510 3065 1580 3101 374
1606 3069 1773 3101 Eteocles.
2052 3067 2099 3111 (ΙΙ
2116 3077 2150 3108 p.
2236 3099 2238 3101 ,
2264 3094 2266 3098 ,

1383 3123 1694 3172 *Νεακόνητος
1726 3138 1755 3162 v,
1783 3125 1999 3172 νεοκόνητος.
2175 3122 2195 3137 “”

1384 3182 1417 3229 [*
1428 3181 1459 3219 Ν
1468 3196 1484 3218 ε
1495 3185 1516 3218 ἆ
1527 3183 1578 3229 λή
1590 3196 1606 3222 ς
1633 3186 1770 3216 iuvenili.
1787 3185 1899 3216 robore
1922 3184 2092 3225 praeditus
2117 3179 2172 3214 OG
2184 3217 2205 3226 ,Ἰ
2252 3206 2255 3209 «

1312 3230 1452 3280 νέωρος.
1495 3233 1546 3264 De
1572 3243 1593 3264 α
1618 3232 1742 3263 Atticis
1766 3233 1926 3273 producto
1952 3242 1981 3263 v.
2012 3229 2115 3262 Dind.
2133 3227 2208 3282 edt

1312 3280 1353 3311 ad
1371 3280 1403 3311 h.
1427 3277 1470 3323 1.]
2166 3290 2193 3317 μ

1384 3329 1530 3371 Neo-w?
1543 3347 1590 3374 ας
1615 3336 1813 3368 adolescens,
1844 3334 1983 3382 στρατὸς
2008 3332 2035 3368 δ’
2060 3330 2193 3368 ἀνωλ

1312 3382 1452 3463 &32:303-
1465 3384 1518 3416 El.
1532 3380 1613 3415 750.
1642 3382 1675 3416 οἱ
1693 3379 1719 3415 δ’
1739 3381 1952 3428 αύθόμαιμοι
1969 3383 2030 3415 ποῖ
2046 3377 2193 3438 νεανίαις

1438 3438 1470 3462 o.
