2288 3600
1981 159 2080 206 277

22 271 97 309 θεω
119 277 168 308 ὢν
184 270 254 309 Δελ
282 276 360 309 ts<
375 271 433 322 ἀφ’
452 271 564 308 ἑστίας
579 274 634 308 00
644 270 724 306 413.
744 275 902 306 νασιῶτιν
920 268 1032 306 ἑστίαν
1069 273 1113 304 tis
1130 273 1318 313 proximum
1331 276 1475 314 teneret,
1497 274 1638 315 ideoque
1654 274 1838 306 breviorem
1852 283 1987 306 cursum
2003 284 2082 315 per-

0 332 5 342 ⁷
23 319 93 366 ὰμε
107 319 187 368 ψας,
215 319 250 356 ἔν
278 334 300 356 α
315 333 338 355 κ
360 316 477 371 ῄζεται
494 319 605 367 θυτήρ
622 321 679 354 Tr.
699 317 769 353 658
785 330 856 361 ara,
875 320 915 352 ad
933 329 1033 361 quam
1070 319 1235 359 agendum
1252 320 1408 360 haberet3
1430 321 1486 352 cni
1502 324 1591 353 recte
1609 321 1724 353 obiicit
1736 321 1850 352 Herm.
1868 321 1929 352 hoc
1946 323 2082 354 nomine

23 367 187 402 Hercules
203 370 406 402 sacrificabat
422 369 458 401 in
475 369 618 402 Cenaeo.
639 368 725 400 Cum
738 372 830 408 grata
842 367 1035 408 metaphora
1071 376 1148 399 eum
1165 368 1278 408 potius
1290 392 1298 407 ‚
1326 368 1385 408 qui
1403 371 1593 399 extremum
1618 371 1653 400 et
1670 369 1855 399 maximum
1873 369 2013 408 faceret,
2034 369 2081 400 si-

22 415 148 448 dieitur
167 413 229 449 τάν
254 413 394 463 χθόνιον
417 413 530 450 ἑστίαν
557 413 641 449 ἰδεῖν
657 413 784 460 πατρός
802 414 858 447 00
879 411 968 446 1727
986 423 1031 445 m.
1070 414 1219 454 gnificari
1243 414 1412 446 debuisse.
1443 415 1576 447 Dacier.
1604 415 1764 447 ridicule:
1799 415 1908 446 Oreste
1925 416 1980 456 qui
2003 416 2083 447 e‘tait

0 472 2 474 ’
24 462 172 504 deloco,
201 473 267 504 quo
289 463 438 504 Oedipus
463 467 552 496 terra
568 463 767 503 absumptus
785 462 879 493 velut
903 461 1035 502 piacula
1065 470 1217 502 parvenit
1244 461 1266 492 ὰ
1293 462 1327 492 la
1354 460 1502 494 demisi-e
1528 462 1635 502 borne,
1664 465 1695 493 et
1724 464 1779 503 qui
1803 463 1930 494 courait
1954 461 2037 494 dans
2053 464 2083 494 le

754 147 765 166 ‘
777 153 1029 222 Εστιοῦχος
1056 184 1118 192 ·-
1137 151 1332 223 ‘'Ere90;

24 510 188 542 scelerum
204 511 325 543 luerat.
347 527 388 535 —
408 507 476 555 ὅτῳ
493 507 516 554 ἡ
536 507 712 556 δορύξενος
727 507 827 554 κοινὴ
845 501 924 554 παρ’
947 505 1034 552 ἡμῖν

24 554 97 590 αἰέν
115 555 204 590 ἐστιν
228 555 321 592 ἑστία
344 557 400 590 00
418 554 486 590 633
505 559 560 598 qui
577 558 688 597 hospes
703 555 820 588 domus
835 559 976 588 nostrae.
1005 553 1034 588 ὦ

23 602 182 650 πατρῷον
200 601 311 641 ἑστίας
330 601 457 650 βάθρον
482 605 537 636 Ai.
559 600 628 637 860
650 603 942 645 amplificationem
960 610 1035 634 esse

23 654 106 692 puto
128 652 400 693 praecedentium
426 651 454 685 ὦ
471 649 574 685 πέδον
595 647 812 695 Σαλαμῖνοςε
843 658 1033 691 quanquam

24 698 126 730 etiam
144 699 185 730 de
202 699 296 731 domo
312 699 419 740 patria
435 699 561 730 dictum
578 701 689 739 potest
706 697 904 729 existimari.

92 761 360 815 Ἐστιοῦχος
383 767 497 809 forum
519 771 549 799 el
572 777 666 800 aram
691 767 829 807 habens,
864 767 1035 806 adsignifi-

23 817 118 846 catur
135 816 304 847 sanctitas.
334 813 478 861 *φέρων
503 813 639 848 ἀνόσιον
664 813 775 860 ὀσμὴν
802 811 979 860 ἑστιοῦχον
999 812 1034 851 ἐς

22 858 122 894 πόλιν
141 862 221 894 Ant.
237 859 326 895 1083
344 860 438 907 [secl.
454 859 598 906 Wund.]
616 862 724 894 Schol.
742 871 830 894 unus
847 859 910 907 τὴν
929 859 1034 907 ἔχου-

23 917 84 941 σαν
109 905 221 942 ἑστίαν
245 907 304 942 καὶ
329 907 479 955 βωμούς,
508 910 593 942 alter
604 906 679 942 ἀντὶ
694 910 755 942 τοῦ
774 907 822 946 εἰς
838 906 902 954 τὴν
921 906 1032 942 ἑστίαν

21 957 84 1000 τῆς
101 953 255 993 πόλεωςι
275 957 333 988 ille
351 958 461 997 verba,
482 957 537 988 hic
550 965 687 988 sensum
704 957 828 997 tetigit.
859 956 1033 988 Illustrant

22 1002 136 1050 Intpp.
158 1004 301 1043 Longini
317 1013 351 1045 p.
373 1000 452 1036 233.
474 1004 599 1036 Weisk.

92 1066 329 1111 εΙΞΙειτιιῖιτις
354 1073 558 1105 domesticus.
597 1070 788 1118 ἀνεμόεσσά
810 1084 860 1110 τις
884 1070 1034 1110 έστιῶτις

23 1115 111 1164 αὔρα
128 1120 183 1151 Tr.
204 1116 272 1152 954
289 1121 341 1152 ch.
371 1130 453 1162 quae
469 1130 520 1152 me
537 1120 632 1152 domo
650 1119 782 1160 auferat
799 1131 831 1152 v.
853 1120 967 1152 Herm.
991 1137 1031 1143 -

0 1209 1 1213 Ἰ
23 1165 76 1199 De
93 1169 171 1198 tono
189 1177 220 1199 v.
245 1165 388 1213 ἐργάτις.

92 1229 166 1270 'Eo
208 1229 302 1283 ἄρα.
332 1238 378 1270 Ut
401 1238 616 1279 praecipiunt
632 1237 791 1278 Harpoer.
820 1247 853 1278 p.
875 1234 931 1268 77.
953 1237 1035 1268 Am-

22 1292 111 1316 mon.
132 1293 166 1325 p.
211 1280 245 1325 2,
266 1295 366 1326 quem
385 1288 527 1317 testatur
546 1284 655 1325 Suid.‚
676 1284 772 1316 Eust.
794 1294 827 1325 p.
852 1280 952 1324 1564,
973 1280 1031 1325 29,

22 1331 64 1363 of.
85 1331 201 1363 valck.
232 1332 272 1364 ad
288 1332 399 1364 Amm.
429 1342 463 1373 p.
484 1329 531 1364 48
556 1335 591 1363 et
616 1332 656 1363 ad
674 1331 776 1363 schol.
799 1331 881 1363 Eur.
903 1331 1028 1363 Phoen.

20 1373 102 1418 271,
123 1375 239 1423 βωμόν
258 1382 292 1411 et
308 1377 456 1425 ἐσχάραν
475 1379 639 1419 distingui
657 1379 809 1410 videmus
822 1379 903 1410 Ant.
921 1374 1029 1409 1016:

12 1421 135 1470 »βωμοὶ
149 1423 292 1472 ἐσχάραι
302 1437 338 1458 τε
352 1424 541 1466 παντελεῖς,
556 1426 676 1457 altaria
688 1430 722 1458 et
737 1434 814 1457 arae
832 1425 1030 1457 humiliores.

20 1470 94 1504 Hoc
118 1473 304 1513 significare
329 1483 396 1505 non
421 1474 532 1514 potuit
554 1473 651 1504 Eust.
673 1473 696 1504 Ι.
717 1482 746 1504 c.
767 1473 914 1504 scribens
942 1468 1028 1516 Σοφ.

19 1516 61 1552 δὲ
79 1517 153 1552 ἀντὶ
179 1518 300 1565 βωμοῦ
325 1518 415 1553 οἶδεν
444 1518 604 1567 ἐσχάραν,
626 1520 685 1551 sed
702 1519 787 1551 illud
803 1520 925 1560 potuit,
946 1519 1033 1560 quod

7 1567 135 1611 ,nutatim
161 1577 204 1598 ex
222 1569 263 1599 fr.
286 1564 355 1598 652
371 1576 590 1609 apponemus.
627 1567 734 1605 Quam
751 1567 955 1607 primitivam
974 1576 1032 1598 vo-

0 1620 6 1638 r'
22 1613 138 1646 cabulo
155 1615 266 1646 inesse
284 1615 565 1655 significationem
584 1614 653 1654 illi,
681 1623 762 1655 quos
780 1614 1028 1655 usurpavimus,

0 1659 199 1702 “²'afflrmant,
221 1661 289 1701 foci
306 1661 483 1702 domestici,
497 1671 537 1693 ea
552 1670 604 1702 ap.
627 1661 726 1702 Soph.
749 1669 814 1692 non
832 1661 966 1700 legitur.
989 1678 1030 1683 —

0 1720 4 1755 J,
20 1703 190 1752 βωμιαῖον
216 1706 232 1741 ἐ
281 1707 365 1753 άραν
382 1706 498 1753 λαβών
518 1708 650 1749 Captiv.
671 1709 711 1739 fr.
733 1703 788 1739 36.
826 1708 891 1748 Ap.
912 1707 1028 1748 Steph.

9 1752 106 1794 ‘.*Byz.
133 1765 165 1786 v.
188 1753 266 1800 βωμ
289 1767 304 1794 ς
326 1757 449 1795 legitur
473 1754 490 1789 ἐ
539 1753 642 1800 άραςε
671 1756 735 1786 dici
754 1759 834 1795 puto
857 1751 934 1799 ἥτις
959 1751 1035 1787 ἀντὶ

15 1796 143 1847 βωμοῦ
161 1800 241 1836 ἐστί.
265 1820 306 1826 -
326 1803 437 1834 Amm.
457 1812 491 1844 p.
537 1799 570 1834 4.
587 1812 594 1832 :
614 1795 694 1847 παρ’
710 1798 759 1835 Εὐ
785 1799 852 1834 ιπίό
897 1799 1034 1848 ἐσχά-

18 1852 21 1858 ”
50 1860 72 1882 α
96 1846 170 1882 ἀντὶ
194 1850 254 1883 τοῦ
281 1847 429 1894 βωμοῦ
453 1852 654 1884 κεῖται...
673 1846 732 1882 καὶ
753 1811 896 1894 ἕοφ.ἒν
913 1845 1033 1896 Χρύσῃ

36 1895 77 1928 fr.
95 1892 192 1939 652).

14 1983 21 1996 1
90 1947 313 2001 Ἐσχᾶτιά
343 1957 543 1995 extremitas,
573 1955 728 1996 inprimis
753 1955 908 1986 locorum.
950 1952 1034 1991 ἴσως

4 1997 126 2035 τόπον
153 2000 328 2048 ἐσχατιαῖς
353 1999 386 2047 [ἐ
433 2004 529 2039 ατιᾶς
547 1999 677 2046 apogr]
702 1999 874 2046 προσιδεῖν
901 1998 1033 2039 ἐθέλεις

14 2044 134 2092 ’ἦδντινα
151 2051 261 2082 κεῖται
277 2049 338 2081 Ph.
362 2012 432 2081 12}
441 2059 495 2081 an.
518 2048 685 2081 Convenit
700 2048 777 2089 huc,
798 2049 887 2090 quod
902 2052 1034 2090 praeter

20 2095 86 2128 alia
109 2093 235 2141 ἐρημία
253 2097 399 2137 explicat
415 2096 559 2135 Hesych.
583 2114 624 2119 —
642 2097 812 2127 Accentus
829 2098 868 2127 ut
891 2096 926 2126 in
944 2097 1034 2136 peri-

57 2143 123 2174 tico
148 2146 276 2175 constat
300 2147 335 2175 et
359 2147 493 2175 notatur
509 2154 527 2175 a
545 2143 647 2176 Suida
663 2153 694 2175 V.
716 2140 859 2189 ἐσχατιά
890 2153 922 2175 ν.
945 2143 1026 2174 Lob.

10 2150 125 2238 §carah
147 2187 244 2234 355}
673 2188 705 2232 (Ι
721 2199 756 2230 p.
777 2186 856 2230 690,
918 2199 937 2221 a
953 2188 1033 2233 fin.)

76 2239 128 2282 ”E
139 2242 248 2295 σχᾶτ
257 2259 274 2282 ο
285 2259 301 2285 ς
318 2246 491 2293 [Curt.Et.
507 2245 616 2280 ιι.583
627 2245 675 2292 1)].
688 2246 699 2291 ΙΙ
713 2249 754 2279 de
767 2249 846 2280 locis
857 2251 1026 2280 extremus.

7 2300 46 2328 tv
62 2289 73 2302 ’
93 2292 251 2343 ἐσχάτοις
267 2293 382 2332 τόποις
396 2295 451 2327 Tr.
468 2292 568 2327 1100.
587 2291 672 2328 ἔνθα
682 2292 773 2334 τάξιν
791 2292 941 2341 ἐσχάτην
956 2292 1030 2342 ἔχει

9 2341 78 2388 *¹-
93 2339 128 2374 7.
156 2343 267 2375 Aiacis
284 2343 376 2374 enim
394 2352 495 2374 naves
511 2343 548 2374 in
566 2346 716 2374 extrema
732 2346 826 2383 parte
843 2343 961 2374 dextra
979 2352 1032 2374 ea-

10 2402 56 2425 ..ι-
75 2398 163 2421 ιωω
178 2390 301 2422 locatae
315 2393 429 2421 erant:
458 2400 489 2420 v.
510 2390 551 2421 Il.
567 2387 588 2422 λ
605 2387 638 2422 8.
667 2382 723 2422 ὑπ’
748 2387 854 2434 αὐτὴν
881 2387 1030 2435 ἐσχάτην

85 2433 150 2481 λην
166 2437 220 2468 ΕΙ.
249 2433 318 2468 720
342 2436 401 2467 sub
427 2438 532 2476 ipsam
555 2439 675 2468 metam
692 2447 723 2468 v.
745 2436 860 2468 Herm.
880 2434 1032 2482 ἐσχάτης

50 2489 53 2490 ’
71 2484 131 2528 ρᾶς
156 2480 225 2515 900
256 2485 292 2514 in
323 2493 448 2514 summo
474 2484 612 2516 tumulo.
647 2482 682 2516 ἐν
706 2481 843 2530 ἐσχάτῳ
869 2475 960 2517 θειῖῖν
986 2484 1027 2515 fr.

14 2546 18 2547 ν
43 2531 87 2563 [c.
109 2527 178 2562 759
194 2541 226 2561 v.
256 2526 350 2574 ἕδρα.
380 2526 432 2563 ἐπ’
457 2528 585 2576 ἔσχατα
609 2528 738 2577 χθονός
756 2531 862 2563 Orith.
885 2527 964 2562 655.
986 2548 1027 2553 —

8 2575 137 2619 {Hinc
152 2577 304 2618 proxime
316 2578 434 2609 tralata
450 2577 549 2608 haec:
580 2575 717 2622 ἐπείπερ
735 2575 786 2610 ἐπ’
806 2575 935 2623 ἔσχατα
953 2575 1030 2622 βαί-

24 2649 41 2655 ..
72 2628 89 2655 ς
111 2623 166 2656 OC
183 2620 252 2655 217
270 2633 315 2655 m.
345 2623 387 2655 ad
412 2625 564 2655 ultinwm
585 2626 806 2655 necessitatem
830 2624 966 2656 adactu-s
983 2634 1025 2656 es.

13 2663 165 2719 ᾔροβᾶἅ
189 2667 241 2704 ἐπ’
267 2668 410 2716 ἔσχατον
436 2667 584 2716 θράσους
602 2671 684 2703 Ant.
704 2668 773 2703 853
791 2671 843 2702 ch.
864 2672 960 2703 aliter
976 2672 1029 2703 di-

9 2715 69 2754 „J”
87 2730 103 2744 ¹·
136 2716 283 2763 ἐσχάτας
309 2715 435 2763 σάρκας
463 2718 518 2750 Tr.
543 2714 643 2749 1053.
686 2718 831 2757 Hesych.
861 2718 921 2749 hoc
948 2719 1029 2759 quid

93 2764 250 2805 explicat,
280 2762 467 2810 ἔσχατον
478 2791 485 2805 ,
523 2762 692 2798 ἐσώτατον
720 2766 880 2804 scribens,
917 2769 951 2796 et
975 2766 1030 2796 in-

9 2807 135 2843 *ficum
153 2814 243 2843 esset
259 2811 300 2842 de
316 2812 442 2843 ultimis
457 2812 589 2852 reliquis
605 2811 759 2843 carnibus
775 2812 929 2852 cogitare.
952 2830 993 2836 --
1011 2812 1025 2854 ΙΙ

96 2860 236 2898 tempore
260 2858 387 2890 dictum
409 2859 630 2890 adverbiascit
654 2856 797 2904 ἔσχατόν
824 2868 883 2892 σου
899 2856 1028 2903 τούμὸν

90 2914 162 2938 εται
180 2902 285 2948 δέμας
303 2904 357 2936 OC
373 2902 462 2937 1550
478 2906 501 2936 i.
524 2914 552 2936 e.
574 2906 693 2937 ultima
709 2907 789 2945 vice,
812 2909 1024 2945 postremum.

16 2950 160 3000 ΙΓἹῙιιίιΙ
177 2951 261 2992 quod
278 2953 435 2983 ultimum
461 2953 610 2983 relictum
626 2955 672 2983 cat
696 2953 864 2992 significat
881 2950 1028 2999 ἐσχάτας

17 3007 69 3045 '32¹'
87 3007 106 3042 ρ
132 2995 225 3044 ῥίζας
241 2995 378 3031 ἐτέτατο
396 2996 484 3044 φάος
506 2997 542 3032 ἐν
560 2994 704 3034 Οἰδίπου
724 2997 842 3044 δόμοις
857 2992 944 3031 Ant.⁴
959 2996 1027 3032 599

66 3066 74 3075 .
103 3044 210 3077 Schol.
233 3042 315 3089 ὅπερ
332 3043 374 3090 ἦν
391 3043 552 3091 λείψανον
570 3048 687 3091 γενεᾶς
702 3047 808 3086 bene,
836 3055 1027 3087 quanquam

85 3135 176 3172 άτων
200 3137 292 3171 κακά
315 3139 376 3170 Ph.
398 3136 442 3171 65
462 3149 480 3170 a
505 3140 572 3171 loeo
597 3140 637 3170 ad
654 3140 828 3179 dignitatis
853 3141 1027 3171 existima-

50 3186 51 3189 ’
70 3193 147 3217 nem
164 3186 352 3217 traductum
365 3189 427 3217 est.
457 3186 642 3226 Separatim
660 3187 833 3227 posuimus
849 3196 955 3218 unum
973 3187 1024 3219 El.

1070 507 1199 539 dernier
1213 517 1310 548 rany.
1338 508 1451 540 Monk.
1468 521 1474 540 ε
1501 512 1682 550 postremus
1698 508 1880 549 vehebatur,
1909 509 1964 540 sed
1992 509 2081 541 cohi-

1071 554 1162 586 bebat
1177 564 1286 596 equos,
1313 558 1351 586 ut
1369 557 1424 596 qui
1448 557 1484 587 in
1501 556 1563 597 fine
1581 565 1668 596 spem
1685 558 1861 596 repositam
1878 556 2022 597 haberet,
2044 557 2080 588 in

1070 612 1136 643 qua
1151 602 1374 644 explicatione
1390 603 1575 635 insolenter
1592 603 1719 634 dictum
1735 600 1879 648 ὑστέρας
1898 601 1988 650 ἔχειν
2006 603 2082 636 πώ-

1069 646 1163 686 λους.
1193 650 1308 681 Herm.
1325 674 1331 680 .
1356 651 1518 689 posterior
1529 649 1714 689 vehebatur,
1741 649 1796 680 sed
1813 660 1887 681 cum
1904 659 1999 691 equos
2015 652 2080 681 mi—

1069 706 1132 727 nus
1156 695 1283 727 validos
1307 696 1443 737 haberet,
1482 698 1517 728 in
1541 697 1604 738 fine
1626 706 1752 737 ponens
1776 697 1943 738 fiduciam.
1988 697 2081 736 Quod

1070 743 1231 784 quomodo
1245 743 1382 775 Homeri
1399 744 1468 775 loeo
1485 744 1524 775 11.
1542 741 1568 790 ψ
1582 740 1649 776 319
1663 744 1873 784 defendatur,
1890 753 1956 776 non
1970 745 2078 776 video.

1069 791 1272 830 Integriores
1285 800 1389 832 equos
1406 792 1586 823 servarein
1604 792 1706 823 finem
1721 801 1848 831 cursus,
1870 793 2082 832 praecipuam

1070 838 1176 870 fuisse
1208 838 1310 879 periti
1334 839 1467 878 aurigae
1500 842 1604 870 artem
1637 842 1727 870 recte
1752 839 1941 870 observavit
1963 839 2079 870 Herm.

1070 885 1128 916 sed
1145 885 1227 925 quid
1243 894 1326 926 opus
1344 885 1499 917 invalidis
1510 886 1607 927 equis
1624 886 1663 917 ad
1681 886 1861 917 artificium
1879 886 1988 917 illud?
2012 887 2082 918 Imo

1071 929 1214 978 ἔσχατος
1238 932 1322 963 illud
1341 933 1507 972 significat
1519 958 1527 973 ‚
1553 933 1642 974 quod
1659 933 1846 973 significare
1863 933 1984 965 debere
2002 933 2083 964 Pas-

1071 980 1202 1011 sovium
1216 979 1331 1011 Herm.
1349 980 1497 1011 monuit:
1519 983 1700 1012 extremum
1716 990 1833 1020 yyrum
1850 981 1986 1012 tenebat
1999 980 2082 1012 Ore-

1071 1030 1152 1066 stes,
1178 1035 1284 1067 eaque
1310 1027 1351 1058 de
1369 1036 1467 1058 causa
1480 1030 1554 1067 post
1579 1030 1699 1058 ceteros
1716 1027 1901 1058 vehebatur
1913 1052 1920 1066 ‚
1941 1024 2083 1072 ὑστέρας

1071 1071 1162 1119 ἔχων
1180 1070 1331 1110 πώλους.
1366 1073 1458 1105 Bene
1478 1073 1539 1118 μέν
1565 1078 1599 1106 et
1622 1072 1659 1107 δέ
1683 1083 1736 1105 res
1753 1083 1871 1106 causae
1888 1077 1923 1106 et
1940 1077 2083 1106 eventus

1070 1121 1196 1152 ratione
1215 1130 1319 1152 nexas
1337 1121 1520 1162 significat;
1550 1122 1603 1152 his
1629 1121 1750 1153 deinde
1769 1122 1942 1162 aptissime
1966 1121 2083 1153 adiici-

1070 1171 1126 1199 tur
1157 1166 1208 1211 τῷ
1236 1164 1327 1200 τέλει
1358 1165 1467 1201 πίστιν
1501 1167 1614 1213 φέρων
1625 1194 1634 1209 ,
1671 1169 1843 1209 impeditis
1860 1169 1913 1200 vel
1931 1169 2083 1200 excussis

1069 1215 1338 1255 praecursoribus
1363 1215 1465 1247 finem
1490 1216 1682 1248 certaminis
1706 1216 1771 1247 sibi
1796 1216 1967 1247 victoriam
1983 1216 2083 1248 datu-

1070 1272 1143 1294 rum
1162 1271 1235 1294 esse
1260 1265 1472 1303 exspectans.

1132 1311 1182 1353 'E
1194 1330 1250 1352 σω
1276 1331 1307 1351 v.
1337 1317 1434 1354 ε’ίσω.

1133 1370 1334 1412 Ἐσωθεν
1361 1381 1460 1411 intus.
1489 1375 1635 1412 ε’ίσωθεν
1658 1379 1832 1420 displicuit
1848 1380 1995 1419 tragicis.
2016 1375 2084 1416 ἕως

1070 1423 1108 1458 σὺ
1125 1427 1202 1463 ταῖς
1219 1423 1348 1459 ἔσωθεν
1364 1424 1484 1471 ἠγορῶ
1503 1423 1609 1466 ξέναις
1627 1427 1681 1458 Tr.
1703 1423 1782 1458 601.
1877 1423 1908 1469 (1
1926 1436 1961 1467 p.
1981 1422 2083 1469 692.)

1135 1480 1143 1492 ‘
1157 1480 1370 1529 Εταιρεία
1394 1485 1550 1516 amicilia.
1579 1482 1718 1521 ἄπιστός
1742 1482 1814 1518 ἐσθ’
1839 1482 2007 1529 ἑταιρείας
2028 1482 2083 1517 λι-

1069 1529 1138 1576 μήν
1156 1532 1210 1563 Ai.
1229 1528 1309 1564 683.
1331 1532 1385 1564 Sic
1401 1532 1532 1563 volebat
1550 1532 1639 1563 Pors.
1656 1533 1696 1564 ad
1710 1532 1766 1564 Or.
1788 1529 1889 1571 1070,
1904 1532 1992 1572 quod
2010 1541 2085 1563 ver-

1067 1579 1141 1610 bale
1167 1579 1211 1610 sit
1228 1579 1268 1610 ab
1286 1576 1468 1624 ἑταιρεὺω,
1496 1588 1562 1610 non
1589 1580 1771 1611 nominale:
1801 1579 1960 1620 deditque
1978 1579 2079 1611 Dind.

1069 1635 1145 1657 cum
1162 1626 1221 1657 LA
1233 1629 1268 1657 et
1280 1626 1346 1657 LB.
1369 1627 1472 1658 Florr.
1485 1627 1611 1658 tribus:
1634 1627 1779 1667 plurima
1792 1635 1902 1667 apogr.
1923 1623 2083 1671 ἑταιρίας.

1069 1672 1134 1705 Sed
1152 1670 1373 1718 ἑταιρείαν
1391 1672 1582 1713 factionem,
1612 1671 1813 1718 ἑταιρίαν
1838 1674 2020 1704 amicitiam
2037 1673 2084 1704 si-

1068 1720 1225 1759 gnificare
1251 1720 1458 1760 grammatici
1493 1721 1630 1761 volunt,
1666 1721 1790 1761 quibus
1817 1721 1916 1752 libros
1945 1720 2084 1762 scriptos

1068 1767 1207 1798 minime
1225 1768 1450 1799 obsecundare
1467 1768 1654 1799 observavit
1672 1768 1750 1799 Lob.
1773 1767 1813 1799 ad
1829 1768 1884 1799 Ai.
1906 1768 1928 1798 l.
1945 1777 1973 1799 c.
1996 1767 2084 1799 Mat-

1068 1814 1159 1845 thiae
1177 1818 1289 1846 autem
1307 1815 1348 1846 ad
1364 1814 1419 1846 Or.
1444 1811 1544 1846 1065.
1566 1811 1696 1859 ἑταιρία
1712 1811 1906 1860 abe-caspe:
1932 1818 1972 1846 ut
1988 1811 2084 1859 φιλία

1069 1858 1173 1907 σοφία
1190 1872 1209 1893 a
1226 1858 1326 1907 φίλος
1350 1859 1456 1907 σοφός
1473 1862 1550 1893 duci
1567 1866 1683 1902 putat;
1713 1871 1775 1893 nec
1794 1862 1887 1893 video
1904 1862 1986 1903 quid
2002 1870 2081 1893 con-

1068 1912 1119 1940 tra
1135 1908 1201 1940 dici
1218 1909 1334 1949 possit.

1139 1961 1348 2012 ‘Eruipog
1365 1968 1481 1998 socius.
1511 1963 1611 2010 ὑμεῖς
1638 1959 1678 2003 δ’,
1700 1963 1830 2011 ἑταῖροι
1847 1967 1901 1998 Αἰ.
1924 1963 2003 1998 687.
2026 1964 2081 1999 οἷ-

1071 2025 1129 2058 μοι
1147 2007 1175 2046 δ’
1192 2011 1335 2059 ἑταίρων
1352 2013 1407 2045 OC
1427 2010 1527 2046 1400.
1549 2011 1708 2059 φωνῆσαί
1722 2024 1798 2046 τινα
1814 2007 1922 2053 ἔξεσθ’
1939 2011 2082 2059 ἑταίρων

1072 2058 1160 2093 1403
1185 2062 1263 2093 libri
1278 2058 1354 2101 τινί,
1375 2062 1463 2102 quod
1481 2061 1530 2092 sic
1546 2061 1702 2101 retineas,
1725 2064 1764 2092 ut
1781 2061 1904 2093 scribas
1922 2058 2079 2105 ἑταίροις.

1071 2126 1111 2131 -
1128 2108 1179 2139 De
1196 2112 1335 2140 accentu
1353 2108 1464 2140 docuit
1481 2108 1604 2139 Herod.
1626 2118 1662 2140 π.
1683 2119 1720 2152 μ.
1741 2105 1774 2140 λ.
1794 2118 1828 2149 p.
1849 2104 1907 2147 21,
1927 2105 1959 2139 4.

1140 2170 1384 2224 Ἐτεοκλῆς
1410 2188 1443 2209 n.
1461 2188 1512 2219 pr.
1540 2171 1727 2223 Ἐτεοκλῆς
1753 2177 1808 2210 00
1829 2174 1929 2210 1295.
1959 2171 2078 2211 Ἐτεο-

1068 2222 1154 2258 κλέα
1172 2226 1252 2257 Ant.
1270 2221 1327 2257 23.
1359 2221 1435 2256 194.

1068 2330 1123 2362 OC
1137 2276 1265 2362 ’1ἓῖέο
1274 2281 1325 2316 κλ
1336 2294 1354 2317 ο
1364 2294 1379 2320 ς
1415 2293 1448 2316 n.
1476 2293 1526 2325 pr.
1562 2279 1744 2320 Ἐτέοκλος
1785 2278 1940 2328 Ἀργεῖος
1973 2283 2081 2329 γεγώς

1132 2381 1212 2423 “Er
1223 2400 1238 2422 ε
1248 2399 1265 2434 ρ
1276 2400 1318 2426 ος
1336 2391 1427 2421 alter.
1449 2388 1463 2430 ΙΙ
1482 2389 1696 2421 substantive
1710 2392 1745 2420 et
1760 2389 1924 2420 adiective
1937 2388 2076 2421 dictum.

1069 2435 1165 2480 σφῷν
1182 2430 1210 2468 δ’
1243 2435 1349 2482 ἁτέρα
1375 2433 1529 2480 μολοῦσα
1551 2434 1713 2481 πραξάτω
1728 2433 1810 2469 τάδε
1826 2435 1882 2467 OC
1899 2431 1969 2466 497
1993 2445 2074 2467 οοιτ.

1068 2483 1202 2522 Elmsl.,
1222 2484 1299 2516 libri
1323 2480 1448 2529 ἡτέρα,
1486 2493 1517 2514 v.
1546 2480 1563 2516 ὁ
1587 2482 1610 2527 ἡ
1636 2481 1685 2515 τό.
1710 2501 1751 2506 -
1767 2480 1835 2515 τότ’
1860 2479 1982 2522 ἄλλος,
2012 2480 2079 2516 ἄλ-

1067 2527 1143 2563 λοθ’
1169 2528 1290 2576 ἅτερος
1313 2529 1404 2576 κάρα
1427 2527 1633 2574 προβάλλων
1652 2530 1704 2561 ΕΙ.
1726 2526 1806 2562 739.
1833 2527 1940 2587 τέχνα
1955 2526 2079 2575 τέχνας

1068 2574 1184 2623 ἐτέρας
1202 2575 1348 2624 προῦχει
1363 2578 1423 2609 Ph.
1448 2574 1514 2610 138
1531 2577 1583 2608 eh.
1606 2595 1646 2600 -
1665 2574 1770 2610 πλέον
1796 2574 1835 2609 τὸ
1853 2573 1981 2621 θαρσος
2005 2573 2079 2624 εἶχε

1068 2621 1213 2669 θάτέρου
1232 2621 1311 2657 597.
1334 2622 1448 2658 ἀπάτα
1473 2618 1501 2656 δ’
1525 2621 1670 2660 ἀπάταις
1697 2621 1827 2668 ἑτέραις
1853 2621 1953 2669 ἑτέρα
1969 2632 2079 2669 παρα-

1067 2668 1174 2715 βαλλο
1205 2669 1265 2704 έν“α
1281 2671 1336 2703 OC
1353 2668 1435 2703 231.
1456 2674 1531 2703 πῶς
1557 2668 1584 2702 δ’
1606 2668 1645 2703 οὐ
1663 2668 1811 2717 χάτέρας
1829 2667 1902 2708 οἵας
1920 2668 1949 2716 γ’
1968 2667 2073 2714 ἐμοῦ;

1068 2719 1124 2750 Tr.
1145 2683 1215 2750 44¹4
1241 2719 1359 2759 quidni
1385 2719 1528 2759 imperet
1549 2719 1651 2749 Amor
1683 2721 1718 2749 et
1751 2718 1845 2748 alteri
1875 2717 1982 2758 qualis
2017 2726 2077 2757 ego

1066 2767 1165 2797 sum‘?
1197 2763 1275 2811 οὐχὶ
1299 2762 1449 2812 χάτέρας
1472 2762 1631 2801 πλείστας
1661 2762 1789 2810 ἔγημε;
1820 2760 1901 2795 459.
1930 2767 2006 2796 πῶς
2037 2761 2077 2797 ἂν

1065 2809 1178 2845 ἀέλιον
1205 2807 1324 2857 ἕτερον’
1343 2809 1367 2855 ἢ
1385 2813 1486 2844 τανῦν
1511 2809 1580 2844 ’ίδοι
1596 2808 1665 2843 835
1683 2812 1734 2842 ch.
1756 2807 1875 2856 ἅτερος
1892 2809 2076 2856 στρατηγός

1065 2860 1119 2890 Ai.
1145 2856 1245 2891 1109.
1274 2858 1323 2904 τῷ
1347 2856 1410 2903 γὰρ
1436 2862 1553 2895 κακῶς
1582 2855 1765 2903 πράσσοντι
1794 2855 1900 2902 μυρία
1929 2855 1990 2901 μία
2018 2855 2077 2897 νύξ

1065 2903 1176 2938 ἐστιν·
1205 2903 1242 2938 εὔ
1271 2902 1424 2939 παθόντα
1456 2903 1587 2950 θάτέρᾳ
1618 2902 1735 2938 θανεῖν
1769 2905 1888 2945 Naupl.
1921 2907 1963 2936 fr.
1992 2901 2071 2936 377.

1066 2953 1166 2984 Dind.
1195 2946 1257 2985 εἷθ’
1289 2950 1343 2986 ἑτέ
1366 2964 1407 2991 α,
1435 2952 1581 2984 Brunck.
1611 2949 1756 2997 θὴτέρᾳ.
1791 2951 1952 2992 Sequenti
1979 2960 2076 2982 versu

1065 2998 1118 3032 δεῖ
1134 3000 1189 3030 vel
1205 2997 1273 3046 χρή
1299 3010 1325 3031 S.
1346 2963 1463 3044 θεήσει
1487 2999 1614 3030 dictum
1632 2999 1736 3030 fuisse
1754 3002 1846 3039 puto.
1870 3016 1911 3022 -
1929 2996 1993 3031 εἰσὶ
2007 2996 2076 3045 χά-

1063 3038 1173 3091 τέρόις
1196 3044 1293 3091 γοναὶ
1316 3044 1420 3079 κακαί
1437 3045 1491 3078 OG
1512 3042 1613 3077 1192.
1643 3043 1718 3078 ἐπεὶ
1741 3043 1803 3089 μὲν
1830 3042 1947 3090 ἑτέρα,
1975 3043 2018 3078 τὰ
2036 3043 2074 3077 δὲ

108 3101 239 3133 quoque
252 3088 519 3132 pravalibrorum
533 3093 698 3133 scriptura
714 3102 807 3124 usus.
823 3110 863 3116 -
880 3092 894 3134 ΙΙ
914 3090 1028 3139 ἔσχατ’
1065 3090 1142 3138 παρ’
1165 3090 1262 3137 ’ἷμαρ
1296 3090 1406 3132 αὔξων
1431 3090 1447 3136 (
1494 3089 1588 3135 όνος)
1614 3089 1704 3123 1454
1720 3092 1771 3124 ch.
1801 3089 1969 3147 ἀρώσιμοι
1991 3089 2072 3124 εἰσὶν

1090 3137 1169 3185 άτέρ
1248 3137 1324 3184 γύαι
1348 3140 1430 3171 Ant.
1486 3135 1542 3170 69.
1572 3136 1696 3172 παθεῖν
1723 3137 1785 3183 μὲν
1811 3149 1867 3179 ευ,
1897 3135 2019 3172 παθεῖν
2038 3136 2076 3170 δὲ

1090 3185 1195 3231 ἅτερα
1254 3187 1287 3218 h.
1316 3183 1395 3218 503.
1426 3183 1506 3219 ἑλοῦ
1532 3196 1569 3230 γε
1592 3182 1720 3231 θάτερα
1735 3185 1790 3216 ΕΙ.
1810 3182 1889 3217 345.
1913 3203 1953 3209 --
1972 3185 1986 3227 ΙΙ
2004 3185 2074 3217 Ad-

14 3252 18 3264 .
52 3264 55 3267 ,
75 3244 79 3250 ¹
113 3232 227 3273 ipsum
243 3241 373 3273 quoque
399 3233 440 3264 de
463 3233 542 3264 locis
560 3233 685 3264 dictum
703 3236 737 3265 et
754 3234 895 3274 proprie,
918 3234 975 3265 sed
993 3234 1028 3265 in
1065 3234 1242 3265 verbiascit
1258 3231 1317 3267 καὶ
1332 3231 1415 3280 τῇδε
1439 3234 1542 3279 φῦναι
1558 3230 1690 3279 χάτέρᾳ
1706 3232 1761 3264 OC
1780 3229 1870 3264 1444
1903 3232 1961 3263 hac
1979 3233 2076 3263 illave

59 3292 81 3315 y·
121 3287 236 3310 omnes
264 3289 282 3310 a
310 3288 386 3310 vero
422 3280 589 3311 aberrasse
619 3280 777 3311 videntur
804 3281 1025 3321 interpretes:
1065 3282 1133 3320 leye
1156 3283 1275 3312 natum
1298 3289 1382 3320 esse,
1410 3281 1431 3311 i.
1455 3289 1484 3311 e.
1506 3283 1544 3310 ut
1568 3280 1621 3311 vel
1644 3281 1731 3311 bene
1749 3280 1802 3311 vel
1820 3280 1905 3310 male
1924 3280 2069 3310 eveniat.

113 3335 150 3358 νε
167 3319 196 3357 δ’
213 3323 230 3358 ἔ
267 3331 358 3371 ἀτος
375 3324 448 3367 μὲν,
470 3323 612 3372 ὑστέρας
628 3320 656 3358 δ’
674 3324 766 3373 ἔχων
775 3324 913 3364 πώλους
929 3321 1030 3373 Ὀρέ-
1064 3320 1131 3360 τότ’
1155 3323 1272 3360 duo&
1299 3324 1401 3360 αὐτὸν
1425 3323 1533 3371 ὄμμα,
1560 3322 1690 3372 θάτέρᾳ
1714 3324 1752 3359 δὲ
1776 3327 1855 3359 νοῦν
1874 3324 1997 3372 ἔχοντα
2015 3327 2070 3357 Tr.

88 3376 115 3412 ς,
142 3371 195 3417 τῷ
210 3371 247 3406 τέ
271 3382 301 3404 ει
325 3369 434 3405 πίστιν
453 3371 579 3418 φέρων.
606 3373 740 3404 Passov.
763 3371 906 3419 ἔσχατον
925 3371 1031 3407 ἐλαὺ-
1064 3370 1134 3405 272
1150 3371 1207 3417 [de
1224 3374 1391 3405 locutione
1417 3384 1448 3405 V.
1470 3371 1641 3418 Schndw.]
1656 3385 1662 3405 :
1680 3374 1715 3405 id
1739 3383 1781 3404 ex
1806 3373 1935 3405 duobus
1959 3382 2070 3414 apogr.

57 3420 66 3457 ζ
114 3418 180 3451 diei
197 3418 338 3451 Oresten
354 3423 462 3460 putat,
482 3420 571 3461 quod
585 3421 770 3452 interiorem
786 3430 904 3461 yymm
921 3431 940 3452 a
956 3430 1028 3452 me·
1065 3421 1168 3452 Dind.
1183 3445 1191 3459 ,
1222 3421 1340 3452 merito
1364 3421 1539 3461 probatum
1554 3420 1767 3460 Hermanno,
1795 3424 1830 3451 et
1845 3420 1968 3460 legitur
1984 3420 2074 3451 idem
