2288 3600
274 83 339 134 64

273 203 316 234 cf.
338 202 454 243 Apitz.
483 197 524 232 ad
549 193 651 242 Soph.
681 199 737 232 Tr.
765 195 847 231 335.
892 195 947 230 Illi
971 199 1109 240 quidem
1143 199 1191 231 rei
1225 209 1292 231 non

273 249 419 280 multum
446 249 574 288 tribuo,
605 257 704 288 quam
723 247 849 286 Reisig.
869 247 982 287 posuit
1002 246 1128 278 Comm.
1151 246 1235 278 Crit.
1256 247 1292 278 in
1310 251 1313 263 ¹

273 296 327 329 OC
341 306 375 338 p.
392 292 470 336 178,
491 296 674 336 probatque
693 304 734 325 ex
752 297 847 335 parte
862 293 977 325 Herm.
1000 294 1040 325 ad
1055 293 1109 326 OC
1125 290 1182 333 32,
1204 290 1292 339 ἀνὴρ
1310 305 1311 317 ¹
2135 294 2202 342 wi]
2261 311 2269 325 ,ι

1310 339 1368 374 ’ὅο
1405 339 1472 387 ἐχθ
1494 340 1531 374 ὸς
1555 340 1643 388 ἁνήρ
1663 339 1764 376 1355.
1791 343 1881 375 κινεῖ
1903 340 1968 388 γὰρ
1993 336 2025 376 a?
2074 353 2092 389 ρ
2116 344 2175 376 Ph.
2196 306 2274 386 56*-

1309 386 1417 436 4ἁνήρ
1442 386 1462 421 9
1490 385 1522 420 6.
1555 383 1607 435 ἆρ’
1634 387 1732 434 ἐγγὺς
1759 387 1866 434 ἁνήρ,
1904 389 1958 423 OC
1986 387 2053 422 148
2081 415 2087 423 .
2118 391 2184 424 Sed
2216 406 2232 420 ιι

274 442 362 469 certa
380 441 414 469 et
430 437 568 469 definita
587 446 622 467 re
641 437 762 476 agitur,
784 436 939 476 inprimis
954 436 1011 467 ubi
1029 445 1125 476 prosa
1143 436 1292 467 oratione
1309 438 1311 447 ⁴

273 341 330 376 ὅδε
349 343 377 375 si
395 344 440 374 sit
458 352 569 374 eccum
586 344 695 383 ipsum
722 342 862 373 articulo
880 350 989 372 carere
1006 351 1116 382 posse.
1154 341 1218 373 Sed
1235 342 1291 372 in-

275 391 426 422 numeris
455 390 536 422 locis
561 400 580 420 a
605 389 739 428 tragicis
764 389 931 420 omittitur
957 389 1138 428 articulus,
1168 390 1224 419 ubi
1251 388 1292 419 de

274 485 457 526 requiritur
474 484 643 516 vocabulis
657 481 757 529 ἀνήρ,
773 481 871 528 γυνή,
888 480 1020 522 τέκνον,
1035 479 1218 528 ἄνθρωπος
1232 483 1290 514 ad-

275 532 418 564 dendus.
449 531 555 563 Cuius
573 532 622 562 rei
639 540 715 561 cum
733 530 769 561 in
787 528 804 563 ὁ
823 528 846 573 ἡ
864 527 903 562 τό
921 530 985 561 alia
996 530 1152 571 exempla
1169 530 1290 561 affere-

275 589 369 620 mus,
401 584 473 610 tum
490 588 596 620 pauca
620 578 662 609 de
679 578 796 608 multis
821 578 855 608 in
875 574 1057 622 ἄνθρωπος
1076 582 1110 608 et
1126 575 1211 622 γυνή
1231 587 1290 618 ap-

275 635 439 668 ponemus
465 631 498 657 et
522 625 583 657 hoc
608 626 678 657 loco
703 625 814 665 aliqua
838 625 1101 656 recensebimus.
1142 624 1293 655 Primum

277 674 380 713 igitur
404 674 514 714 inepti
539 677 638 712 sunt,
666 673 725 713 qui
749 672 875 712 ubique
900 672 1086 702 inferciunt
1113 669 1201 717 ἀνὴρ
1221 669 1288 710 ὅδε,

274 719 364 766 ἀνὴρ
389 718 541 760 ἐκεῖνος,
570 729 646 751 cnm
673 729 739 750 non
766 720 879 750 minus
899 720 1012 750 crebro
1029 716 1151 764 ἀνδρὸς
1175 716 1288 758 τοῦδε,

274 766 369 814 ἀνδρὶ
385 765 486 812 τῷδε,
514 764 620 812 ἄνδρα
635 764 744 806 τόνδε,
775 768 846 797 sive
861 759 954 799 τοῦδ’
972 763 1104 811 ἀνδρός,
1133 759 1214 811 τῷδ’
1231 764 1292 798 ἀν-

275 813 348 861 δρί,
375 808 465 848 τόνδ’
490 811 596 859 ἄνδρα
622 814 854 854 reperiantur,
885 823 984 853 quam
1011 811 1153 858 τάνδρὸς
1177 810 1288 853 τοῦδε,

274 859 392 908 τάνδρὶ
407 859 507 907 τῷδε,
528 861 586 894 τὸν
606 858 713 906 ἄνδρα
729 858 838 893 τόνδε.
884 860 1012 891 Deinde
1029 857 1117 906 ἀνὴρ
1135 862 1293 892 maritum

276 910 469 950 significans
494 909 671 940 articulum
696 917 762 939 non
789 908 975 939 necessario
1001 917 1155 948 poscere,
1193 917 1293 948 supra

225 952 229 959 “
275 957 393 998 positis
419 957 585 997 exemplis
619 956 675 987 Tr.
705 952 761 986 55.
794 951 869 986 108.
902 951 980 986 150.
1014 951 1036 985 2
1089 980 1095 986 .
1125 951 1206 986 293.
1235 955 1292 986 OB

278 1000 378 1082 ΙΨ.
402 999 665 1055 Qefflcitur.
705 1002 871 1033 Postremo
897 1002 1058 1033 articulus
1099 1003 1194 1033 iultis
1216 1003 1291 1033 aliis

276 1052 339 1083 loci
381 1052 494 1091 abest,
523 1051 580 1082 ubi
609 1050 761 1081 additum
787 1054 976 1090 exspectes.
1022 1049 1094 1081 Non
1119 1050 1235 1090 loquor
1252 1050 1292 1080 de

275 1099 342 1139 eis,
371 1099 408 1129 in
433 1098 556 1139 quibus
583 1095 669 1142 ἀνήρ
695 1096 876 1138 praedicati
907 1097 979 1127 vice
1004 1097 1176 1137 fungitur,
1205 1097 1293 1137 quod

274 1154 382 1185 genus
410 1144 490 1176 hinc
514 1145 729 1177 avellendum
756 1153 829 1175 esse
855 1149 943 1175 recte
968 1144 1155 1175 observavit
1175 1144 1290 1176 Stallb.

277 1193 317 1224 ad
335 1192 476 1224 Phaedr.
498 1202 531 1233 p.
547 1188 624 1223 196.
656 1191 749 1223 Talia
768 1191 868 1222 velim
894 1191 1084 1222 consideres
1102 1191 1196 1222 relut
1219 1201 1293 1224 τοι-

276 1233 349 1273 αῦτ’
372 1237 459 1285 ἀνὴρ
486 1237 661 1285 ὃόσοργος,
691 1236 726 1272 ἐν
750 1237 840 1283 γήρᾳ
860 1236 975 1283 βαρύς,
1006 1236 1078 1284 ἐρεῖ
1109 1239 1163 1270 Α1.
1188 1235 1289 1270 1017.

277 1288 329 1320 De
348 1287 529 1319 Telamone
547 1296 614 1318 uno
633 1295 751 1317 sermo.
798 1286 867 1317 Hoc
884 1286 1021 1326 quidem
1049 1295 1154 1317 unum
1182 1287 1292 1317 nomi-

275 1334 381 1366 nativi
400 1334 594 1375 exemplum
613 1338 683 1373 est,
715 1338 818 1364 metro
843 1334 882 1364 ab
904 1333 1044 1365 articulo
1061 1333 1212 1365 addendo
1235 1338 1291 1364 tu-

274 1386 360 1414 tum.
390 1381 607 1422 obliquorum
627 1390 764 1414 casuum
782 1381 888 1412 multa
905 1384 996 1412 sunt.
1027 1375 1075 1413 ὅτ’
1093 1373 1214 1440 ᾔσθετ’
1232 1378 1294 1413 ἀν-

275 1427 353 1474 δρὸς
379 1425 505 1475 ὀρθίων
530 1426 761 1474 κηρυγμάτων
789 1425 918 1473 δρόμου
942 1425 1218 1474 προκηρύςαντος
1236 1427 1289 1459 Ε1.

275 1473 343 1510 683
368 1476 555 1518 praeconis,
585 1485 651 1507 non
666 1476 910 1516 qualiscunque
929 1476 986 1507 sed
1000 1476 1095 1507 certi.
1117 1472 1191 1508 οἷαν
1210 1472 1295 1520 ἐδή-

274 1521 389 1561 λωσας
422 1521 543 1568 ἀνδρὸς
574 1520 712 1559 αἴθονος
737 1520 894 1579 ἀῖγελίαν
921 1523 976 1554 Ai.
996 1519 1134 1554 221011.
1165 1523 1290 1554 Aiacis.

276 1567 359 1605 ἔνθα
377 1567 412 1610 ἐξ
427 1568 548 1616 ἀνδρὸς
566 1567 691 1615 ἄνδρας
712 1567 829 1615 [ἄνορα
847 1570 905 1601 LA
923 1581 941 1601 a
958 1580 1009 1611 pr.
1027 1580 1072 1602 m.
1095 1569 1212 1612 Dind.]
1235 1568 1294 1602 καὶ

275 1611 364 1651 τέκνΊ
383 1616 423 1651 ἐκ
439 1616 568 1651 τέκνων
585 1615 680 1650 τέκοι
698 1617 755 1649 OR
775 1614 864 1649 1250
882 1627 924 1648 ex
944 1617 1023 1648 Laio
1041 1617 1228 1658 Oedipum,
1250 1627 1292 1648 ex

276 1675 342 1698 uno
370 1666 439 1698 viro
464 1665 574 1697 filium
600 1665 814 1706 eundemque
842 1665 964 1696 virum.
1001 1661 1038 1697 εὖ
1066 1659 1099 1709 μ’
1125 1658 1178 1698 ἐπ’
1196 1662 1293 1710 ἀνδρὶ

275 1710 435 1758 ὃυσμενεῖ
460 1710 556 1757 βάσιν
588 1709 782 1745 κυκλοῦντα
816 1712 871 1744 Ai.
902 1709 945 1744 18
969 1712 1129 1744 adversus
1155 1712 1292 1743 Aiacem

277 1769 395 1801 unum,
409 1764 446 1791 ut
461 1757 529 1806 ἐγὼ
546 1756 584 1792 δὲ
594 1753 750 1805 <pota-&21³
764 1757 871 1805 ἄνδρα
886 1756 1042 1803 μανιάσιν
1055 1757 1168 1796 νόσοις
1182 1758 1230 1792 ὤτ
1253 1770 1294 1793 υ-

275 1817 331 1840 νον
350 1808 404 1839 Ai.
426 1803 482 1839 59.
503 1805 643 1845 *σώζειν
669 1803 828 1843 θέλοντες
845 1804 953 1852 ἄνδρα
977 1800 1006 1851 γ’
1024 1804 1060 1843 ὃς
1079 1804 1182 1840 σπεύδ
1227 1769 1293 1841 θα-

274 1856 342 1887 νεῖν
368 1851 437 1886 812
458 1853 549 1896 [secl.
570 1853 706 1896 Dind.].
727 1851 896 1899 ἀμενηνὸν
929 1851 1036 1900 ἄνδρα
1065 1852 1114 1899 μὴ
1140 1852 1292 1887 λευσσειν

277 1899 363 1935 ὅπου
389 1897 459 1934 890
477 1901 529 1933 011.
557 1899 737 1934 ἀπάταισιν
771 1899 930 1947 αἰσχραῖς
962 1899 1069 1947 ἄνδρα
1095 1899 1154 1934 καὶ
1180 1899 1293 1938 δόλοις,

277 1946 364 1982 ἑλών
389 1948 450 1980 Ph.
474 1945 565 1980 1228
589 1949 810 1981 Philocteten.
847 1950 886 1979 In
912 1949 964 1980 his
989 1958 1055 1980 non
1074 1959 1197 1990 quaero
1215 1949 1293 1980 rhe-

275 1996 417 2028 toricum
441 1996 606 2037 quoddam
631 1996 811 2027 artificium
839 2002 948 2027 certae
975 1997 1023 2027 rei
1049 1997 1234 2035 generatim
1261 2000 1295 2027 et

275 2044 462 2076 secundum
479 2043 651 2084 ordinem,
683 2043 737 2074 cui
762 2043 974 2084 adscribitur,
1004 2044 1291 2085 contemplandae,

275 2091 362 2123 sicut
380 2091 514 2131 Stanb„
535 2091 591 2122 sed
611 2090 697 2122 nihil
716 2091 782 2122 nisi
801 2088 987 2135 ποιητικὴν
1005 2088 1120 2124 ἄδειαν
1139 2100 1292 2131 agnosco.

278 2138 332 2170 Sic
348 2138 454 2179 igitur
470 2138 713 2178 concludimus,
742 2135 831 2184 ἁνήρ
856 2138 912 2169 ubi
937 2138 1037 2178 lonya
1063 2139 1191 2178 syllaba
1216 2148 1296 2178 opus

274 2187 329 2225 sit,
361 2185 576 2217 scribendum
602 2186 809 2217 necessario:
837 2183 925 2230 ἀνήρ
942 2185 998 2216 ubi
1024 2195 1093 2216 non
1117 2187 1158 2216 sit
1196 2184 1295 2231 [ἀνήρ

276 2233 311 2264 in
337 2233 501 2264 trimetris
519 2237 622 2272 tragg.
642 2233 769 2273 ubique
787 2233 895 2274 prima
920 2237 1070 2273 correpta
1095 2234 1174 2274 poni
1199 2233 1294 2264 docet

277 2280 385 2312 Wolff.
408 2280 448 2311 ad
466 2280 521 2312 Ai.
543 2275 598 2322 9];
619 2275 773 2324 ἅνδρες
786 2306 794 2320 ,
822 2280 910 2320 quod
927 2280 1071 2311 editores
1096 2280 1224 2322 aliquot
1242 2281 1293 2311 fe-

277 2336 364 2368 cere,
394 2337 560 2369 nusquam
589 2328 664 2358 sine
695 2327 856 2359 librorum
885 2327 1052 2368 praesidio
1085 2329 1288 2368 receperim:

276 2383 342 2406 non
369 2375 457 2416 quod
482 2375 665 2406 verisimile
689 2383 755 2406 non
781 2375 844 2414 sit,
876 2383 975 2415 saepe
993 2375 1041 2406 sic
1057 2385 1075 2406 a
1092 2375 1201 2415 poetis
1219 2384 1292 2406 esse

276 2422 450 2463 scriptum,
472 2421 531 2453 sed
543 2422 632 2462 quod
647 2426 844 2461 argumento
858 2421 1063 2453 demonstari
1081 2431 1147 2453 non
1165 2426 1290 2463 potest,

276 2478 353 2500 cum
370 2478 481 2510 neque
499 2479 517 2500 a
534 2474 640 2500 metro
654 2469 904 2501 firmamentum
923 2469 1117 2501 correctioni
1143 2470 1288 2509 accedat,

276 2525 388 2557 neque
411 2525 479 2548 non
505 2516 661 2548 debuerit
685 2517 817 2548 licitum
840 2525 914 2548 esse
938 2513 1058 2561 ἄνδρες
1084 2525 1142 2557 pro
1173 2512 1293 2562 ἄνδρες

275 2572 412 2604 ponere,
433 2573 510 2594 cum
527 2561 672 2609 ἀνδρῶν,
693 2561 847 2610 ἀνδράσι,
867 2560 993 2609 ἄνδρας
1007 2564 1094 2595 haud
1109 2573 1218 2595 rarum
1233 2565 1289 2604 sit,

276 2611 334 2642 ubi
350 2620 448 2651 prosa
464 2611 568 2642 oratio
591 2614 660 2643 τῶν
678 2607 809 2657 ἀνδρῶν
821 2636 830 2652 ,
857 2612 931 2643 τοῖς
947 2608 1106 2657 ἀνδράσι,
1134 2609 1214 2648 τοὺς
1231 2609 1293 2644 άν-

276 2656 358 2704 δρας
375 2658 527 2699 requirit.
557 2658 659 2689 Recte
677 2659 781 2698 igitur
797 2655 886 2703 ἁνήρ
903 2658 1065 2699 scripturn
1082 2659 1154 2689 sive
1168 2659 1208 2690 ab
1226 2659 1292 2690 Er-

276 2705 401 2737 furdtio
426 2705 497 2736 sive
521 2705 561 2736 ab
578 2705 789 2737 Hermanno:
819 2703 883 2738 οὐκ
900 2702 1033 2751 ἕξεὸρος
1058 2698 1134 2738 ἀλλ’
1151 2702 1292 2742 ἕντοπος

276 2750 364 2798 ἁνήρ
378 2752 440 2783 Ph.
453 2748 533 2783 211.
551 2749 650 2798 οὖρός
663 2763 729 2793 τοι,
747 2749 879 2794 τέκνον,
897 2749 998 2798 οὖρος
1011 2761 1018 2768 ·
1038 2750 1126 2798 ἀνὴρ
1139 2746 1166 2784 δ’
1183 2749 1293 2797 ἀνόμ-

277 2809 395 2844 ματος,
425 2793 496 2832 οὐδ’
513 2797 604 2846 ἔχων
629 2798 766 2846 ἀρωγάν
783 2796 863 2832 855.
885 2800 1032 2832 Brunck.
1062 2798 1177 2844 ὡνήρ.
1205 2798 1292 2846 ἀνήρ

275 2847 379 2879 Dind.
415 2847 533 2878 Metris
560 2847 623 2878 loci
641 2852 759 2888 utpote
776 2847 1022 2888 corruptissimi
1048 2847 1097 2878 nil
1130 2847 1288 2879 efficitur.

277 2891 481 2940 περίφαντος
506 2891 595 2939 ἀνὴρ
619 2891 774 2927 θανεῖται
798 2894 852 2926 Α1.
874 2890 955 2926 228.
1001 2893 1067 2926 Sed
1084 2895 1156 2935 ipse
1173 2895 1288 2926 Herm.

277 2941 330 2973 vel
354 2942 390 2973 in
418 2941 516 2972 tertia
540 2941 688 2973 editione
707 2941 820 2973 Aiacis
841 2941 979 2982 reliquit
1003 2942 1118 2978 κεῖνος
1135 2939 1234 2988 ἀνήρ,
1257 2939 1293 2979 ὃς

276 2991 448 3034 στυγερῶν
472 2989 527 3019 Ai.
553 2984 661 3020 1194:
692 2989 757 3020 etsi
780 2989 815 3020 in
833 2988 894 3020 hoc
911 2994 950 3020 ut
966 2989 1136 3030 prioribus
1153 2989 1291 3020 melico-

275 3045 351 3068 rum
368 3036 534 3076 exemplis
551 3035 813 3077 antistrophicus
830 3045 947 3067 versus
971 3034 1059 3082 ἁνήρ
1077 3036 1292 3067 scribendum

276 3092 350 3115 esse
375 3083 498 3123 arguit.
535 3082 638 3114 Nemo
664 3083 810 3124 obiiciet,
838 3083 947 3115 crasin
972 3082 1058 3114 hanc
1090 3083 1126 3114 in
1153 3083 1292 3115 canticis

275 3130 480 3162 tolerandam
500 3139 566 3161 non
584 3139 670 3161 esse.
693 3130 809 3162 Crases
826 3131 919 3162 enim
933 3134 971 3161 ut
990 3131 1140 3170 rariores,
1161 3131 1208 3162 ita
1226 3130 1291 3161 mi-

276 3179 367 3210 nime
391 3177 563 3209 inauditae
589 3182 670 3208 sunt
695 3179 731 3209 in
755 3178 815 3210 hoc
838 3187 981 3218 genere,
1011 3187 1135 3218 easque
1161 3187 1237 3209 cum
1255 3179 1291 3208 in

274 3222 348 3258 καὶ
365 3228 438 3256 tum
455 3225 491 3256 in
510 3222 528 3258 ὁ
545 3222 569 3269 ή
586 3222 624 3257 τό
643 3226 930 3257 enumerabimus.
968 3226 1006 3256 In
1025 3224 1185 3256 diverbiis
1203 3222 1292 3270 ἁνήρ

276 3276 366 3304 recte
383 3271 501 3312 habet,
530 3277 565 3303 et
582 3272 669 3312 quod
686 3273 900 3303 memorabile
918 3276 988 3312 est,
1018 3281 1151 3313 semper
1172 3272 1207 3302 in
1226 3273 1292 3303 arsi

274 3319 422 3352 secunda
444 3320 623 3361 reperitur,
651 3329 716 3361 qua
742 3329 776 3351 re
801 3319 1016 3351 confirmatur
1032 3318 1171 3358 Porsoni
1194 3328 1292 3360 prae-

275 3370 410 3408 ceptum
435 3366 476 3398 de
500 3366 620 3407 quinto
643 3367 729 3407 pede
755 3367 898 3398 senarii:
928 3363 951 3409 ἠ
979 3364 1021 3412 ζῇ
1039 3363 1104 3412 γὰρ
1129 3363 1217 3411 ἁνήρ
1235 3366 1288 3398 El.

1024 75 1240 149 Ἀνήρεις
1269 111 1330 118 -—
1353 77 1577 150 Ἀνθηρός
1622 59 1630 61 ⁴

1310 273 1312 302 1

2012 120 2015 121 ⁷
2041 93 2070 138 [1
2083 105 2118 138 p.
2137 91 2204 128 169

1796 202 1851 234 Ai.
1873 197 1905 232 9.
1935 198 2050 239 α”σιτος
2077 199 2118 235 ἀν
2184 187 2267 236 3245

1332 195 1434 231 1221.
1462 197 1558 233 ἔνδον
1583 211 1648 247 γαρ
1674 210 1778 280 αἷᾎὲ
1805 244 1972 282 κέλευθον
1999 245 2193 329 ἇνῄἕδιὸιὸ·
2225 265 2232 278 ’

1330 241 1420 280 ἔστιν
1445 244 1533 293 ἀνὴρ
1557 250 1673 285 κεῖνος

1329 291 1417 348 ἁνῄρ
1435 290 1517 326 979.
1547 288 1655 340 ἐφὶεθ’
1681 292 1770 340 ἁνήρ
1788 291 1868 328 991.
1898 293 1927 328 εἰ
1945 297 2005 329 σοῦ
2021 307 2041 342 γ

1328 445 1412 476 opus
1430 437 1569 469 articulo
1594 437 1634 468 ab
1662 438 1856 469 Hermanno
1880 434 2070 481 [Dindorflo
2086 438 2122 470 in
2141 438 2194 470 ed.
2216 440 2263 472 Va-

1328 483 1403 514 aliis
1420 484 1531 515 addito
1558 484 1591 514 in
1610 484 1681 516 his:
1711 482 1799 530 ἀνὴρ
1824 482 1956 522 ἐκεῖνος
1973 485 2028 516 Α1.
2048 481 2130 518 271.
2156 483 2245 532 ἀνὴρ

1327 531 1396 563 νεῖν
1423 529 1533 564 ἔοικεν
1560 527 1640 562 344.
1669 529 1757 578 ἀνὴρ
1780 533 1938 564 κατοικεῖ
1959 531 2021 563 Ρ11.
2042 529 2100 564 40.
2121 529 2209 579 ἀνὴρ
2224 543 2257 580 γ

1329 576 1511 614 στενακτός
1537 578 1592 610 OC
1621 574 1806 616 HGk-rudi.
1835 575 1935 625 ἀνήρ,
1965 576 2059 620 ἄναξ,
2089 577 2150 625 βέβ
2177 590 2236 613 κεν
2259 615 2261 618 ⁴

1329 621 1408 656 766.
1439 622 1540 657 1091.
1567 622 1654 670 civ->p
1681 622 1737 658 ὅδε
1769 625 1824 658 OC
1850 622 1907 658 32.
1936 622 2016 658 631.
2055 626 2111 659 Tr.
2132 623 2153 660 3
2179 623 2211 659 6.

1330 671 1390 703 rh.
1413 668 1494 704 910.
1516 643 1693 705 0R1160.
1728 673 1830 712 Synd.
1853 673 1894 704 fr.
1918 669 1995 704 149.
2025 676 2059 705 et
2075 670 2195 720 ἄνδρες
2211 671 2262 708 Ar

1330 719 1384 750 El.
1402 715 1502 751 1398.
1526 719 1594 751 Cur
1611 729 1677 752 non
1692 730 1827 752 movear
1840 720 2018 761 exemplis,
2041 722 2139 762 quale
2157 726 2207 754 est
2222 721 2270 754 Α

1331 766 1431 798 Eum.
1462 763 1542 798 727.
1580 768 1669 808 quod
1692 768 1902 799 Wellauerus
1936 771 2065 799 certum
2090 769 2261 810 producti

1330 811 1680 902 carituras?
1703 816 2124 895 ζζῑὴζζζζζιζζζωῗ
2142 811 2267 901 ’Ἳιιζ

1931 873 1947 899 ς
2103 874 2125 896 α
2149 874 2171 897 α

1330 909 1447 949 Suppl.
1470 905 1551 940 853.
2127 874 2147 908 γ
2251 927 2254 932 1

1401 968 1483 998 Rem
1508 977 1574 999 non
1603 968 1826 1009 dimittimus,
1863 971 2044 1010 antequam
2074 970 2218 1001 notarim

1329 1016 1458 1054 signem
1492 1015 1604 1046 Wexii
1637 1013 1792 1061 ἀκρισίαν
1835 1016 1876 1047 ad
1909 1016 1989 1047 Ant.
2025 1013 2112 1057 762,
2157 1026 2195 1050 co
2225 1018 2280 1044 2·'⁴

1329 1063 1439 1094 omitti
1457 1062 1491 1093 in
1510 1062 1604 1094 libris
1622 1063 1801 1095 articulum
1819 1063 2036 1104 affirmantis,
2065 1064 2125 1096 ubi
2141 1064 2185 1096 sit
2208 1079 2214 1082 ·
2236 1065 2257 1088 Γ

1330 1109 1395 1141 Sed
1413 1110 1523 1140 omitti
1550 1110 1652 1141 etiam
1678 1110 1752 1142 aliis
1778 1111 2071 1152 qualibuscunque
2095 1111 2175 1143 locis
2199 1118 2253 1143 ns

1329 1157 1588 1196 significationis
1607 1158 1735 1189 ratione
1753 1157 1866 1189 habita
1883 1158 1935 1189 vel
1953 1158 2069 1199 pueris
2086 1162 2215 1190 notum.
2239 1168 2249 1177 ·-

1399 1214 1418 1233 *
1432 1209 1553 1261 [Ἀνή
1567 1226 1656 1261 ρεις
1674 1217 1785 1247 viriles
1803 1217 1883 1248 olim
1901 1217 1958 1249 Tr.
1979 1213 2049 1249 460
2066 1217 2181 1248 fictum

1330 1260 1391 1300 εἷς.
1414 1263 1466 1295 Cf.
1489 1263 1528 1295 G.
1550 1263 1654 1295 Dind.
1675 1264 1716 1295 ad
1733 1263 1834 1304 schol.
1856 1260 1890 1296 2.
1911 1274 1944 1305 p.
1968 1261 2042 1309 71.]
2238 1266 2253 1274 ”

1399 1315 1466 1355 Ἀν
1475 1321 1498 1368 ή
1511 1333 1527 1368 ρ
1539 1332 1548 1354 ι
1558 1319 1580 1356 θ
1591 1334 1616 1367 μ
1627 1333 1644 1355 ο
1655 1333 1671 1359 ς
1696 1322 1958 1355 innumerabilis.
1992 1322 2111 1354 Forma
2128 1324 2242 1365 vocab

1331 1370 1454 1401 verbiis
1472 1370 1689 1402 conveniens.
1719 1367 1767 1414 [v.
1790 1370 1891 1409 Seyff.
1921 1370 1961 1401 ad
1985 1371 2042 1402 Ai.
2070 1366 2150 1402 601.
2173 1366 2253 1404 605

1329 1414 1481 1450 ἄσκοπον
1499 1415 1622 1463 χρόνον
1641 1415 1750 1462 βεβὼς
1767 1414 1811 1462 ἦν
1828 1415 1969 1463 ἡμερῶν
1988 1413 2181 1463 ἀνήριθμον
2195 1418 2247 1464 Tr:>¹

1331 1464 1386 1497 Sic
1399 1474 1510 1505 apogr.
1525 1465 1715 1506 pedestrem
1728 1465 1841 1505 potius
1856 1465 2042 1496 orationem
2055 1465 2231 1498 substituta

1332 1508 1485 1558 ρίθμειον
1497 1512 1567 1552 LA,
1582 1512 1641 1544 sed
1659 1522 1688 1544 ει
1704 1513 1740 1543 in
1759 1523 1770 1544 ι
1787 1516 1926 1544 mutato.
1948 1508 2250 1557 ἀνήριθμοςαίὲν“

1328 1557 1542 1606 τρυχόμενος
1559 1560 1613 1590 Αἰ.
1628 1556 1697 1591 602
1713 1559 1763 1590 011.
1783 1560 1876 1591 Libri
1893 1568 2058 1591 consensu
2091 1557 2121 1604 ᾖ.
2158 1556 2196 1603 [8
2237 1563 2239 1566 ⁴

1331 1604 1442 1640 οὐδενὶ
1459 1602 1600 1652 ἀριθμῷ
1609 1605 1833 1651 ταττόμενος,
1855 1603 1945 1640 ἀλλὰ
1963 1603 2246 1652 περιερριμμέν

1330 1655 1500 1695 abiectus,
1531 1658 1762 1696 contemptus:
1792 1665 1823 1685 v.
1845 1655 1947 1686 Kiist.
1977 1659 2010 1685 et
2035 1653 2160 1685 Bernh.
2189 1653 2241 1694 &di

1331 1711 1357 1733 s.
1379 1701 1426 1743 v.]
1447 1701 1622 1742 Iungenda
1639 1711 1758 1733 censeo
1776 1698 1968 1747 ἀνήριθμος
1986 1699 2102 1748 χρόνῳ
2119 1695 2245 1749 τρυχό’

1329 1749 1363 1780 id
1381 1749 1469 1790 quod
1486 1745 1711 1794 ἀναριθμήτῳ
1729 1747 1845 1794 χρόνῳ
1862 1757 1959 1790 prosa
1975 1749 2125 1781 oratione
2142 1749 2229 1787 dice>

1400 1800 1468 1840 Ἀν
1481 1804 1622 1841 θάπτο
1635 1818 1708 1852 μοι
1747 1807 1932 1848 prehendo,
1976 1807 2109 1839 invado.
2150 1817 2231 1842 σπσ.

1330 1851 1533 1898 πλευμόνων
1559 1852 1740 1900 ἀνθήψατο
1771 1855 1826 1886 Tr.
1848 1851 1927 1886 778.
1973 1854 2147 1895 Proprium
2173 1853 2235 1887 de

1330 1902 1471 1933 doloris:
1502 1913 1533 1933 v.
1556 1902 1638 1933 Eur.
1661 1902 1750 1933 Med.
1771 1899 1828 1934 55.
1852 1898 1955 1934 1350.
1983 1901 2044 1935 Ar.
2065 1902 2150 1934 Rau.

1330 1949 1422 1980 locus
1442 1949 1558 1989 tragici
1577 1950 1750 1981 cuiusdam
1768 1949 1996 1980 imitationem
2021 1949 2122 1981 habet
2144 1960 2207 1983 πα
2222 1967 2238 1988 ι,

1331 2003 1365 2027 et
1384 1997 1571 2028 ridiculam.
1602 1996 1655 2029 Cf.
1676 1997 1799 2028 Biomf.
1820 1997 1860 2028 ad
1878 1996 1999 2028 Aesch.
2021 1996 2113 2028 Pers.
2136 1994 2196 2028 7⁸2
2215 2008 2245 2036 1

1401 2049 1561 2088 Ἀνθέω
1585 2055 1691 2097 [Curt.
1713 2056 1770 2088 Et.
1790 2051 1888 2098 226].
1917 2055 2056 2096 Proprie
2072 2055 2183 2097 floreo.
2223 2051 2231 2060 ”

1332 2101 1394 2147 μὲν
1413 2099 1489 2148 ὄψει
1506 2100 1630 2136 λευκὸν
1648 2100 1820 2136 ἀνθοῦντα
1837 2100 1965 2149 στάχυν
1984 2103 2026 2134 fr.
2038 2103 2107 2134 inc.
2117 2102 2192 2134 XL.
2226 2107 2238 2129 τ

1332 2159 1386 2191 ap.
1408 2150 1506 2181 Eust.
1528 2160 1562 2191 p.
1583 2147 1665 2190 835,
1687 2146 1707 2182 9
1726 2151 1800 2182 sine
1819 2151 1956 2182 nomine
1972 2153 2111 2191 poetae,
2137 2149 2230 2192 quot!

1331 2207 1406 2228 mus
1424 2207 1468 2228 ex
1486 2198 1544 2229 Gr.
1566 2198 1670 2228 Bekk.
1692 2207 1725 2238 p.
1745 2193 1825 2238 361,
1845 2194 1902 2229 20.
1940 2196 2073 2229 Tralate
2097 2197 2138 2229 de
2154 2196 2228 2235 οῖ’,

1330 2244 1454 2276 viribus
1486 2245 1656 2276 crescendo
1689 2245 1825 2276 dicitur.
1876 2245 1927 2276 De
1953 2245 2066 2277 morbo
2090 2245 2227 2285 ingr-a·

1331 2292 1460 2323 medica
1476 2301 1541 2323 vox
1559 2296 1622 2332 est,
1646 2293 1739 2323 velut
1751 2289 1884 2333 θάλλω,
1907 2293 1950 2324 cs.
1962 2291 2093 2324 Wakef.
2111 2291 2153 2324 ad
2171 2288 2242 2324 1⁸1⁶·

1331 2340 1389 2370 ubi
1407 2340 1531 2379 legitur
1549 2336 1701 2372 δαίνυται
1718 2337 1783 2384 γὰρ
1800 2336 1843 2372 αὖ
1861 2337 1977 2380 πάλιν,
1997 2335 2164 2384 ἥνθηκεν,

1329 2396 1388 2418 κεν
1413 2384 1452 2430 (ἡ
1470 2384 1595 2430 νόσος).
1634 2387 1743 2419 Schol.
1771 2383 1939 2431 ἤκμασεν.
1974 2386 2026 2418 De
2043 2385 2104 2418 hac
2129 2390 2229 2430 totas,

1331 2443 1434 2465 sensu
1460 2434 1600 2474 figurato
1628 2438 1790 2475 usurpata
1818 2445 1851 2466 v,
1879 2433 2041 2466 Abresch.
2068 2433 2109 2465 ad
2131 2431 2234 2475 Acus

1331 2477 1411 2512 668.
1432 2482 1460 2512 l.
1481 2481 1523 2512 H.
1539 2482 1635 2512 Voss.
1653 2481 1693 2512 ad
1711 2481 1837 2520 Hymn.
1858 2481 1933 2513 Cer.
1950 2477 2031 2513 278.
2047 2480 2146 2513 Wex.
2167 2490 2198 2512 a·
2287 2508 2288 2511 ,

1330 2524 1398 2559 946
1424 2524 1590 2571 (94911.)
1616 2533 1649 2560 et
1674 2529 1791 2560 horum
1817 2530 1945 2560 fontem
1974 2528 2126 2560 omnium
2148 2526 2229 2564 Har*

1330 2575 1370 2606 ad
1389 2575 1470 2606 Luc.
1494 2575 1625 2615 Nigrin.
1654 2586 1687 2616 p.
1708 2572 1790 2607 253.
1811 2579 1836 2607 t.
1856 2577 1884 2607 Ι.
1906 2576 1981 2617 Bip.
2005 2593 2047 2599 —
2072 2575 2124 2607 De
2153 2588 2161 2603 t
2221 2583 2227 2609 “,

1329 2627 1420 2654 ctum
1438 2621 1473 2655 ἐν
1489 2621 1580 2659 νέοις
1599 2620 1699 2656 ἀνθεῖ
1723 2633 1759 2655 τε
1776 2621 1835 2656 καὶ
1853 2620 1955 2656 πάλιν
2000 2619 2087 2656 θίνει
2112 2623 2153 2654 fr.

1329 2670 1506 2701 emendato
1525 2680 1543 2701 a
1560 2670 1664 2702 Piers.
1687 2671 1727 2701 ad
1746 2670 1848 2702 Moer.
1868 2680 1902 2711 p.
1927 2667 1969 2702 18
1997 2695 2004 2711 ,
2026 2669 2067 2701 de
2085 2666 2195 2716 ὕβρει..
2211 2669 2217 2695 ’ἐ

1398 2722 1661 2774 *Ἀνθήλιος
1687 2739 1717 2761 ν.
1747 2727 1921 2774 ἀντήλιος.
2050 2725 2083 2772 (1
2099 2738 2133 2769 p.
2156 2713 2230 2760 161
2256 2728 2259 2734 ’

1399 2781 1713 2833 *Ἀνθήμερον.
1744 2786 1799 2820 ἀ.;
1822 2786 1973 2834 σήμερον
1998 2784 2127 2832 ἡμέρα.
2285 2811 2288 2825 ;

1328 2833 1394 2881 νάῃ
1411 2833 1468 2878 (fr.
1486 2832 1584 2879 177.)
1603 2834 1746 2874 Hesych.
1773 2834 1931 2876 [Ahrens.
1952 2835 2045 2866 diall.
2067 2834 2126 2866 Gr.
2145 2830 2179 2876 2,
2216 2844 2223 2874 ρ
2286 2839 2288 2867 ἔ

1329 2882 1485 2914 cabulum
1504 2883 1539 2913 in
1555 2883 1780 2923 suspicionem
1797 2886 1902 2914 vocat.
1922 2882 2068 2913 Brunck.
2086 2885 2206 2923 contu⁷
2221 2878 2226 2889 ’

1330 2939 1402 2960 rum
1413 2929 1563 2960 ordinem
1574 2930 1705 2961 volebat
1715 2927 1913 2974 αὐθημερόν
1923 2925 2031 2973 (αὐθή
2037 2938 2140 2974 μερον
2149 2927 2190 2962 Se
2198 2942 2215 2955 ι·

1330 2976 1417 3017 quod
1450 2986 1511 3017 per
1534 2986 1569 3007 se
1593 2980 1781 3018 spectatum
1811 2977 1888 3017 plus
1911 2976 2012 3007 habet
2035 2975 2142 3018 fider]
2181 2978 2222 3018 ’,ῃ

1329 3027 1460 3055 servato
1477 3024 1593 3055 ordine
1611 3017 1685 3057 ἀνθ’
1703 3021 1855 3069 ἡμέραςι
1885 3016 1926 3055 δι’
1945 3021 2029 3069 ὅλης
2044 3024 2109 3068 τῆς
2124 3020 2148 3067 ἡ
2187 3039 2209 3061 „-

1398 3076 1463 3116 Ἀν
1474 3079 1606 3128 θηρός
1635 3081 1741 3124 [Curt.
1764 3081 1821 3113 Et.
1842 3078 1938 3123 226].
1959 3081 2097 3123 Proprie
2113 3077 2234 3124 y‘lot·'-·'',⁴
2281 3071 2285 3106 ἶ

1328 3129 1407 3161 inde
1424 3130 1582 3161 tralatum
1599 3129 1709 3169 forits,
1730 3128 1872 3168 validus,
1892 3130 2013 3168 mavis.
2042 3130 2104 3166 τᾶς
2153 3126 2225 3168 mr]

1326 3176 1384 3210 νὸν
1402 3174 1587 3215 ἀποστάζει
1609 3173 1759 3222 ἀνθηρόν
1782 3186 1819 3208 τε
1837 3174 1939 3220 μένος
1963 3177 2044 3207 Ant.
2066 3172 2111 3208 96
2151 3173 2215 3209 chr

1329 3221 1420 3257 οὕτω
1436 3222 1496 3257 καὶ
1521 3225 1582 3257 τοῦ
1600 3219 1803 3269 Λυκούργου
1829 3221 1898 3256 ἀπὸ
1913 3225 1978 3267 τῆς
2003 3220 2124 3267 μανίας
2150 3219 2183 3256 ὀ

1329 3268 1446 3316 βαίνει.
1484 3270 1547 3303 Sed
1566 3271 1705 3312 quaevis
1730 3270 1935 3309 intelligitur
1952 3270 2095 3302 insania.
2136 3267 2164 3302 G
2184 3282 2190 3294 .

1329 3318 1450 3350 Dresd.
1479 3328 1497 3350 a
1521 3318 1765 3359 interpretatur
1781 3315 1934 3362 ἀκμαῖον
1951 3315 2009 3350 καὶ
2028 3313 2193 3363 σφοδρόν.·
2216 3334 2220 3340 ·

1329 3363 1404 3399 θεῖν
1422 3370 1457 3396 et
1474 3361 1592 3402 ἄνθος.

2285 2970 2288 2995 i
