2288 3600
15 295 35 341 „k
52 298 102 334 13.
139 299 300 340 Hesychii
333 299 511 331 auctoritas
547 299 703 330 ultimum
732 297 931 339 scrupulum

33 360 53 381 ·:
80 345 332 392 κιγχάνεινε
359 343 579 391 εἰσπράττειν,
598 342 670 388 λαμ
694 342 806 378 άνειν·
833 353 930 387 κιγ-

17 419 28 434 2
49 406 59 428 ι
83 392 263 474 wadum:
294 394 336 425 cs.
355 393 453 424 Eust.
473 402 508 433 p.
527 388 630 432 1525,
652 389 664 423 1
697 415 704 423 .
727 391 854 423 Buttm.
869 390 926 423 Gr.

31 441 78 485 ⁴·-p
115 439 129 474 1
183 465 190 472 .
220 441 408 472 Wellauero
431 448 509 471 vero
534 439 576 470 ad
603 438 723 470 Aesch.
746 437 827 470 Cho.
853 437 876 469 Ι.
898 446 925 469 ο.

34 493 156 524 notum·
169 491 221 520 est
238 488 360 519 Atticis
377 487 519 528 primam
536 486 684 527 produci.

16 550 51 602 '‘,l'
61 570 116 593 ων
133 559 300 591 columna.
330 554 440 594 δεθεὶς
455 555 539 601 πρὸς
556 549 640 589 κίον’
657 552 790 600 ἑρκείου
809 551 930 599 στέγης

13 606 74 639 Η.
107 602 180 639 ἅνω
204 602 292 638 κίονι
315 602 421 649 δήσας
444 600 514 635 240
532 612 586 635 an.
615 600 812 646 [consuetus
837 601 929 632 enim

29 653 146 685 andis
172 653 283 684 noxiis
313 652 404 683 locus
431 662 460 682 v.
493 651 572 682 Lob.
597 650 640 681 ad
664 650 718 681 Ai.
743 643 836 692 103}
880 648 930 679 De

7 702 31 727 ³²-
45 709 90 732 rc.
110 709 144 740 p.
168 695 223 739 18,
244 696 264 730 5
289 701 330 730 cf.
354 698 417 729 EM
431 708 464 739 p.
487 694 566 737 514,
588 692 653 736 54,
683 695 774 727 unde
791 694 931 727 discitur

28 742 36 746 ”
59 747 226 789 participii
259 745 362 785 κιών,
398 754 473 776 cum
501 745 713 776 substantive
747 737 950 782 diceretur‚l

13 798 89 833 *faus
112 793 235 826 retrahi
268 794 377 824 visum
402 801 497 831 esse,
534 791 622 831 quod
654 790 800 822 disertus
833 789 931 821 testis

17 838 24 848 ⁵
51 840 150 873 Eust.
176 849 208 881 p.
231 836 292 877 32,
319 836 372 870 10.
404 836 472 882 [De
499 847 621 878 genere
639 848 670 869 v.
693 837 794 869 schol.
815 836 855 867 ad
873 836 928 868 Ai.
948 832 950 875 Ι

7 887 33 938 ,Ὦ
69 887 125 920 nd.
150 886 202 918 01.
227 883 256 926 1,
280 883 353 930 10.]
673 882 704 926 (1
723 893 756 924 p.
777 879 857 922 960,
878 878 951 925 4.)ι

20 957 32 988 ‘1‘-
38 935 43 989 Α,
51 953 134 991 ἀγγ
145 938 192 978 ἄν
203 957 231 978 ω
249 954 358 975 vocem
372 943 443 975 cdo.
465 941 551 977 ὅπου
564 953 615 980 τις
629 939 719 987 ὄρνις
733 939 812 988 οὐχὶ
823 939 933 987 κλαγ-

56 988 74 1025 ’.
94 994 160 1025 inc.
183 988 263 1031 782,
284 988 316 1022 4.
778 1025 781 1030 .

26 1050 41 1078 '5
64 1049 174 1096 αγγή
193 1051 318 1081 sonitus
335 1051 358 1082 i.
380 1060 410 1081 e.
432 1051 559 1080 cant-us.
590 1046 625 1081 ἐν
644 1045 681 1080 δὲ
698 1045 811 1084 κοινὸς
829 1043 933 1092 άρσέ-
951 1077 952 1080 ,

2 1114 52 1131 ι
86 1095 220 1143 κλαγγά
239 1097 293 1128 Tr.
314 1093 382 1129 207
397 1096 449 1128 ch.
471 1093 507 1128 εύ
534 1094 578 1140 ήν
597 1095 682 1127 male
701 1094 804 1126 schol.
826 1094 934 1126 inter-

3 1140 83 1177 ‘'¹‘'r1.
111 1145 330 1177 Locutionem
348 1106 602 1175 memoratxhinc
621 1143 719 1173 Eust.
740 1151 773 1182 p.
796 1137 876 1180 793,
897 1138 931 1173 3.
951 1146 953 1172 1

19 1189 45 1229 ᾗ
69 1192 198 1224 notavit
213 1192 291 1222 Arc.
320 1200 353 1231 p.
376 1186 455 1230 104,
475 1186 532 1222 20.

25 1263 51 1291 ι’
63 1253 168 1297 ἅδος
184 1270 307 1292 ramus.
339 1258 503 1304 ἱκτηρίοις
526 1257 702 1292 κλάδοισιν
729 1255 933 1302 ἐξεστεμμέ-

50 1304 93 1340 “3.
119 1305 232 1341 τούσδ’
249 1305 392 1352 ἄραντες
412 1307 552 1352 ἱκτῆρας
569 1303 719 1342 κλάδους
737 1302 812 1337 143.
836 1305 930 1336 Suid.

3 1395 38 1447 ij
53 1402 143 1434 ‘Arc.
164 1411 197 1443 p.
221 1398 300 1442 129,
324 1398 377 1433 13.

23 1457 153 1502 ,ἄξω
177 1469 287 1491 vocem
304 1459 376 1492 edo.
416 1461 486 1491 Non
505 1459 628 1491 dicitur
647 1458 712 1489 nisi
738 1458 778 1488 de
805 1457 930 1488 avibus.

43 1531 48 1542 ,
69 1521 83 1534 ιι
106 1503 294 1546 κλάζοντας
313 1504 403 1552 ὄρνις
421 1507 479 1539 OR
496 1502 577 1538 966.
607 1502 686 1543 ὀξέα
703 1501 842 1543 κλάζων
861 1502 934 1537 αἰε-

118 1550 183 1585 112
200 1564 254 1586 an.
292 1552 308 1587 6
331 1550 436 1587 νίθων
464 1552 563 1598 κακῷ
587 1549 777 1590 κλάζοντας
808 1548 933 1597 οἴστρῳ

31 1601 34 1604 ’
65 1597 304 1680 <issara
332 1596 846 1691 ⁰⁰}032{{{⁰{23=.³i½z†²⁶153

94 1694 203 1726 Havn.
218 1658 404 1740 {zpaZeliitJ
421 1695 539 1726 Zonar.
557 1704 589 1734 p.
607 1689 696 1724 1100
711 1670 929 1738 ιη’ἐκκράζω.

70 1749 151 1787 aiu»
167 1763 194 1784 s,
214 1746 312 1786 κλᾶω
325 1755 432 1794 ploro,
455 1762 580 1794 queror,
609 1761 695 1792 quae
713 1752 932 1791 significatio—

74 1814 78 1827 :
101 1799 247 1832 discerni
265 1810 331 1832 non
348 1804 502 1842 possunt.
532 1799 546 1840 ΙΙ
569 1796 679 1838 κλάω,
705 1796 847 1844 τέτηκα,
866 1796 933 1831 κά-

69 1848 83 1874 s·
114 1845 239 1892 πατρὸς
264 1845 366 1880 δαῖτα
384 1847 436 1878 ΕΙ.
456 1843 537 1878 283.
565 1844 662 1890 εἴπερ
683 1856 716 1878 τι
732 1842 849 1883 κλάεις
865 1849 934 1880 τῶν

80 1905 120 1926 ιιν
137 1898 253 1927 κακῶν
274 1892 375 1927 1117.
400 1888 497 1926 ’κλαε
522 1890 549 1925 δ’
568 1892 585 1926 ὀ
608 1893 720 1938 γάνων
747 1889 826 1926 ὅτου
844 1890 933 1938 ψαύ-

77 1964 85 1973 .
105 1937 184 1974 905.
213 1938 335 1974 ἔκλαεν
353 1939 376 1986 ἡ
395 1938 560 1986 δύστηνος
600 1937 657 1973 09.
680 1937 715 1973 ἐς
733 1937 770 1972 δὲ
786 1937 934 1986 γούνατα

72 1989 244 2021 ’πεσοῦσαι
273 1981 390 2021 ’κλαον
424 1987 479 2020 OG
506 1984 606 2020 1608.
644 1983 774 2032 λύγδην
810 1984 934 2020 ἔκλαον

62 2030 168 2067 1621.
196 2032 321 2080 μελέαν
340 2031 453 2068 πάθαν
470 2031 593 2068 κλαῖον
613 2031 740 2079 ματρός
764 2035 846 2065 Ant.
866 2029 935 2066 980

753 178 876 228 Κίων
907 207 968 214 -
1001 176 1190 231 Κλεινός

83 2100 95 2109 ιι
140 2076 291 2115 ὁθούνεκ’
311 2080 352 2115 ἐκ
365 2079 459 2115 δυοῖν
474 2075 578 2114 ἔπιθ’
591 2078 665 2126 ἅμα
677 2079 935 2126 ὠρφανισμένος

67 2124 175 2160 941.
204 2126 356 2186 βέβρυχα
379 2126 496 2162 κλάων
518 2125 618 2160 1072.
651 2126 682 2162 εἰ
705 2128 767 2173 μὲν
785 2126 828 2173 ἦν
846 2124 935 2160 κλά-

73 2192 93 2221 ,f
110 2176 160 2219 αι
183 2186 275 2209 κακα
301 2177 390 2214 Scyr.
411 2178 453 2208 fr.
475 2173 555 2215 501,
580 2173 609 2208 1.
639 2174 657 2209 6
684 2173 812 2221 χρυσὸς
829 2173 934 2219 ἧσσον

71 2223 126 2256 ἰὖ
141 2219 257 2256 κλάειν
283 2220 324 2256 ἂν
341 2221 384 2268 ἦν
402 2224 447 2255 ib.
470 2233 500 2254 V.
522 2219 554 2254 3.
584 2220 757 2256 πενθοῦσα
773 2220 832 2255 καὶ
849 2219 934 2254 κλά-

71 2270 74 2275 ’
119 2267 167 2303 πά
190 2281 226 2307 ος
263 2267 373 2316 φόβην
400 2267 479 2309 587,
504 2266 556 2302 10.
593 2267 672 2303 οὐδὲ
706 2267 769 2314 γὰρ
792 2265 937 2302 κλαῦσαι

68 2325 78 2361 j
117 2279 196 2349 285.
227 2314 320 2354 ὅπως
346 2315 500 2361 ἐμαυτὴν
528 2313 669 2350 κλαύσω
685 2313 936 2360 κάποδύρωμαι

131 2363 232 2395 Medii
257 2365 402 2396 aoristus
425 2363 514 2404 apud
540 2373 572 2394 se
604 2363 720 2405 deflere
746 2363 931 2403 significat:

135 2407 192 2444 οὖν
217 2408 259 2455 δὴ
286 2407 383 2444 πόλλ’
410 2404 505 2456 ἔγωγ’
533 2408 755 2456 ἐκλαυσάμην
775 2410 830 2441 Tr.
854 2406 932 2441 153.

120 2459 201 2497 ειιπι,
222 2458 318 2489 cuius
330 2458 547 2498 participium
565 2458 674 2489 solum
691 2458 814 2496 legitur
826 2458 937 2496 yravia

79 2543 82 2546 Ι
109 2520 110 2523 ¹
152 2513 191 2536 us
214 2505 457 2545 multarumque
481 2506 693 2536 lacrimarum
717 2504 935 2544 significatio-

84 2563 110 2585 ,ι’
131 2564 138 2577 2
153 2575 161 2591 ,
189 2560 251 2583 nec
276 2555 387 2584 tamen
406 2555 445 2583 ut
469 2552 514 2583 sit
532 2555 683 2583 nostrum
700 2552 874 2589 ver-indm,-
902 2551 936 2582 id

73 2599 115 2631 ..ἰ
147 2598 331 2638 significat,
368 2599 464 2630 cuius
488 2599 523 2629 in
550 2599 646 2630 vultu
671 2602 705 2629 et
730 2599 812 2629 facie
836 2598 935 2629 fletus

142 2649 281 2676 nnntur.
317 2645 392 2678 Non
415 2647 516 2686 probo
534 2646 639 2685 igitur
655 2645 873 2676 Matthiaeuui
899 2645 935 2675 in

70 2703 107 2731 J
122 2698 159 2732 p.
176 2687 255 2732 931,
277 2693 342 2724 iam
358 2693 445 2732 quod
461 2693 586 2733 passivi
602 2693 684 2724 dicit
700 2701 773 2724 esse
789 2689 936 2724 κεκλαυ-

74 2770 97 2778 ¹
116 2736 345 2771 Schaeferum
363 2740 404 2771 ad
421 2739 511 2771 Plut.
532 2743 556 2770 t.
569 2735 603 2770 4.
623 2749 657 2780 p.
671 2735 751 2771 412.
780 2735 877 2771 ἔνθεν
896 2736 936 2771 οὐ

125 2794 159 2817 αι
182 2784 264 2830 πρὸς
290 2783 383 2819 οἷκον
400 2782 514 2826 ἵξεσθε
537 2786 595 2818 OR
614 2781 715 2817 1490.
745 2785 877 2817 Notavit
895 2786 935 2817 de

67 2826 109 2867 Jss2÷
134 2829 367 2876 κεκλαυμένος
394 2838 429 2864 et
446 2830 696 2878 δεδακρυμένος
714 2832 873 2864 Abresch.
896 2831 935 2863 ad

72 2875 154 2915 Ῐ’·ιο.
174 2875 254 2910 455.
293 2879 404 2911 Poetis
423 2880 542 2911 tribuit
559 2879 619 2911 EG
636 2889 670 2920 p.
686 2876 766 2911 311.
783 2883 869 2911 extr.
891 2896 932 2902 -

112 2922 231 2968 ’μέλεα
246 2924 326 2958 τάδε
345 2936 380 2958 σε
392 2923 557 2970 κλαίομαι
570 2927 611 2958 fr.
627 2926 782 2966 Thamyr.
799 2923 868 2958 228
885 2930 937 2957 est

36 2973 66 3022 ᾗ,
104 2984 117 2993 ι·
131 2971 300 3004 .Ambros.
315 2971 358 3006 τὰ
371 2967 396 3005 δ’
417 2970 480 3006 ὅσα
495 2970 646 3017 κλύομεν
664 2983 716 3013 ap.
739 2973 842 3005 schol.
863 2973 934 3004 He-

37 3051 39 3053 .
55 3016 75 3052 ἰ
167 3017 182 3060 ΙΙ
206 3013 352 3059 Κλάειν,
378 3025 416 3051 ut
429 3021 572 3060 ptorarc,
593 3020 634 3051 de
652 3029 699 3059 eo,
723 3021 781 3060 qui
797 3020 885 3051 malo
902 3023 937 3051 et

37 3044 71 3110 f„
104 3080 117 3086 ..
144 3067 231 3105 ιιιιν,
258 3066 324 3098 dici
351 3067 446 3098 solet.
484 3066 583 3108 Soph.
605 3076 671 3098 non
692 3076 774 3098 usus
799 3071 851 3098 est
869 3066 936 3097 nisi

43 3107 71 3152 ,Ϊῇ
84 3119 96 3133 ’-
118 3113 316 3152 praesentis
361 3111 478 3146 κλάων
497 3110 611 3150 δοκεῖς
630 3122 689 3157 μοι
706 3110 935 3158 ἁγηλατήσειν

44 3149 60 3191 ,Υ
72 3153 149 3195 girh
165 3157 248 3204 πρὸς
263 3158 364 3207 χάριν
383 3159 444 3204 μὲν
463 3158 527 3194 ούκ
545 3158 646 3205 ἐρεῖς,
667 3157 783 3192 κλάων
803 3153 830 3191 δ’
846 3158 935 3205 ἐρεῖς

46 3219 60 3250 ·,,
98 3206 185 3251 ,ιι,’,ιν
210 3206 392 3251 φρενώσεις
425 3208 504 3239 Ant.
527 3204 596 3238 754
622 3216 696 3238 cum
727 3210 781 3238 tuo
815 3216 936 3246 mayno

41 3246 59 3286 ΙΞΪ
126 3274 127 3287 ;
157 3249 333 3293 Superest,
367 3258 407 3285 ut
436 3255 477 3286 de
501 3255 666 3295 scriptura
697 3257 822 3293 agatur.
858 3251 935 3286 κάω

43 3291 57 3357 ,ζ
91 3301 119 3350 ’,ι
151 3307 314 3378 οοζιεειῗειι
330 3300 934 3379 ggamngaticoriggOAt2tiYcisRZribuun-

95 3367 151 3387 .·
196 3363 197 3367 ι
225 3354 243 3377 o
269 3356 322 3378 on.
373 3357 391 3380 e
419 3358 438 3378 a
464 3358 493 3379 v.
541 3372 548 3379 .
720 3372 727 3379 .
790 3348 876 3378 ceris
924 3371 931 3378 .

44 3378 51 3433 Ι,
94 3391 96 3393 ’
115 3408 119 3413 ›
170 3354 295 3425 kaM
310 3403 344 3435 p.
365 3390 422 3435 31,
441 3390 487 3426 49
504 3357 570 3426 εἷο.
591 3371 758 3426 Orionem.
780 3394 878 3426 Eust.
898 3357 931 3434 g.

38 2956 53 2978 1(

85 2958 103 2973 sy

85 3069 89 3080 r

82 3097 97 3110 s.

84 3147 91 3157 z

93 3207 98 3214 ι

1882 178 1981 226 385

965 295 988 326 1.
1010 304 1038 326 c.
1060 295 1174 335 Intpp.
1203 293 1300 334 Greg.
1324 293 1397 325 Cor.
1418 302 1453 334 p.
1475 290 1532 325 75.
1562 293 1702 326 Dorvill.
1731 294 1771 325 ad
1790 293 1915 325 Charit.
1944 304 1977 335 p.

964 338 1046 374 288.
1076 341 1121 372 Et
1138 350 1190 382 ap.
1214 339 1475 381 Aristophanem
1500 340 1566 371 iam
1583 341 1734 372 omnium
1752 349 1915 372 consensu
1942 350 1981 372 ea

966 389 1131 429 scriptura
1154 388 1302 427 obtinet,
1331 396 1393 419 nec
1417 387 1457 419 de
1476 387 1614 419 Platone
1639 392 1673 419 et
1690 389 1874 419 recentiore
1892 389 1982 420 Atti-

965 437 1068 467 cismo
1085 434 1234 467 dubitari
1250 434 1384 466 videtur
1409 443 1526 475 posse,
1547 434 1711 475 quidquid
1728 438 1862 476 propter
1878 435 1980 466 libro—

966 492 1039 514 rum
1064 482 1254 514 dissensum
1278 481 1367 512 dicat
1384 481 1577 514 Schneider.
1606 482 1645 513 ad
1672 482 1755 513 Plat.
1777 482 1899 523 Rpubl.
1924 479 1977 514 10.

966 538 999 570 p.
1021 525 1090 561 614
1107 529 1146 560 E.
1176 528 1279 560 Aliud
1304 533 1356 559 est
1383 529 1419 559 in
1445 529 1580 567 tragicis
1603 525 1651 571 [v.
1674 528 1714 560 G.
1738 529 1840 560 Dind.
1861 530 1896 560 in
1916 529 1978 561 Th.

969 576 1054 608 LGr.
1076 573 1109 607 4.
1139 585 1171 616 p.
1196 571 1285 607 1598
1303 576 1341 615 C,
1369 576 1428 616 qui
1453 579 1606 614 cautum,
1637 576 1674 606 B.
1695 575 1812 607 Gerth.
1841 576 1882 607 de
1899 576 1977 608 dial.

967 628 1071 663 tragg.
1091 632 1125 664 p.
1144 619 1353 661 203-208,
1382 623 1441 663 qui
1458 623 1604 653 sobrium
1622 631 1660 654 ea
1677 622 1718 654 de
1736 632 1769 654 re
1794 623 1876 654 tulit
1892 623 1983 654 iudi—

967 671 1067 701 cium.
1103 669 1198 701 Adde
1227 670 1266 700 N.
1290 669 1474 701 Wecklein.
1503 678 1601 700 curae
1631 671 1733 710 epigr.
1755 679 1789 711 p.
1811 666 1978 714 62-65J.

968 717 1112 758 Epicum
1135 725 1259 748 morem
1284 714 1373 749 καὶω
1397 713 1508 749 κλαίω
1534 713 1631 749 ἐλαία
1657 717 1824 748 scribendi
1849 722 1983 758 praeter

967 764 1087 796 Blomf.
1109 764 1149 795 ad
1167 763 1289 795 Aesch.
1307 764 1370 802 Ag.
1391 760 1432 794 17
1450 764 1604 804 inprimis
1622 763 1738 795 Herm.
1760 768 1810 796 est
1830 769 1978 804 secutus,

968 821 999 842 v.
1030 811 1103 842 eius
1129 811 1234 852 praef.
1258 810 1299 841 ad
1322 810 1377 841 Αἱ.
1406 810 1457 841 ed.
1479 810 1511 850 l,
1538 811 1620 842 item
1645 811 1762 842 Elmsl.
1793 811 1834 842 ad
1859 811 1978 843 Bacch.

968 855 1055 898 7573
1085 857 1145 889 sed
1169 859 1198 889 is
1223 858 1426 889 sententiam
1454 858 1598 888 mutavit
1623 858 1657 889 in
1685 857 1743 889 ΟΒ
1757 855 1875 891 κλάειν
1899 860 1982 890 scri-

969 906 1070 937 bens:
1100 914 1162 936 nec
1179 905 1328 945 speciosa
1341 904 1436 936 deest
1453 904 1616 944 defensio,
1644 903 1784 950 πράττω
1803 905 1932 937 scilicet
1949 910 1983 936 et

969 949 1123 985 θάλαττα
1140 953 1252 983 Attica
1268 951 1347 991 dici,
1377 951 1433 982 sed
1453 960 1517 982 non
1536 961 1610 983 esse
1626 953 1838 992 tragicorum.
1860 951 1984 984 Contra

970 1008 1105 1031 sensere
1122 998 1213 1030 Pors.
1232 995 1352 1042 [praef.
1374 998 1413 1029 ad
1430 998 1510 1030 Hec.
1527 1008 1560 1039 p.
1573 995 1606 1030 4.
1628 1000 1717 1030 Bast.
1739 999 1779 1031 ad
1793 999 1891 1039 Greg.
1905 999 1978 1031 Cor.

971 1056 1003 1087 p.
1018 1042 1098 1077 347.
1120 1046 1224 1077 Gaisf.
1246 1046 1287 1077 ad
1304 1045 1421 1077 Markl.
1445 1045 1563 1086 Suppl.
1584 1055 1617 1086 p.
1634 1043 1694 1090 75]
1711 1050 1745 1077 et
1763 1046 1979 1086 Matthiaeus,

970 1093 1025 1124 hic
1048 1093 1089 1124 ad
1114 1092 1244 1124 Hecub.
1265 1092 1426 1124 adnotans
1451 1102 1482 1123 ν.
1502 1088 1591 1131 209,
1612 1102 1711 1133 quem
1731 1094 1852 1124 mirum
1870 1099 1982 1125 tamen

971 1141 1072 1172 etiam
1090 1133 1207 1185 κλάειν
1226 1149 1291 1171 non
1309 1139 1478 1180 sprevisse
1496 1139 1572 1170 Hel.
1595 1136 1684 1171 1190
1701 1140 1829 1172 dudum
1846 1141 1984 1172 damna-

951 1199 952 1206 *
971 1191 1043 1218 tuin
1061 1197 1079 1218 a
1096 1187 1259 1218 Dorvillio
1277 1190 1310 1217 et
1328 1187 1486 1218 Piersono
1505 1187 1526 1217 Ι.
1549 1197 1576 1218 c.
1614 1187 1700 1218 Illud
1719 1188 1874 1227 interest,
1895 1188 1983 1228 quod

952 1232 1110 1279 ιπράττω
1136 1239 1170 1265 et
1194 1234 1318 1265 similia
1342 1243 1473 1274 perraro
1499 1234 1533 1264 in
1559 1243 1627 1265 uno
1650 1235 1794 1266 alterove
1821 1235 1904 1266 libro
1931 1244 1983 1266 re-

971 1282 1165 1322 periantur,
1192 1278 1292 1314 κλάω
1319 1285 1352 1312 et
1379 1278 1455 1313 κάω
1482 1281 1622 1312 minime
1650 1282 1881 1322 infrequentia
1898 1282 1978 1313 sint.

5 1344 124 1402 apa<
171 1355 222 1386 De
239 1359 376 1387 acoentn
405 1366 423 1385 v
458 1355 544 1386 Eust
585 1363 606 1394 P
640 1350 720 1391 577,
744 1349 797 1384 13·
830 1348 929 1391 1400,
952 1328 1023 1372 ;De
1051 1328 1243 1367 Thucydide
1270 1327 1345 1359 vide
1363 1328 1487 1368 Poppo.
1518 1332 1586 1360 not.
1609 1329 1681 1360 crit.
1703 1329 1743 1360 ad
1761 1325 1793 1368 2,
1816 1325 1873 1360 49.
1908 1326 1983 1372 [LA

971 1376 1006 1407 in
1026 1375 1184 1414 Aeschyli
1210 1375 1332 1406 fabulis
1358 1375 1470 1406 deceni
1498 1375 1578 1407 locis
1603 1375 1742 1407 exhibet
1765 1384 1825 1416 per
1848 1385 1882 1409 αι
1899 1377 1982 1408 scri-

971 1427 1078 1464 ptum,
1108 1432 1174 1454 nno
1194 1422 1315 1463 Suppl.
1337 1418 1405 1453 925
1422 1419 1560 1459 κλάειςε
1590 1431 1633 1454 ex
1650 1423 1790 1463 reliquis
1814 1423 1910 1455 libris
1927 1432 1981 1455 so-

971 1470 1024 1500 lus
1042 1469 1100 1501 ΡΑ
1116 1466 1233 1502 κλάειν
1251 1469 1344 1510 Sept.
1368 1465 1456 1501 1067
1475 1479 1529 1501 an.
1558 1470 1598 1500 In
1616 1469 1787 1510 Sophoclis
1807 1470 1983 1502 duodecim

970 1517 1048 1548 locis
1061 1520 1250 1548 constanter
1264 1526 1298 1549 αι
1315 1520 1425 1547 servat
1443 1517 1511 1548 LA.
1530 1516 1701 1557 Euripidis
1715 1517 1790 1548 libri
1805 1517 1981 1556 Marciam,

971 1564 1094 1603 Vatic.,
1125 1563 1234 1595 Havn.
1262 1564 1297 1594 in
1326 1563 1464 1603 triginta
1487 1565 1595 1595 tribus
1621 1564 1701 1595 locis
1727 1573 1794 1595 uno
1811 1564 1893 1596 Hec.
1914 1561 1984 1597 840

969 1607 1105 1643 κλάοντ’
1135 1611 1281 1651 simplici
1310 1611 1426 1642 vocali.
1462 1610 1564 1642 Dind.
1599 1620 1675 1643 vero
1699 1612 1834 1651 tragicis
1864 1609 1983 1645 κλάειν

970 1658 1095 1698 ubique
1122 1657 1370 1690 restituendum
1395 1667 1468 1689 esse
1495 1658 1638 1689 censuit.
1685 1655 1786 1702 [Cum
1811 1659 1903 1690 nullo
1927 1658 1984 1690 de-

971 1709 1174 1736 monstretur
1191 1708 1399 1745 argumento,
1429 1705 1529 1736 libros
1547 1705 1734 1736 secundum
1751 1706 1983 1737 Atticistarum

969 1756 1164 1793 praecepta,
1201 1752 1290 1793 quod
1322 1761 1420 1792 saepe
1453 1752 1634 1783 inculcavit
1658 1752 1796 1793 Herm.‚
1827 1758 1987 1785 correctos

971 1808 1044 1830 esse
1063 1800 1193 1840 potius,
1222 1808 1320 1840 quam
1338 1799 1459 1839 probae
1477 1803 1511 1830 et
1527 1799 1686 1839 antiquae
1705 1800 1887 1840 scripturae
1905 1800 1986 1832 sub-

971 1850 1115 1886 rogatam
1141 1847 1333 1877 sexcenties
1357 1855 1431 1877 esse
1458 1855 1592 1887 p1avam
1616 1850 1651 1878 et
1676 1847 1866 1886 vulgarem,
1902 1847 1986 1878 mihi

972 1893 1108 1934 quidem
1149 1894 1294 1925 maxime
1333 1894 1494 1933 probatur
1531 1894 1696 1934 scriptura
1733 1890 1981 1940 μονόφθογγος,

972 1941 1018 1971 ita
1051 1946 1180 1979 tamen,
1211 1944 1250 1971 ut
1282 1941 1420 1971 alteram
1453 1941 1593 1972 canticis
1625 1941 1820 1972 servandam
1853 1941 1982 1973 ducam.

972 1987 1023 2018 De
1051 1987 1244 2019 melicorum
1268 1992 1442 2028 poetarum
1459 1996 1524 2019 usu
1541 1997 1572 2018 v.
1594 1987 1741 2020 Renner.
1761 1988 1803 2019 de
1821 1987 1899 2019 dial.
1920 1989 1981 2027 lyr.

971 2044 1004 2075 p.
1030 2031 1126 2078 ιιι]

1042 2088 1232 2138 Κλαϋμα
1256 2093 1419 2133 ploratus.
1457 2089 1540 2131 ἴσως
1573 2090 1613 2126 ἂν
1647 2092 1743 2130 ἐκτὸς
1774 2090 1862 2126 κλαυ
1893 2091 1984 2127 άτων

972 2136 989 2172 ἔ
1015 2151 1065 2176 οις
1083 2137 1170 2173 πόδα
1196 2140 1257 2171 Ph.
1281 2136 1370 2171 1260
1389 2150 1418 2171 v.
1449 2137 1466 2173 ἔ
1493 2153 1533 2173 ω.
1561 2138 1691 2174 τούτων
1714 2142 1821 2174 τοῖσιν
1847 2151 1984 2187 αγουσιν

970 2149 1143 2231 κλαύμαθ’
1170 2183 1309 2231 ὑπάρξει
1334 2187 1416 2218 Ant.
1437 2184 1458 2219 9
1523 2197 1578 2219 an.
1625 2189 1748 2220 Locum
1773 2189 1984 2229 transpositis

972 2235 1082 2290 jerbis
1107 2234 1245 2266 refinxit
1268 2234 1434 2267 Brunck.:
1465 2233 1676 2280 βραδυτῆτος
1702 2232 1787 2280 ὑπὲρ
1811 2232 1985 2279 κλαύμαθ’

971 2279 1122 2326 υπάρξει.

1042 2334 1162 2373 Κλαυ
1175 2337 1246 2372 στό
1258 2350 1273 2376 ς
1291 2339 1471 2380 deflendus.
1501 2338 1539 2373 οὐ
1558 2338 1712 2374 κλαυστὰ
1729 2338 1757 2373 δ’
1775 2339 1864 2374 ἐστίν
1876 2367 1885 2382 ,
1909 2335 1985 2373 ἀλλ’

973 2385 1049 2431 ἐμοὶ
1076 2384 1138 2430 μὲν
1165 2383 1278 2419 οἰστὲα
1303 2386 1358 2418 OC
1378 2383 1468 2419 1360
1494 2384 1545 2431 [iu
1564 2388 1623 2419 LA
1647 2394 1681 2419 et
1699 2398 1742 2419 m.
1762 2397 1813 2428 pr.
1835 2392 1870 2420 et
1886 2388 1908 2420 S
1926 2397 1986 2428 per

972 2431 1040 2478 στ,]
1075 2433 1130 2464 LB
1155 2433 1209 2464 PT
1238 2433 1336 2464 Farn.
1372 2438 1407 2465 et
1433 2435 1532 2466 Tricl.
1568 2431 1702 2467 κλαυτά
1735 2432 1838 2478 [quod
1871 2444 1982 2475 recep.

973 2477 1106 2524 Dind.].
1141 2481 1327 2512 Discrimen
1346 2481 1434 2512 inter
1450 2478 1620 2519 κλαυστός
1637 2488 1670 2513 et
1688 2479 1835 2519 κλαυτός
1853 2483 1985 2513 nullum

972 2536 1058 2567 esse,
1079 2527 1167 2568 quod
1181 2527 1372 2559 Hermanno
1389 2529 1508 2569 visum,
1529 2537 1572 2560 ex
1586 2529 1777 2570 compositis
1793 2526 1986 2566 ἄκλαυστος

972 2571 1210 2619 πάγκλαυστος
1234 2571 1492 2612 πολύκλαυστος
1518 2585 1544 2607 s.
1575 2573 1746 2612 ἄκλαυτος
1767 2573 1984 2622 πάγκλαυτος

971 2618 1209 2654 πολύκλαυτος
1223 2622 1438 2661 intelligitur.
1468 2633 1498 2653 v.
1519 2620 1723 2660 ἄκλαυστος.

1022 2675 1270 2726 ’Κλεῖθρον
1297 2690 1327 2711 v,
1356 2677 1522 2728 κλῇθρον.
1780 2678 1813 2724 (1
1830 2691 1864 2722 p.
1886 2677 1986 2725 962.)

1042 2734 1227 2775 Κλεινός
1245 2739 1365 2778 clarus,
1386 2738 1515 2770 nobilis.
1541 2741 1557 2777 ΙΙ
1581 2739 1633 2770 De
1650 2739 1796 2780 homine,
1826 2740 1984 2780 inprimis

970 2786 1062 2825 reyia
1072 2787 1170 2826 atii-pe
1183 2789 1218 2816 et
1234 2785 1392 2816 heroibus.
1416 2782 1463 2818 ὅδ’
1482 2783 1519 2818 ἔσ
1565 2784 1582 2819 6
1600 2783 1733 2823 κλεινός
1748 2796 1799 2819 σοι
1810 2782 1985 2830 Φιλοκτή-

970 2843 1032 2877 της
1050 2832 1110 2864 Ph.
1128 2829 1208 2864 575.
1230 2830 1247 2865 6
1267 2833 1349 2864 πᾶσι
1366 2829 1498 2869 κλεινὸς
1547 2830 1678 2870 ἰδὶπους
1694 2830 1909 2877 καλούμενος
1927 2833 1985 2865 OR

971 2876 1004 2911 8.
1043 2877 1083 2912 ἰὼ
1109 2876 1242 2911 κλεινὸν
1273 2875 1415 2914 Οἰδίπου
1450 2877 1540 2925 κάρα
1575 2876 1663 2911 1207
1688 2880 1740 2912 ch.
1774 2876 1892 2925 κλεινὴ
1926 2878 1985 2913 καὶ

971 2924 1109 3005 {iguem
1126 2923 1359 3006 bey-opwanZt.
1379 2923 1447 2983 817
1456 2937 1521 3007 ἒς.
1548 2924 1698 2983 κλεινοῖς
1716 2923 1984 3005 Λαζῖδακέδαὶσόν

1058 2982 1102 3004 m.
1170 2983 1192 3004 κ
1216 2983 1301 3009 εινος
1377 2984 1434 3010 νος
1502 2984 1535 3006 ικ
1589 2986 1606 3004 ν
1636 2985 1650 3010 ς
1673 2984 1708 3005 τε
1734 2983 1817 3010 παις
1878 2984 1904 3005 r.
1974 2998 1980 3005 .

973 3018 990 3052 6
1017 3016 1148 3056 κλεινὸς
1172 3016 1261 3053 Αἴας
1286 3020 1341 3051 Ai.
1362 3019 1369 3032 ¹
1389 3016 1431 3051 16
1448 3031 1501 3052 an.
1537 2984 1650 3065 ιθ’]ηιτγθν
1675 3018 1714 3053 τὸ
1737 3018 1868 3054 κλεινὸν
1893 3017 1983 3057 εἶδος

970 3063 1160 3111 Ἠλέκτρας
1181 3064 1278 3106 τόδε,
1314 3066 1367 3098 ΕΙ.
1392 3064 1492 3098 1177.
1537 3067 1622 3099 Cum
1647 3068 1820 3107 irrisione,
1853 3067 1894 3098 de
1919 3077 1986 3108 qua

972 3114 1076 3145 Piers.
1098 3114 1243 3144 verisim.
1277 3123 1311 3154 p.
1331 3110 1412 3145 223.
1441 3114 1560 3146 Matth.
1590 3114 1630 3145 ad
1647 3114 1728 3145 Eur.
1750 3114 1848 3145 Herc.
1869 3115 1894 3146 f.
1916 3111 1980 3146 38:

973 3158 1031 3193 σὺν
1059 3154 1083 3192 δ’
1112 3157 1288 3205 ἐποτρύνει
1307 3158 1324 3193 6
1342 3157 1476 3198 κλεινὸς
1494 3158 1581 3208 αὐτῇ
1598 3158 1746 3205 νυμφίος
1764 3160 1817 3191 El.
1838 3157 1918 3192 300.
1941 3178 1982 3184 —-

973 3205 983 3243 {l
999 3208 1050 3238 De
1067 3215 1111 3247 re,
1135 3210 1168 3238 et
1185 3207 1322 3247 quidem
1338 3207 1472 3239 urbibus
1489 3213 1523 3239 et
1541 3209 1620 3239 locis
1635 3207 1818 3239 nobilibus:
1845 3205 1983 3251 κλεινὴν

972 3249 1126 3299 Εὐρύτου
1153 3250 1250 3286 πόλιν
1278 3254 1332 3285 Tr.
1351 3250 1429 3285 750.
1459 3254 1487 3287 ὦ
1513 3251 1630 3287 κλεινὰ
1657 3250 1813 3298 Σαλαμίς
1839 3255 1893 3286 Ai.
1915 3250 1984 3286 596

972 3301 1023 3332 ch.
1052 3298 1183 3333 κλειναὶ
1208 3293 1237 3333 τ’
1260 3293 1398 3346 Ἀθῆναι
1423 3297 1511 3340 861,
1540 3302 1633 3333 velut
1651 3298 1686 3334 ἐν
1704 3298 1854 3334 κλεινοῖς
1881 3296 1985 3345 Ἀθη-

970 3344 1572 3440 13²⁰&⁷2⁰²ffi.?;¹¹;}t⁵i‘12.3.2223.2
1592 3341 1741 3426 Ἑρῑιδ
1757 3345 1984 3439 ⁷5...st

46 3444 60 3494 ζ,
107 3435 272 3472 'Hemst.
292 3441 333 3473 ad
350 3441 408 3473 Ar.
427 3441 518 3475 Plut.
537 3437 618 3473 612.
648 3440 752 3474 Piers.
774 3441 814 3475 ad
831 3441 932 3474 Moer.
972 3438 1216 3486 βακχιωμένην
1235 3439 1386 3486 βροτοῖσι
1403 3439 1542 3487 κλεινὴν
1560 3438 1676 3475 Νῦσαν
1695 3443 1735 3473 fr.
1756 3443 1822 3473 inc.
1845 3438 1926 3482 782,
1945 3438 1979 3472 2.

1665 3497 1710 3532 25
