2288 3600
190 99 291 150 498

215 216 323 264 θοράν
341 215 443 250 1224.
487 216 690 263 πεπυσμένη
715 216 816 265 πάρει
832 213 982 263 πάθημα
998 215 1126 263 τούμόν
1145 218 1200 250 Tr.

189 230 271 298 1⁵42.
309 263 435 312 χρόνου
452 267 513 299 τοῦ
530 267 589 298 νῦν
607 263 774 312 παρόντος
794 263 874 297 174.
916 264 1008 312 ἀπαρ
1035 263 1076 303 ἀς
1092 263 1206 299 θεοῖσι

187 314 262 350 τοῖς
294 310 476 359 ἐγχωρίοις
510 309 587 345 183.
640 311 778 359 ἔρχεται
802 311 902 346 πόλιν
973 323 991 345 ν
1035 310 1204 358 ,ὐρυτείαν

188 357 269 393 260.
298 358 531 406 ἐπιστρατεύει
549 358 697 406 πατρίδα
713 359 796 406 *τὴν
813 358 941 407 ταύτης
979 357 1025 392 62
1038 358 1206 404 [extrema

191 408 267 439 vbb.
288 408 367 440 secl.
389 404 548 487 Wundg.
593 405 708 453 λόγοις
732 410 806 445 τοῖς
830 409 890 441 νῦν
915 409 1080 453 παροῦσιν
1100 405 1205 440 ἐκπε-

188 452 371 510 πληγμένη
394 458 490 501 κυρῶ
531 451 588 487 86.
635 451 780 502 μόχθων
803 458 873 488 τῶν
899 453 1102 501 ἐφεστώτων
1126 452 1206 499 ἐμοὶ

188 499 282 535 λύσιν
301 499 403 534 1170.
441 506 543 547 σῶμα
558 500 686 547 τούμὸν
704 499 869 547 ἐμβαλεῖν
890 499 991 534 1197.
1019 500 1043 546 ἧ
1062 499 1121 535 καὶ
1138 512 1205 534 πυ-

188 550 250 594 ρᾶς
281 547 353 595 πλή
377 561 458 594 ωμα
515 551 553 586 ’ς
587 547 792 595 εἰρημένης;
833 546 933 581 1213.
994 547 1103 595 ἔργων
1135 552 1205 581 τῶν

186 606 347 642 πρασσομ
367 608 436 630 νων
456 560 546 628 12τέἳῖ
559 607 613 629 an.
658 598 741 634 παῖς
760 594 778 629 ὁ
793 598 855 630 τοῦ
873 594 1042 642 Λαερτίου
1060 597 1115 628 Ai.
1139 593 1202 627 101

187 642 248 687 (cf.
275 646 358 682 παῖς
382 641 400 677 ὁ
419 641 592 690 Δρύαντος
609 645 690 676 Ant.
711 640 780 676 955
798 644 850 676 ch.
880 649 915 675 et
938 642 1068 681 ἄκοιτις
1084 641 1107 688 ἡ
1127 639 1205 680 Διός

1192 97 1244 148 ‘O

1916 107 1966 157 [ΙΙ
1981 122 2017 154 p.
2035 105 2191 159 241-22

1243 214 1433 258 ἱκέσιος,
1470 214 1697 262 ξύναιμος,
1733 214 1936 264 χθόνιος,
1970 229 1989 251 a
2017 219 2141 261 quibus
2168 219 2214 252 ali

1241 265 1380 296 nissima
1392 268 1473 296 sunt
1485 265 1596 306 qualia
1608 261 1692 303 ἅναξ
1704 261 1887 299 Ἀπόλλων
1900 263 1919 299 ὁ
1931 260 2058 304 Δάλιος
2069 270 2106 298 et
2116 266 2206 299 simil

1311 322 1341 343 e.
1371 311 1457 344 Cum
1478 313 1674 352 pronome‘ne
1696 311 1952 345 demonstrativo
1977 313 2068 355 apud
2091 314 2223 355 prosata

1241 362 1330 392 arcte
1354 360 1439 391 solet
1463 360 1629 400 copulari,
1658 360 1793 399 tragicis
1819 369 1859 391 ea
1883 361 2066 393 necessitas
2090 361 2163 393 visa
2186 369 2236 393 no⁴

1241 410 1312 448 est,
1343 410 1382 438 ut
1404 407 1574 439 liberrime
1598 407 1674 438 addi
1698 410 1732 438 et
1754 408 1865 439 omitti
1891 408 2014 448 soleat,
2042 418 2075 439 v.
2105 405 2250 448 ἐκεῖνος,

1242 452 1299 487 ὅδε
1311 481 1320 496 ,
1347 451 1459 491 οὗτος.
1494 453 1633 492 Quando
1657 454 1786 486 dicatur
1803 453 1822 488 ὁ
1840 451 1942 492 αὐτός
1955 481 1962 495 ,
1988 455 2090 487 huius
2107 455 2170 487 loci
2187 464 2255 487 non

1241 506 1293 534 est
1316 502 1480 543 exemplis
1504 503 1657 541 firmare,
1686 512 1718 534 v,
1739 498 1855 539 αὐτός.
1898 502 1951 534 De
1977 502 2117 534 articulo
2132 502 2170 534 in
2187 502 2254 535 fore

1241 550 1333 581 mula
1357 547 1446 596 αὐτῇ
1470 546 1546 595 νηί,
1575 546 1692 585 αὐτοῖς
1714 546 1856 595 ἀνδράσι
1871 549 2039 590 addendo,
2068 549 2109 581 de
2126 559 2192 590 qua
2208 550 2251 581 cf.

1241 596 1361 628 Elmsl.
1386 597 1426 628 ad
1444 597 1532 628 Med.
1556 592 1633 628 160.
1671 597 1752 627 Lob.
1773 596 1814 627 ad
1831 596 1955 636 Phryn.
1974 606 2009 638 p.
2032 593 2111 628 100.
2147 597 2256 637 Raspe

1241 644 1282 676 de
1307 643 1430 684 Eupol.
1460 644 1579 675 Demis
1602 653 1636 684 p.
1658 639 1716 682 79,
1751 653 1804 683 ap.
1835 643 1937 684 Soph.
1966 644 2034 675 dici
2056 643 2164 676 multa
2188 652 2256 675 non

189 691 245 723 Tr.
268 688 384 735 1048).
418 690 501 729 ναὸς
518 689 647 737 ἀρωγοὶ
663 694 725 736 τῆς
742 687 888 729 Αἴαντος
906 688 973 724 201
993 701 1048 724 an.
1083 688 1205 735 κόμιζέ
1240 694 1384 732 possunt
1406 691 1443 722 in
1466 700 1505 722 ea
1525 691 1755 732 exemplorum
1772 691 1959 732 paucitate,
1986 701 2018 724 v.
2040 688 2153 728 αὐτός.
2189 690 2256 723 Sed

188 735 247 772 νύν
274 749 333 783 μοι
355 736 464 772 παῖδα
479 738 537 772 τὸν
555 736 639 783 ἐμόν
658 736 738 771 530.
783 737 914 785 πρέπον
932 736 970 785 γέ
987 735 1050 771 τᾶν
1067 736 1110 783 ἦν
1129 736 1206 770 δαί-
1240 738 1423 778 legitimam
1456 738 1557 770 habet
1584 738 1801 770 omissionem
1825 738 1988 770 articulus
2012 738 2095 770 alias
2117 738 2258 770 demon-

190 796 295 830 μονος
310 783 443 831 τούμοῦ
459 783 539 819 τόδε
557 783 636 818 534.
680 783 713 819 τί
751 783 773 818 ἀ
810 784 930 820 τέκνον
947 785 985 819 τὸ
1002 783 1102 819 τοῦδε
1119 782 1200 817 984.

187 830 267 870 θεὸς
283 830 302 866 ὁ
320 831 364 878 μέ
388 845 427 871 ας
445 827 637 878 Ὀλύμπιος
654 834 707 865 ΕΙ.
728 796 798 866 209
814 844 859 865 m.
905 831 1057 878 δώμασιν
1077 831 1111 866 ἐν
1129 833 1204 869 τοῖς

188 878 342 926 ἐμαυτῆς
365 845 447 913 263.
491 879 607 926 πατήρ
630 878 708 914 ποθ’
734 878 841 925 οὑμός
866 877 946 912 566.
991 878 1123 926 πατέρα
1145 878 1204 912 τὸν

188 925 277 972 ἀμὸν
294 925 375 960 588.
403 925 555 962 πλούτου
571 929 633 962 τοῦ
650 926 817 974 παρόντος
835 925 915 961 648.
949 931 1051 972 σῶμα
1067 924 1205 961 τούκεί-

187 985 247 1008 νου
266 972 370 1007 1118.
407 973 544 1022 μόχθου
562 973 626 1021 γὰρ
644 973 756 1013 οὐδεὶς
772 977 834 1008 τοῦ
851 972 1085 1021 παρελθόντος
1103 972 1205 1020 λόγος

190 1023 286 1054 Laoc.
313 1023 355 1055 fr.
383 1019 452 1055 343
469 1024 502 1054 b.
548 1020 742 1069 ἐπεύχομαι
767 1021 804 1055 δὲ
829 1021 926 1055 νυκτὶ
950 1021 995 1069 τῇ
1019 1019 1206 1055 κατουλάδι

189 1070 310 1110 Naupl.
332 1067 412 1102 383.
468 1067 604 1107 ασιλεὺς
621 1070 739 1117 χώρας
755 1073 818 1116 τῆς
836 1066 1011 1107 Δωτιάδος
1029 1070 1101 1101 Pel.
1121 1066 1201 1101 438.

189 1114 841 1210 {23⁹3ss'ffaovssssess‘ffitffi‘ssssssp‘'
874 1116 960 1162 μὲή
978 1118 1045 1148 ’Μ’
1065 1113 1146 1156 ‘³23'
1167 1113 1200 1147 2'

188 1212 353 1244 eiusmodi
379 1213 545 1253 exemplis
571 1213 677 1244 semel
700 1213 794 1244 adest
818 1212 1000 1252 articulus,
1028 1212 1127 1252 quale
1152 1213 1205 1242 est
1240 1211 1351 1242 media
1366 1212 1537 1242 sententia
1553 1211 1702 1252 positum
1719 1208 1845 1256 ἐκείνη.

190 1259 246 1290 Ai.
270 1255 372 1291 1349.
416 1257 466 1305 μὴ
483 1256 588 1306 χαῖρ’,
609 1255 781 1306 Ἀτρείδη,
809 1257 961 1306 κέρδεσιν
978 1260 1051 1296 τοῖς
1071 1256 1120 1303 μὴ
1138 1269 1205 1291 κα-

189 1303 285 1344 λοῖςε
309 1306 348 1338 h.
369 1316 399 1339 e.
420 1316 499 1339 cave
515 1306 685 1348 yaudeas,
712 1317 781 1339 non
800 1307 909 1339 dicam
925 1307 1016 1338 lucro
1033 1307 1143 1345 omni,
1171 1308 1205 1336 at

188 1356 271 1385 certe
294 1353 483 1394 inhonesto,
519 1356 705 1394 generatim
729 1355 828 1386 dictis
852 1357 969 1396 postea
993 1353 1204 1385 circumscri-

188 1401 269 1443 ptis.
291 1418 398 1433 —.—-
414 1401 429 1444 ΙΙ
454 1402 575 1434 Rarius
594 1405 657 1443 est,
678 1412 754 1434 cum
771 1402 974 1434 adiectivum
993 1401 1205 1433 substantivo

189 1449 412 1489 praemissum
429 1449 607 1481 articulum
624 1450 780 1481 comitem
793 1450 905 1490 habet,
918 1449 1062 1481 alterum
1076 1451 1202 1485 autem,

189 1496 278 1536 quod
296 1497 514 1538 subsequitur
531 1506 570 1529 eo
589 1500 690 1529 earet.
718 1495 777 1530 τὸν
795 1494 878 1541 ἐμὸν
893 1507 995 1530 στονα
1022 1497 1073 1529 εῖν
1087 1488 1206 1540 πατέρ’

188 1539 309 1576 ἄθλιον
331 1543 386 1575 ΕΙ.
417 1540 483 1576 133
501 1554 546 1576 m.
589 1541 651 1577 τάν
676 1542 896 1592 γαμψώνυχα
920 1554 988 1589 παρ
1016 1542 1091 1597 ένον
1114 1552 1207 1597 χρη-

187 1587 630 1671 ῗὲῗῖζῗηῖἶῖἓέἓὲιῖοῖῖᾲιέ
633 1591 1207 1681 22³m133⁰g³0²122¹3d¹355¹¹3³332§.³322

187 1694 250 1729 γας
267 1683 476 1731 ὠμοκρατὴς
493 1681 582 1722 Αἴας
598 1686 653 1718 Ai.
674 1682 743 1718 205
761 1696 815 1718 an.
855 1684 913 1719 τὸν
933 1683 1039 1731 μέγαν
1058 1681 1207 1718 Πακτω-

187 1729 249 1765 λὸν
266 1729 433 1779 εὔχρυσον
450 1732 512 1765 Ph.
534 1729 614 1765 393.
923 1732 1018 1777 (ΠΡ.
1031 1729 1111 1772 242,
1129 1728 1207 1774 10.)

259 1779 291 1812 d.
333 1779 543 1812 creberrime
566 1781 651 1812 item
675 1781 716 1812 ab
740 1781 945 1821 appositione
970 1780 1023 1811 vel
1049 1778 1206 1811 attributo

189 1826 339 1859 addendo
356 1828 461 1859 abest.
484 1845 526 1851 —-
561 1824 662 1864 αὐτὸς
679 1825 733 1867 ἄν,
752 1825 872 1868 τάλας,
893 1825 1060 1872 εἰλυόμην
1079 1823 1207 1870 δύστη-

189 1884 247 1911 νος
272 1874 334 1907 Ph.
354 1871 424 1907 290
450 1876 492 1907 cf.
519 1872 638 1913 τάλας.
689 1876 749 1908 νῦν
774 1871 802 1907 δ’
825 1872 920 1919 ὴπάτ
949 1885 1010 1919 μαι
1035 1870 1206 1918 δύσμορος

189 1917 272 1953 949.
314 1918 441 1959 κεύθὺς
465 1919 597 1955 τάλαιν’
621 1921 668 1959 ὡς
693 1919 784 1955 εἶδον
808 1923 862 1954 Ε1.
883 1886 964 1954 902.
1009 1919 1118 1955 παῖδα
1163 1918 1206 1964 ἀρ

190 1963 391 2006 Μενοικέως
409 1963 565 2015 Κρέοντ’,
578 1967 728 2014 ἐμαυτοῦ
745 1967 899 2016 γαμβρὸν
918 1967 1058 2015 ἔπεμψα
1074 1931 1202 1999 OR139.

189 2017 339 2050 τεκοῦσα
359 2013 522 2062 τλήμων;
544 2014 609 2059 (sc.
630 2014 785 2059 δίδωσιν)
803 2013 904 2048 1175.
949 2015 1008 2050 καὶ
1033 2014 1103 2061 μὴν
1125 2012 1209 2054 ἄναξ

192 2059 242 2095 ὅδ’
264 2060 349 2108 ἧμιν
367 2059 413 2097 Αἰ
436 2061 502 2101 έως
527 2062 626 2110 γόνος
651 2062 746 2110 πάρα
767 2063 823 2096 ΟΟ
841 2060 921 2096 549.
966 2061 995 2096 εἰ
1021 2061 1084 2108 μὲν
1104 2059 1210 2106 τῆσδε

193 2107 372 2156 δημοῦχος
388 2120 410 2157 γ
439 2109 516 2148 ονὸς
533 2109 583 2156 μὴ
600 2104 749 2168 ’τύγχαν’
766 2108 868 2144 αὐτὸν
884 2108 1113 2157 προσπέμψας
1129 2106 1209 2154 ἐμοὶ

193 2153 326 2203 Θησεύς
345 2149 448 2190 1348.
492 2155 583 2192 θεῶν
604 2169 642 2191 τε
665 2168 726 2191 ταν
749 2155 940 2204 ὑπερτάταν
967 2154 1034 2191 Γᾶν
1061 2154 1208 2203 ἄφθιτον

192 2201 374 2250 ἀκαμάταν
399 2202 603 2252 ἀποτρύεται
625 2206 708 2238 Ant.
738 2201 806 2237 339
830 2206 882 2237 ch.
927 2202 1073 2251 ὀρνίθων
1100 2201 1207 2249 φῦλον

192 2248 215 2284 ἀ
245 2262 281 2298 φι
306 2249 399 2285 αλὼν
416 2249 508 2299 ἄγει,
533 2250 746 2299 περιφραδὴς
763 2250 851 2298 ἀνήρ
869 2249 937 2284 347
954 2253 1007 2284 ch.
1050 2248 1208 2284 λεύσσετε

191 2262 254 2343 *g*
295 2296 429 2333 ασιλίδα
447 2297 579 2346 μούνην
595 2297 722 2346 λοιπήν
740 2295 806 2331 941
825 2309 879 2331 an.
901 2303 991 2331 recte
1008 2299 1100 2331 enim
1118 2307 1210 2329 nunc

192 2355 212 2376 a
242 2346 404 2378 mutanda
437 2348 602 2389 scriptura
633 2357 751 2379 versus
783 2347 887 2378 huius
919 2347 1019 2387 plane
1045 2346 1210 2378 abstinuit

193 2392 310 2426 Herm.
330 2390 426 2438 [secl.
447 2404 584 2426 versum
601 2391 737 2439 Dind.].
774 2392 900 2439 πατρὸς
919 2392 982 2439 μὲν
1001 2391 1037 2427 ἐν
1056 2391 1209 2437 δόμοισιν

195 2435 325 2478 Οἰνέως
342 2440 398 2472 Tr.
420 2437 453 2473 6.
497 2437 652 2486 Εὐβοῖδα
667 2441 786 2489 χώραν
803 2438 916 2488 φασίν,
938 2437 1093 2487 Εὐρύτου
1110 2437 1209 2472 πόλιν

194 2483 444 2532 ἐπιστρατεύειν
469 2486 571 2522 αὐτόν
596 2486 653 2521 74.
705 2486 848 2522 *κτείνει
868 2485 897 2521 τ’
921 2485 1054 2522 ἄνακτα
1078 2484 1209 2532 πατέρα

192 2531 297 2579 τῆσδε
314 2531 382 2567 364
399 2533 494 2579 [secl.
515 2533 673 2579 Wund.].
715 2534 799 2581 πρὸς
822 2533 886 2580 τὴν
902 2536 1092 2580 κρατοῦσαν
1111 2530 1153 2578 ΔΙ
1166 2532 1210 2567 ά-

191 2591 317 2627 νειραν,
338 2578 467 2620 Οἰνέως
483 2581 546 2628 κόρ
573 2594 590 2615 ν
604 2580 685 2615 405.
712 2582 752 2617 τὸ
771 2581 828 2617 σὸν
843 2580 960 2641 φέρων
978 2580 1125 2628 δώρημα
1166 2593 1209 2615 α-

192 2625 335 2674 νάσιμον
367 2627 499 2663 πέπλον
532 2628 554 2662 7
579 2627 613 2662 8.
665 2626 806 2675 Νεμέας
841 2640 992 2670 ενοικον,
1029 2627 1207 2675 βουκόλων

193 2671 366 2768 &lamp—ga
381 2673 505 2710 λέοντα
523 2674 624 2709 1092.
670 2672 891 2734 ἱπποβάμονα
914 2675 1055 2755 στρατὸν
1073 2673 1205 2735 θηρῶν,

195 2719 293 2768 ὑβρισ
339 2734 378 2766 ν,
405 2721 556 2769 ἄνομον,
583 2721 688 2770 ὺπέρο
716 2735 734 2758 ο
780 2722 854 2769 βιαν
883 2720 948 2756 109
1040 2717 1204 2763 Ἀθανας,

194 2767 296 2815 φιλτά
343 2781 360 2807 ς
385 2768 463 2815 ἐμοὶ
486 2767 576 2805 θεῶν
594 2772 649 2803 Ai.
674 2735 727 2805 1³4.
771 2773 873 2804 ποῖον
898 2767 996 2815 ὄμμα
1018 2769 1122 2816 πατρὶ
1144 2769 1208 2816 δη-

193 2813 296 2850 λώσω
345 2815 498 2863 ελαμῶνι
513 2815 595 2852 462.
624 2815 680 2857 Εύν
696 2829 733 2851 τε
751 2816 869 2852 διπλοῖ
886 2815 1029 2863 βασιλῆς
1045 2815 1208 2855 κλύοντες

192 2859 366 2910 Ἀτρεῖδαι
390 2862 459 2897 958
483 2866 506 2897 i.
527 2875 558 2899 e.
580 2863 701 2903 οἵτινες
725 2862 869 2898 κλύουσι
887 2862 1042 2909 βασιλῆς.
1094 2861 1209 2898 Τελα-

195 2910 288 2989 μών,
317 2910 374 2949 σὸς
390 2910 507 2970 πατὴρ
526 2909 628 2945 1008.
670 2909 834 2967 κάκεῖνον
849 2909 1075 2958 (ἐχάλκευσε)
1084 2904 1209 2957 ’Ἅιδης

194 2968 320 3037 ιζ’..ἔΐιῗ
324 2957 402 3038 ⁹31⁶?
415 2956 810 3039 ῼῖῗὲξῗοἚῗεηέἓῃὲῗ
826 2959 1207 3046 ἓὲἒέιῗὲιῗὲὲιἻῗιῗέἒξ

193 3052 341 3091 primum
358 3049 466 3091 ἄναξ
489 3053 625 3086 honoris
641 3054 840 3086 vocabulum
857 3053 908 3084 dis
925 3057 960 3084 et
976 3053 1110 3092 regibus
1128 3061 1208 3085 con-

194 3107 346 3140 cessum,
375 3100 497 3132 deinde
521 3101 686 3133 adiectiva
711 3097 932 3146 δύσμορος
945 3124 954 3140 ,
983 3096 1203 3140 δείλαιος,

193 3142 350 3186 τάλας,
377 3143 580 3192 τλήμων,
609 3157 694 3188 quae
720 3147 792 3179 suis
817 3155 971 3188 quaeque
995 3147 1077 3178 locis
1101 3154 1207 3188 quae-

195 3192 316 3233 renda,
345 3202 410 3234 qua
433 3193 474 3225 de
499 3203 534 3226 re
557 3195 658 3226 etiam
683 3194 720 3226 in
744 3194 804 3225 illa
828 3194 1126 3226 commiserationis
1142 3194 1209 3225 for-

195 3239 286 3270 mula
303 3236 396 3283 οἴμοι
411 3237 530 3282 τάλας,
545 3238 641 3285 οἴμοι
657 3238 811 3282 τάλαινα,
834 3238 866 3274 οἰ
880 3235 944 3286 ’γὼ
957 3237 1102 3273 τάλαινα
1113 3238 1207 3283 (nam

1241 786 1390 817 strativis
1417 785 1493 817 addi
1517 786 1656 826 solitus,
1685 785 1818 826 quando
1835 794 1905 817 rem
1920 789 2135 826 praesentem
2150 785 2257 824 digito

1241 836 1537 865 commonstramus
1578 830 1685 870 πέλας
1710 830 1774 879 γὰρ
1789 829 1898 877 ἄνδρα
1911 830 2010 866 τόνδε
2026 830 2095 877 νῷν
2112 829 2184 878 ὁρῶ
2200 831 2256 864 OC

1241 877 1286 911 29
1313 889 1383 911 ecce
1405 882 1518 911 virum
1539 879 1643 911 video.
1689 878 1728 913 οὐ
1752 877 1816 925 γὰρ
1837 878 1881 925 δὴ
1898 873 1970 913 τόδ’
1986 877 2132 925 ἀρχαῖον
2149 877 2256 924 δέμας

1243 924 1321 959 110.
1350 928 1393 959 cf.
1414 927 1531 958 Herm.
1559 925 1648 971 άκτὴ
1671 925 1734 971 μὲν
1750 924 1814 972 ἥδε
1829 929 1893 973 τῆς
1909 937 2006 973 περιρ
2031 925 2111 960 ύτου
2127 924 2257 973 χθονός

1241 971 1386 1019 Λήμνου
1404 974 1467 1006 ΡΙι.
1486 971 1503 1005 1
1524 984 1594 1006 ecce
1611 975 1702 1005 litus.
1734 973 1789 1006 Sic
1805 977 1840 1006 et
1856 975 1893 1005 in
1909 971 1996 1020 ἀνὴρ
2010 937 2118 1019 ῗὰνήρ
2133 970 2258 1017 Dind.]

1242 1020 1299 1055 ὅδε
1317 1021 1372 1053 OC
1388 1019 1433 1053 32
1450 1022 1593 1063 aliisque
1610 1022 1692 1053 locis
1710 1022 1760 1063 fit,
1777 1022 1888 1053 necin
1904 1022 1963 1053 illo
1980 1022 2089 1053 solum
2105 1021 2252 1061 nomine,

1242 1080 1274 1100 v.
1295 1066 1364 1102 ὅδε.
1401 1069 1466 1101 Sed
1492 1070 1602 1100 omitti
1626 1078 1693 1100 non
1716 1070 1828 1110 potuit
1845 1069 2007 1100 articulus
2024 1069 2258 1102 emendatione

1242 1117 1421 1148 restitutus
1438 1126 1458 1149 a
1473 1116 1643 1148 Brunckio
1659 1117 1740 1148 Ant.
1756 1112 1823 1148 380
1837 1128 1844 1148 :
1865 1109 1922 1161 ἥδ’
1939 1109 2006 1148 ἐστ’
2023 1113 2138 1161 ἐκείνη
2153 1111 2258 1162 τοῦρ-

858 1161 915 1196 46.
959 1164 1026 1197 Sed
1053 1167 1143 1195 recte
1168 1164 1204 1194 in
1240 1174 1300 1210 γον
1324 1161 1348 1208 ἡ
1373 1161 1627 1209 ’ξειργασμένηε
1664 1164 1815 1203 abesset,
1850 1164 1879 1194 si
1913 1172 1979 1195 non
2010 1163 2198 1204 postularet
2220 1163 2258 1193 in

1973 1207 2024 1254 (11
2037 1220 2071 1252 p.
2082 1206 2164 1249 243,
2181 1205 2258 1252 12.)

1311 1283 1336 1314 f.
1374 1282 1471 1314 Aliae
1504 1285 1615 1323 partes
1644 1282 1801 1313 orationis
1826 1280 2107 1313 substantivorum
2131 1289 2257 1312 munus

1241 1330 1466 1370 suscipientes
1492 1330 1556 1361 etsi
1573 1329 1756 1361 articulum
1773 1329 1957 1361 adsciscere
1975 1329 2085 1360 solent
2096 1353 2104 1369 ,
2133 1337 2177 1359 ne
2194 1327 2256 1360 hoc

1242 1377 1378 1419 quidem
1395 1380 1601 1417 perpetuum
1617 1379 1681 1408 est.

1312 1424 1445 1464 Quippe
1468 1425 1508 1455 ab
1533 1423 1693 1456 adiectivo
1717 1423 1922 1455 substantive
1942 1422 2028 1454 dicto
2049 1423 2164 1456 abest}
2183 1418 2259 1455 ἐπεὶ

1243 1469 1323 1505 οὐδέ
1349 1468 1465 1533 ζούδέν
1492 1471 1595 1504 Dind.
1624 1481 1667 1503 ex
1693 1467 1825 1515 apogr]
1849 1482 1904 1504 πω
1927 1467 2036 1504 κακόν
2053 1466 2083 1517 γ’
2099 1466 2258 1503 ἀπώλετο

1242 1519 1303 1551 Ph.
1325 1515 1412 1559 444,
1443 1519 1530 1560 quod
1550 1518 1606 1550 vel
1629 1516 1669 1551 τὸ
1693 1516 1802 1551 κακόν
1826 1519 1881 1550 vel
1904 1515 2012 1551 κακόν
2028 1528 2061 1550 τι
2076 1516 2258 1550 dicendum

1243 1569 1325 1599 erat.
1360 1563 1425 1599 κού
1444 1563 1636 1611 δυνήσομαι
1652 1564 1760 1599 κακὸν
1776 1562 1905 1611 κρύψαι
1922 1561 2002 1596 742.
2031 1574 2115 1609 σμικ
2137 1562 2176 1598 ὸν
2193 1561 2257 1609 μὲν

1243 1611 1439 1653 έξαιτοῦντα
1455 1612 1510 1645 OC
1530 1609 1563 1645 5.
1608 1610 1772 1659 ἐννυχίων
1798 1609 1883 1650 ἄναξ
1906 1608 2063 1646 Αἰδωνεῦ
2090 1609 2107 1643 1
2136 1607 2182 1644 58
2202 1611 2255 1643 ch.

1243 1665 1363 1707 πρῶτα
1389 1658 1451 1705 μὲν
1479 1657 1627 1697 δείλαιος
1654 1657 1735 1704 ἱλέῳ
1761 1657 1858 1705 φρενὶ
1881 1656 2077 1707 κατηύχετο
2096 1659 2154 1692 Tr.
2173 1654 2255 1690 760.

1244 1705 1456 1754 μελαγχαίτα
1489 1704 1518 1739 δ’
1549 1704 1684 1753 ἅμμιγά
1716 1718 1766 1740 νιν
1799 1703 1922 1745 αἰκίζει
1953 1704 2080 1752 κέντρα
2106 1702 2176 1739 838
2201 1705 2254 1737 ch.

1243 1755 1433 1788 Centaurus
1465 1755 1600 1786 dicitur.
1653 1751 1705 1792 οἷς
1731 1752 1860 1800 ἐχρῆτο
1887 1750 2018 1786 δειλαία
2041 1750 2150 1799 πάρος
2173 1748 2255 1784 906.

1243 1800 1447 1839 ἀστένακτος
1480 1799 1553 1835 αἰὲν
1586 1799 1742 1846 ἑσπόμην
1773 1802 1897 1838 κακοῖς
1925 1797 2015 1833 1074
2048 1810 2125 1832 suas
2149 1800 2254 1838 enim,

1242 1859 1328 1891 quae
1345 1853 1454 1882 certae
1471 1852 1577 1889 erant,
1598 1858 1776 1881 aerumnas
1794 1849 1886 1880 dicit.
1920 1846 2027 1894 μέγας
2045 1844 2063 1880 ὀ
2088 1844 2176 1882 θοῖτ’
2190 1843 2259 1880 ὑπὸ

1244 1895 1455 1943 μικροτέρων
1478 1897 1533 1928 Ai.
1558 1892 1620 1928 161
1641 1905 1694 1928 an.
1739 1893 1762 1941 ἦ
1789 1906 1856 1929 που
1880 1892 2026 1928 τάλαινα
2077 1904 2126 1927 σει
2150 1891 2258 1939 μέγαν

1241 1942 1399 1978 κωκυτόν
1425 1940 1494 1976 850
1517 1941 1662 1977 τάλαινα
1687 1952 1752 1975 non
1779 1946 1830 1974 est
1846 1943 2048 1984 appositum.
2091 1938 2184 1975 ἀλλά
2248 1951 2258 1973 ι

1243 1989 1349 2037 πάρες
1377 1988 1442 2024 κᾶν
1477 1989 1619 2036 σμικρὸν
1652 1988 1760 2024 εἰπεῖν
1791 1990 1845 2021 ΕΙ.
1875 1986 1976 2022 1483.
2028 1989 2080 2021 De
2104 1988 2160 2021 El.
2188 1951 2255 2021 8401

1243 2037 1303 2083 (Ξ
1328 2035 1414 2083 851)
1438 2049 1469 2070 V.
1498 2039 1614 2070 Herm.
1666 2037 1811 2077 Plurali‚
1840 2046 1917 2069 cum
1939 2046 1992 2068 res
2014 2036 2258 2078 qualiscunque

1243 2087 1402 2118 universe
1427 2086 1643 2125 designetur,
1673 2094 1756 2126 opus
1781 2084 1922 2129 articulo
1947 2093 2014 2116 non
2039 2092 2114 2115 esse
2140 2085 2259 2116 notum

1243 2137 1305 2165 est.
1336 2151 1379 2156 —
1416 2132 1599 2172 Participia
1625 2135 1738 2164 autem
1763 2141 1802 2163 ea
1825 2131 1982 2163 libertate
2005 2139 2072 2163 non
2097 2132 2253 2170 utuntur,

1243 2184 1283 2212 ut
1306 2181 1341 2212 in
1364 2183 1455 2212 certa
1478 2189 1514 2211 re
1538 2179 1750 2211 substantive
1775 2179 1863 2210 dicta
1880 2178 2019 2210 articulo
2036 2180 2188 2210 careant:
2211 2177 2253 2209 cf.

1242 2228 1404 2259 Matthiae
1420 2228 1462 2259 ad
1478 2227 1562 2258 Eur.
1582 2226 1638 2259 Or.
1658 2223 1740 2258 281.

1315 2275 1380 2307 Sed
1411 2275 1452 2306 ab
1483 2274 1658 2316 infinitivis
1687 2273 1973 2305 substantivorum
1997 2271 2161 2312 dignitate
2185 2270 2258 2303 usis

1243 2322 1406 2355 articulus
1432 2322 1610 2363 aliquoties
1635 2322 1749 2352 abest:
1776 2317 1847 2353 κάκ
1870 2317 1981 2353 τῶνδέ
2004 2330 2064 2364 μοι
2086 2316 2131 2352 λα
2155 2319 2206 2352 εῖν
2223 2311 2258 2352 θ’

1245 2367 1374 2414 ὁμοίως
1398 2366 1458 2402 καὶ
1479 2367 1518 2402 τὸ
1534 2379 1554 2400 τ
1579 2365 1705 2402 τᾶσθαι
1721 2365 1818 2400 πέλει
1834 2367 1887 2399 ΕΙ.
1909 2363 1989 2399 265.
2032 2362 2092 2400 *οὐ
2108 2376 2173 2412 γαρ
2189 2362 2257 2400 θα-

1243 2418 1314 2450 νεῖν
1340 2413 1499 2461 ἔχθιστον
1519 2413 1561 2447 10
1587 2414 1608 2447 7
1628 2412 1723 2458 [secl.
1744 2411 1901 2458 Nauck.].
1946 2411 2043 2459 εἴπερ
2066 2411 2129 2458 ζῆν
2146 2410 2257 2459 φιλεῖς

1244 2463 1300 2496 OC
1317 2459 1397 2497 995.
1430 2464 1516 2494 Item
1543 2473 1561 2494 a
1581 2463 1730 2502 genitivo
1746 2463 1856 2494 abest:
1878 2458 2026 2507 ἐπέσχον
2043 2458 2094 2506 μή
2114 2470 2158 2505 με
2173 2470 2255 2493 ναυ-

1245 2508 1379 2544 στολεῖν
1403 2507 1492 2556 ταχύ
1518 2510 1581 2541 Ph.
1610 2506 1689 2542 349.
1742 2506 1829 2554 αὕτη
1853 2507 1917 2554 γὰρ
1941 2505 1984 2553 ῆν
2010 2518 2062 2542 σοι
2086 2504 2257 2554 πρόφασις

1244 2555 1405 2603 ἐκβαλεῖν
1440 2554 1502 2602 ἐμέ
1538 2553 1639 2590 1034.
1690 2557 1748 2589 νῦν
1780 2555 1898 2602 καιρὸς
1931 2552 2040 2601 ἕρδειν
2065 2555 2120 2586 El.
2151 2549 2252 2585 1368.

1245 2605 1442 2647 Quanquam
1466 2604 1527 2636 hoc
1549 2601 1658 2649 ἔρδειν
1683 2603 1890 2635 nominativo
1906 2602 2034 2635 dictum
2051 2611 2129 2634 casu
2145 2601 2257 2642 potuit

1244 2662 1335 2693 esse,
1363 2653 1457 2684 velut
1480 2653 1539 2685 νῦν
1564 2648 1670 2684 καλὸν
1688 2648 1867 2694 ἀντίφονον
1884 2661 1926 2683 κο
1950 2647 2025 2683 έσαι
2042 2646 2152 2694 στόμα
2169 2645 2255 2691 ἐμᾶς

1245 2697 1370 2746 σαρκός
1394 2699 1455 2731 Ph.
1479 2694 1568 2730 1156
1586 2708 1629 2729 m.
1675 2698 1807 2729 Deinde
1824 2698 1877 2729 ΕΙ.
1897 2694 1920 2728 2
1946 2694 1967 2728 5
1983 2693 2100 2737 πέλει,
2125 2698 2165 2727 ut
2184 2691 2256 2728 ἐστί

1243 2750 1278 2778 et
1294 2744 1441 2793 γίγνεται
1457 2743 1530 2789 (Oc
1544 2742 1638 2788 608),
1657 2755 1733 2776 cum
1749 2745 1918 2776 infinitivo
1935 2743 2084 2785 positum
2097 2743 2192 2784 quasi
2205 2742 2255 2773 le-

1244 2794 1394 2834 gitimam
1419 2793 1633 2825 omissionem
1649 2792 1782 2823 articuli
1800 2791 1920 2831 habet,
1948 2800 2094 2831 suasque
2110 2790 2254 2821 rationes

1244 2841 1370 2873 habent
1393 2841 1494 2872 etiam
1520 2840 1560 2871 de
1584 2839 1678 2880 prius
1703 2839 1813 2870 allatis
1835 2837 1891 2870 OC
1909 2834 1989 2870 995.
2018 2837 2081 2869 Ph.
2101 2833 2189 2876 349,
2215 2839 2254 2867 ut

1243 2889 1273 2919 si
1305 2890 1457 2919 accurate
1490 2886 1698 2925 consideres,
1735 2885 1901 2917 liberioris
1922 2894 2004 2916 usus
2033 2885 2098 2915 tria
2120 2886 2253 2915 tantum

1243 2934 1399 2975 exempla
1415 2935 1659 2975 relinquantur,
1681 2931 1755 2963 *E1.
1779 2929 1880 2964 1007.
1903 2928 2004 2964 1368.
2032 2930 2093 2963 Ph.
2118 2926 2220 2963 1034.

1314 3014 1345 3045 g.
1383 3005 1470 3038 Sunt
1502 3004 1582 3044 alia,
1619 3004 1655 3034 in
1681 3003 1805 3044 quibus
1829 3002 2016 3034 secundum
2041 3009 2250 3033 communem

1245 3051 1447 3085 Graecitatis
1464 3052 1573 3091 legem
1590 3050 1751 3082 articulus
1769 3059 1834 3081 non
1851 3049 2069 3081 desideratur.

1312 3099 1463 3131 Primum
1486 3098 1624 3129 nomina
1647 3098 1772 3128 artium
1794 3099 1991 3137 perpetuam
2008 3104 2082 3126 eam
2098 3093 2251 3126 omissio·

1244 3155 1322 3178 nem
1362 3145 1552 3186 postulant,
1589 3154 1629 3176 ea
1667 3147 1775 3184 certe,
1813 3152 1898 3184 quae
1937 3152 1981 3174 ex
2013 3142 2251 3174 adieetivorum

1245 3195 1534 3237 μετουσιαστικῶν
1550 3199 1690 3223 numero
1706 3191 1900 3231 deprompta
1917 3193 2007 3220 sunt.
2036 3188 2088 3220 Of.
2105 3188 2196 3220 Pors.
2211 3187 2250 3220 ad

1243 3240 1326 3272 Hec.
1356 3235 1436 3271 788.
1473 3239 1604 3271 Schaef.
1632 3238 1710 3269 mel.
1739 3247 1783 3268 cr.
1805 3246 1837 3277 p.
1859 3233 1893 3268 4.
1924 3253 1964 3259 -
1999 3233 2032 3268 ε’(
2055 3229 2114 3268 τιν’
2140 3231 2251 3279 ἄλλην

196 3282 229 3317 οἰ
244 3281 303 3331 ’γὼ
319 3283 426 3323 τάλας
444 3296 510 3319 non
527 3286 669 3331 dicitur)
693 3297 761 3320 uno
785 3290 928 3328 excepto
943 3296 1043 3319 versu
1059 3287 1142 3319 Ant.
1162 3283 1209 3319 82
1244 3286 1411 3332 μαντικῆς
1435 3283 1526 3332 ἔχεις
1556 3282 1634 3318 ὁδόν
1651 3285 1709 3316 OR
1724 3281 1804 3316 311.
1849 3280 1988 3329 φάσκειν
2007 3279 2061 3326 ἔμ’
2103 3279 2146 3326 δη
2165 3292 2252 3326 μαν-

196 3331 400 3363 adiectivum
417 3342 530 3365 casum
548 3337 674 3366 rectum
693 3338 822 3374 servat,
850 3343 960 3374 neque
982 3334 1207 3366 accommoda·
1241 3332 1323 3379 τικῇ
1337 3330 1447 3378 μηδὲν
1465 3333 1602 3378 φρονεῖν
1619 3328 1700 3363 462.
1729 3328 1799 3363 ἔστι
1814 3339 1867 3363 σοι
1885 3327 2036 3374 βρότειον
2053 3339 2092 3361 ου
2117 3326 2152 3361 ὲν
2164 3338 2252 3372 μαν-

197 3381 251 3409 tur
281 3381 487 3420 pronomini3
524 3381 671 3421 denique
702 3382 898 3420 cognomina
931 3382 1069 3412 deorum
1095 3377 1208 3417 Ζεὺς
1242 3383 1340 3425 τικῆς
1374 3378 1455 3425 ἕχον
1478 3377 1603 3424 τέχνης
1627 3375 1707 3410 709·
1760 3373 1863 3409 Ἂοῦῧὲ
1887 3378 2052 3420 imvm-fl:
2078 3373 2252 3421 ἄπρακτος

2078 3325 2086 3339 9
