2288 3600
59 118 120 183 ff.
138 136 351 185 τοι-79η

47 237 48 240 ¹
71 268 75 274 -
113 245 196 283 λων
222 245 450 294 φρουρήματα
464 243 522 279 53.
557 244 671 283 κεῖνός
688 256 724 279 τε
739 242 833 293 λύπῃ
850 248 918 283 πᾶς
935 242 1023 291 ἐλή-

57 318 104 332 ,-
140 292 244 340 ἡμεῖς
271 289 300 327 θ’
333 293 351 328 ὁ
383 291 463 332 οίως
479 289 560 325 275.
600 291 684 338 πρός
711 287 736 325 τ’
765 290 921 338 ἐφεστίου
943 288 1022 330 Διὸς

94 337 99 342 ’
134 348 172 375 τὲ
187 343 250 387 τῆς
269 343 331 386 σῆς
373 338 428 373 93.
456 338 536 385 ὑμῖν
553 350 590 373 τε
667 338 770 384 κείνῳ
786 350 823 373 τε
839 336 920 372 566.
956 337 1022 374 θυ-

99 383 332 480 τξθξρεὲἓὲξ
346 385 570 467 ιὲῗγῗέἔῖῗ
576 384 892 480 ἔρῗῖῗᾶῗῗιέἒξ
908 380 1022 466 ἁὲἔεὶ

24 473 25 477 ¹
49 525 52 526 7
63 474 79 481 ⁷
99 476 128 516 τ’
139 480 297 527 ι’ὠιτέβεια
314 481 448 516 θνατῶν
465 478 533 513 249
546 490 590 512 m.
612 479 653 514 ἔκ
667 478 706 513 τέ
722 490 783 515 σου
796 482 920 518 κακοῖς
933 477 1021 513 πολ-

43 564 46 567 ,
96 527 174 564 *del
200 526 345 569 ξυνοῦσα
371 530 431 562 τοῦ
455 538 492 561 τε
517 526 616 561 συννό
646 539 686 562 ου
702 525 783 561 599.
822 526 865 561 τά
887 523 912 560 τ’
941 524 1022 561 ὄντα

103 577 117 606 -·ἶ
178 574 271 610 ἄλλα
287 571 315 610 θ’
333 572 374 609 εὖ
397 573 483 608 ίσκω
499 573 592 609 κακοί
633 572 688 607 37.
731 573 766 608 ἔν
784 571 817 608 θ’
833 572 967 619 ἑορταῖς
984 573 1020 608 ἔν

87 647 103 652 -.
134 621 238 670 δήμω
255 620 354 657 πόλει
394 619 452 654 82.
488 618 542 668 ἀφ’
563 621 610 655 ὧν
629 633 666 654 τε
685 619 873 667 βλάστωσιν
887 618 948 666 ἀφ’
972 621 1020 654 ὧν

36 662 184 715 ἕδνοισιν
210 656 354 716 εὕρωσιν
375 666 464 702 1060
481 670 532 702 ch.
574 667 664 715 σοφά
689 663 718 701 τ’
734 667 854 714 ἀρίστα
877 679 913 701 τε
938 670 1021 706 παῖς

30 735 41 759 .'
101 714 208 763 ῆσθαι
238 714 327 749 1089
345 717 396 748 ch.
439 714 478 749 ἔκ
506 725 542 749 τε
571 713 676 762 λύρας
706 714 746 749 ἐκ
769 713 945 759 τεινόμων
973 717 1015 748 fr.

42 762 69 807 ᾖ.
92 774 171 804 μιν.
190 760 302 804 2321),
321 761 356 796 2.
390 760 499 801 τάξεις
522 773 559 796 τε
583 761 708 800 ταύτας
731 760 874 807 ούράνιά
896 772 933 795 τε
954 761 1018 808 σή-

51 815 53 817 ’
91 834 95 838 .
123 812 164 845 st.
185 811 307 852 Naupl.
326 807 405 851 379,
428 807 460 842 3.
498 807 650 848 πέπλους
665 820 702 843 τε
718 812 819 854 νῆσαι
835 807 1019 855 λινογενεῖς

46 858 82 893 l.
96 875 114 886 r
140 855 240 895 δύτας
258 858 392 891 Nausic.
413 854 493 889 391.
531 854 658 902 θνητός
675 854 703 889 τ’
721 854 760 890 ἂν
778 855 818 890 ἐκ
836 854 967 902 θνητῆς
983 867 1019 889 τε

43 906 58 928 ‘¹
94 905 215 945 Polyx.
244 901 331 945 470,
353 901 386 937 6.
417 901 554 950 [θνητός
585 899 611 950 γ’
639 901 681 937 ἄν
705 904 782 936 libri
809 903 942 936 Stobaei
959 900 1016 944 49,

83 955 234 994 v‚praeter
249 952 359 984 solum
376 952 406 983 A
424 952 483 992 qui
500 949 626 996 θνητός
642 945 671 997 γ’
688 949 735 984 ὢν
755 951 844 982 unde
862 950 964 983 Dind.
988 959 1016 983 c.

52 994 162 1037 linek.
198 996 324 1044 θνητὸς
351 997 399 1032 ὢν
428 996 499 1040 θν.]
538 999 653 1038 Longe
681 1000 794 1029 minus
824 999 1020 1038 frequenter

42 1082 52 1090 ι
91 1062 93 1066 f
118 1047 186 1078 iata
208 1050 244 1078 et
267 1047 447 1078 annaniae
472 1047 521 1077 sic
544 1046 751 1085 colligantur.
793 1046 851 1078 νῦν
878 1041 916 1085 δ’,
946 1043 1021 1078 ἐπεὶ

47 1100 73 1113 'v
99 1117 101 1120 -
132 1086 161 1126 τ’
183 1091 250 1140 ἐγὼ
273 1091 366 1139 ἔχων
391 1091 453 1137 μὲν
479 1090 590 1140 ἀρχὰς
669 1089 686 1124 ἔ
712 1102 759 1125 ων
776 1089 815 1124 δὲ
831 1089 958 1137 λέκτρα

98 1163 101 1168 ›
119 1150 136 1174 ν
151 1150 188 1174 τε
204 1136 336 1173 παίδων
354 1135 434 1173 κοίν’
455 1136 495 1172 ἂν
573 1137 616 1194 ἦν
635 1137 675 1173 ἂν
712 1137 931 1183 κπεφυκότα·
961 1141 1019 1172 νῦν

84 1211 86 1213 .
118 1185 160 1221 τὸ
177 1185 290 1220 κείνου
306 1182 398 1232 κρᾶτ’
419 1180 560 1231 ἐνήλαθ’
579 1196 602 1232 η
618 1184 710 1233 τύχη
727 1187 784 1219 OR
799 1183 869 1218 258
883 1203 924 1210 -
935 1182 1016 1218 263.

34 1242 116 1272 ,τε
137 1232 206 1316 ἆλὰΐ
230 1234 357 1280 μακρῷ
377 1233 469 1291 γήρα
491 1227 623 1279 ξυνᾴδει
646 1231 732 1280 τῷδε
754 1230 870 1279 τάνδρὶ
887 1230 1020 1290 agappa-3

62 1317 70 1322 ‘
99 1303 162 1362 ὀῦ
182 1291 597 1362 1i'1‘21‘20‘i0i'3f23322
614 1278 887 1372 3ῗέἰᾷἰέῗεὶἶῖ
900 1291 1017 1374 ῗέἕίζ.

45 1373 210 1422 simu&
233 1385 270 1408 σε
297 1401 304 1408 .
321 1400 328 1408 .
343 1401 350 1408 .
388 1373 431 1409 τὰ
455 1377 514 1409 νῦν
539 1372 571 1409 θ’
588 1373 680 1412 ὁδοῖς
706 1372 742 1408 ἐν
758 1372 864 1408 τοῖσδ’
881 1371 1017 1408 ἀκούων

58 1426 70 1441 3
82 1419 143 1457 λον
155 1419 376 1467 ’ἐξεπίσταμαι
387 1422 443 1456 OG
452 1419 649 1455 551—554.
677 1418 823 1467 πρόσθεν
840 1431 876 1454 τε
893 1419 957 1467 γάρ
975 1432 1018 1465 με

48 1466 118 1506 σιν
129 1467 271 1507 οἰκείοις
287 1469 410 1507 κακοῖς
421 1471 586 1503 νοσοῦντα
662 1466 731 1503 τότ’
746 1465 903 1507 ἐξεώθεις
915 1465 1019 1507 κάξέ-

56 1524 77 1530 ”
90 1525 156 1554 ’ς’
247 1518 307 1551 νῦν
323 1511 468 1554 τ’καῦθις
486 1514 553 1548 765
566 1513 701 1548 -772,
729 1514 823 1552 ὅπως
841 1513 957 1561 μάθῃς

55 1563 64 1574 ·”
86 1581 93 1590 =
105 1561 166 1601 νάς
181 1558 206 1597 τ’
226 1562 318 1610 ἄγεις
336 1561 404 1597 ἔσω
416 1589 424 1604 ,
461 1563 507 1602 tim
524 1561 552 1596 τ’
569 1561 667 1597 οὐδὲν
683 1560 888 1607 εἰσήκουσας
905 1560 1018 1607 ἐκμά-

68 1607 116 1649 ,ἃ
130 1608 183 1644 δεῖ
198 1611 253 1643 Tr.
274 1607 355 1644 336.
385 1610 440 1643 Sic
456 1615 546 1643 recte
562 1620 621 1652 pro
637 1607 792 1647 οὕστινάς
807 1603 837 1656 γ’
857 1610 927 1642 Ers.
943 1635 950 1649 ‚
981 1620 1013 1641 v.

1005 127 1066 178 Τε

1059 246 1166 286 magis
1181 255 1266 288 opus
1283 244 1518 286 distinctione,
1546 246 1615 278 nisi
1639 255 1716 278 cum
1743 247 1887 278 verbum
1911 247 2066 287 pluribus

1058 293 1216 325 membris
1234 302 1409 324 commune
1426 293 1533 334 primo
1547 293 1760 339 Jncludatur.

1127 337 1161 372 4.
1192 340 1242 371 De
1268 340 1340 371 loeo
1366 349 1467 380 quem
1490 350 1527 372 τε
1552 341 1587 371 in
1607 342 1777 372 sententia
1795 343 1955 381 occupet,
1985 340 2066 371 haec

1057 386 1163 419 habeo
1180 387 1332 419 dicenda.
1363 387 1448 418 Cum
1468 388 1628 418 vocabula
1645 388 1732 428 sola,
1761 388 1861 418 verba
1878 390 1914 418 et
1931 388 2067 419 nomina

1058 434 1266 474 iunguntur,
1292 443 1329 466 τε
1345 434 1572 475 copulativum
1594 436 1822 475 postponitur3
1851 443 1927 465 cum
1945 443 2066 466 nomen

1054 482 1330 521 praepositionem
1356 480 1504 512 additam
1531 481 1630 512 habet
1645 485 1704 512 aut
1719 482 1918 521 articulum,
1954 481 2066 520 legiti-

1058 537 1133 559 mus
1149 528 1333 569 particulae
1350 531 1426 569 post
1443 528 1501 559 illa
1518 529 1676 559 vocabula
1693 529 1784 560 locus
1802 531 1867 560 est.
1903 529 1954 559 De
1971 537 2066 568 prae-

1055 575 1220 615 positione
1253 574 1330 606 vide
1364 574 1419 606 El.
1449 571 1528 606 326.
1558 571 1637 606 599.
1659 571 1739 606 982.
1783 576 1865 607 Ant.
1890 571 1967 606 116.
2006 575 2062 606 Tr.

1059 618 1159 653 1011.
1192 623 1247 653 Ai.
1277 618 1356 654 493.
1385 618 1465 654 654.
1498 622 1560 653 Ph.
1592 619 1657 654 185
1675 622 1727 653 ch.
1756 618 1836 654 468.
1857 618 1936 654 700.
1961 618 2061 653 1294.

1055 668 1113 700 ΟΒ
1135 665 1192 701 20.
1228 666 1285 700 33.
1321 665 1377 700 34.
1414 664 1495 700 253.
1531 665 1611 701 478.
1644 665 1709 700 541
1740 666 1840 712 (ἄνευ
1858 667 1921 711 τε).
1960 665 2062 700 1351.

1055 715 1110 747 OG
1128 712 1184 748 33.
1212 712 1292 748 551.
1321 716 1361 747 fr.
1390 716 1545 754 Thamyr.
1573 712 1683 756 232b,
1705 712 1739 748 2.
1767 715 1875 747 Orith.
1904 712 1985 747 655.
2014 715 2065 747 De

1055 763 1195 794 articulo
1232 762 1292 794 Ph.
1332 759 1412 794 314.
1452 759 1532 794 321.
1573 759 1652 795 592.
1692 759 1773 795 867.
1817 759 1917 794 1200.
1960 759 2061 794 1220.

1059 805 1159 841 1226.
1186 809 1246 841 OR
1261 805 1341 841 206.
1367 806 1447 841 905.
1479 806 1579 841 1347.
1608 809 1662 841 OC
1680 806 1818 841 684ch.
1849 806 1950 842 1548.
1979 810 2060 841 Ant.

1055 853 1185 888 859111.
1215 853 1318 887 1159.
1352 857 1407 887 Ai.
1436 852 1515 888 390.
1561 857 1606 888 At
1629 856 1849 888 multifariam
1881 857 1938 888 lex
1964 857 2063 887 collo-

1055 904 1196 935 cationis
1224 905 1390 935 turbatur.
1435 903 1518 935 Nam
1548 912 1646 944 saepe
1676 912 1742 935 non
1771 904 1949 935 articulum
1979 913 2065 944 pone

1056 952 1229 991 sequitur,
1265 959 1383 982 verum
1407 951 1521 991 ipsum
1546 959 1678 982 nomen.
1716 948 1750 983 αἱ
1775 947 1939 996 Μυκῆναι
2040 949 2064 995 ὴ

1058 993 1200 1043 Σπάρτη
1224 1007 1262 1030 τε
1286 997 1345 1029 Ph.
1366 994 1447 1029 325.
1490 996 1540 1043 τῷ
1555 994 1625 1043 θεῷ
1648 995 1679 1030 θ’
1707 994 1781 1042 ἅμα
1810 997 1867 1028 ΟΒ
1887 995 1964 1030 136.
2004 999 2065 1030 τοῦ

1055 1042 1161 1078 πάλαι
1184 1039 1209 1077 τ’
1237 1040 1422 1090 Ἀγήνορος
1438 1041 1518 1076 268.
1563 1045 1730 1085 siquidem
1749 1042 1855 1078 πάλαι
1876 1054 1954 1076 curn
1979 1046 2064 1076 arti-

1055 1093 1128 1124 culo
1144 1093 1298 1123 iunctum
1315 1092 1470 1123 adiectivi
1490 1093 1557 1122 vim
1575 1092 1697 1124 induit.
1717 1090 1761 1124 τὰ
1778 1089 1891 1125 πολλά
1907 1102 1943 1124 τε
1962 1090 2066 1136 στρά-

1055 1135 1165 1183 ψαντα
1244 1135 1328 1184 βέλη
1353 1138 1408 1170 OC
1429 1135 1530 1170 1514.
1570 1137 1627 1171 τὸν
1656 1141 1736 1172 νοῦν
1763 1136 1791 1171 τ’
1818 1136 1949 1183 ἀμείνω
1979 1141 2061 1170 Ant.

1057 1183 1157 1218 1090.
1191 1185 1249 1219 τὸν
1275 1183 1428 1231 φύσαντά
1454 1195 1492 1218 τε
1521 1187 1577 1218 Ai.
1598 1183 1678 1218 516.
1715 1188 1779 1231 τῆς
1803 1185 2014 1232 κασιγνήτης
2032 1181 2061 1219 θ’

1054 1231 1143 1278 ὁμοῦ
1169 1233 1223 1266 ΕΙ.
1243 1230 1323 1266 555.
1362 1233 1403 1264 In
1432 1234 1678 1274 praepositione
1703 1234 1811 1273 legem
1835 1235 1971 1273 migrari
1996 1243 2063 1265 non

1055 1281 1170 1321 video,
1198 1281 1266 1312 nisi
1282 1282 1368 1312 forte
1385 1280 1446 1312 Ph.
1469 1277 1571 1311 1312.
1586 1305 1594 1320 ‚
1623 1289 1816 1321 quanquam
1834 1282 1863 1311 is
1881 1281 1972 1312 locus
1990 1290 2065 1312 am-

1054 1328 1195 1370 pliorem
1212 1329 1442 1359 traiectionem
1459 1327 1577 1359 habet:
1614 1325 1650 1367 ἐξ
1673 1324 1884 1373 Ἀχιλλέως,
1914 1326 1951 1365 ὃς
1979 1325 2065 1372 μετὰ

1055 1373 1191 1414 ζώντων
1207 1368 1240 1408 θ’
1264 1372 1309 1408 ὅτ’
1327 1373 1370 1419 ἠν
1395 1371 1495 1418 ἤκου’
1513 1371 1647 1419 ἄριστα,
1675 1376 1734 1407 νῦν
1753 1373 1790 1407 δὲ
1811 1378 1879 1408 τῶν
1895 1373 2066 1420 τεθνηκὼ

1052 1432 1137 1462 των,
1165 1421 1199 1453 id
1224 1426 1278 1454 est
1302 1419 1339 1459 ὃς
1362 1420 1420 1455 καὶ
1448 1419 1503 1455 ὅτε
1529 1419 1616 1466 μετὰ
1639 1419 1776 1460 ζώντων
1793 1419 1836 1466 ἠν
1916 1421 1974 1455 καὶ
1990 1423 2061 1455 νῦν.

1054 1469 1121 1502 Sed
1137 1472 1217 1500 sunt
1234 1474 1270 1501 et
1286 1470 1350 1501 alia
1366 1469 1574 1501 traiectionis
1596 1478 1733 1509 genera.
1762 1469 1803 1500 In
1829 1469 1889 1500 Ph.
1910 1466 1990 1501 491.
2013 1470 2063 1501 sa-

1053 1517 1109 1548 cili
1126 1517 1386 1557 transpositione
1403 1516 1572 1548 sanandus
1590 1525 1708 1548 versus
1727 1517 1861 1548 videtur
1878 1513 2064 1562 Τραγινίαν

1055 1561 1194 1608 δειράδα
1217 1573 1254 1596 τε
1283 1562 1341 1596 καὶ
1364 1562 1422 1596 τὸν
1446 1560 1565 1608 εὔροον
1584 1560 1793 1609 Σπερχειόν,
1822 1574 1880 1605 pro
1904 1554 2063 1596 librorum

1054 1612 1218 1652 scriptura
1232 1621 1268 1643 τε
1286 1608 1443 1656 δειράδα,
1479 1620 1615 1642 versum
1632 1615 1812 1652 anapaesto
1838 1612 2000 1652 vitiante‚
2029 1615 2064 1643 et

91 1672 106 1685 ι·
119 1682 126 1690 .
154 1657 326 1694 Omittunt
348 1659 547 1699 particulam
570 1658 659 1690 libri.
696 1657 743 1694 ὦς
765 1653 876 1703 λόγων
893 1652 918 1690 τ’
940 1654 1018 1690 ἐπι-
1054 1657 1175 1698 Toupii
1196 1656 1295 1698 [quod
1311 1658 1414 1689 Dind.
1437 1655 1580 1701 recepit]
1596 1658 1736 1689 invento
1754 1655 1897 1705 δεράδα;
1936 1659 2062 1690 dictum

51 1706 79 1752 ᾗ.
98 1720 105 1732 ι
117 1715 134 1742 ς
150 1702 256 1753 φέρῃς
268 1730 277 1745 ,
305 1701 328 1738 ἅ
343 1701 371 1738 τ’
388 1703 461 1738 ἀντὶ
478 1703 598 1751 δώρων
620 1704 714 1758 δῶρα
729 1702 799 1749 χρὴ
818 1702 1018 1750 προσαρμό-
1052 1704 1138 1736 illud
1155 1701 1355 1750 ὺπερβάτως
1372 1714 1432 1746 pro
1449 1714 1486 1737 τε
1503 1702 1642 1751 δειράδα
1656 1702 1726 1738 καί.
1762 1706 1922 1746 Inprimis
1941 1707 2063 1738 usitata

53 1762 56 1800 j
79 1776 88 1792 ‚
117 1749 178 1786 καὶ
203 1745 295 1785 ταῦτ’
310 1749 397 1798 ἄγῃς
420 1748 501 1785 493.
541 1749 593 1786 ὅτι
622 1749 640 1785 ὅ
662 1763 682 1785 τ
715 1750 731 1784 ἐ
758 1748 841 1797 θρὸς
865 1749 951 1795 ἡμῖν
969 1749 1017 1788 εἰς
1053 1752 1224 1792 traiectio,
1253 1762 1329 1784 cum
1345 1752 1393 1784 bis
1407 1753 1547 1793 ponitur
1570 1762 1627 1785 τε.
1665 1750 1806 1798 φάσκειν
1829 1747 1853 1784 δ’
1875 1750 1983 1798 αὐδὴν
1999 1752 2062 1798 τὴν

57 1786 83 1835 2⁴1
105 1789 138 1831 δ’
154 1796 343 1880 ἐχθαρὲτέος
354 1826 362 1841 ,
383 1798 430 1836 ὡς
446 1797 505 1832 καὶ
523 1797 581 1845 φιλ
609 1809 676 1832 σων
694 1762 794 1835 αὖθις
806 1807 813 1814 ·
840 1796 890 1835 εἷς
907 1809 943 1831 τε
959 1796 1017 1832 τὸν
1048 1793 1263 1853 Ἡρακλέους
1289 1797 1380 1846 ἀκοῇ
1395 1810 1431 1831 τε
1447 1796 1562 1832 κλύειν
1579 1796 1731 1831 λεύσσειν
1748 1799 1774 1831 τ’
1794 1796 1871 1844 ὄψιν
1889 1800 1949 1831 Ph.
1972 1796 2064 1831 1412

68 1856 111 1890 ,ν
139 1844 243 1879 τοσαῦ
309 1842 488 1926 ῦπουρέῶν
519 1847 592 1892 ὠφε
615 1847 665 1879 εῖν
699 1843 931 1891 βουλήσομαι,
969 1845 1016 1883 ὡς

68 1889 142 1933 ,οὐ
161 1894 326 1938 μενοῦντα
342 1894 398 1926 Ai.
442 1890 499 1927 79.
530 1911 570 1918 -
598 1894 661 1925 Est
683 1895 784 1925 etiarn
809 1893 955 1924 mixtum
973 1901 1016 1923 ex

50 1937 52 1940 '
79 1937 230 1982 ¹utroque
246 1949 353 1980 genus
365 1966 373 1982 ,
394 1950 502 1973 unum
517 1951 553 1974 τε
570 1944 610 1972 ut
626 1940 831 1972 adnectendo
850 1940 1016 1980 prioribus

59 1983 307 2022 §continuando
339 1989 484 2020 sermoni
517 1988 739 2020 constitutum
772 1988 837 2027 sit⁷
873 1987 1015 2019 alterum

50 2037 85 2077 [j''⁴·
106 2036 234 2075 partem
248 2035 340 2075 parti
357 2034 526 2074 adiungat.
556 2031 590 2068 οἵ
605 2032 633 2067 τ’
655 2031 705 2076 [ἴτ’
725 2031 848 2078 Dind.]
871 2031 1016 2070 ὀπάονες

50 2074 102 2114 ’τ’
125 2077 220 2118 ὄντες
251 2078 285 2115 οἵ
311 2076 336 2114 τ’
357 2079 500 2119 ἀπόντες
529 2079 683 2127 ὁρμᾶσθε
704 2082 784 2113 Ant.
808 2078 908 2113 1109.
937 2082 961 2113 i.
982 2090 1012 2112 e.

50 2139 78 2174 ³07
125 2135 127 2137 ’
169 2125 284 2169 ὄντες,
321 2127 354 2161 ol
386 2127 424 2162 δὲ
457 2127 613 2166 ἀπόντες.
664 2126 763 2174 ὑμεῖς
791 2125 834 2169 θ’,
872 2125 1014 2173 ἑταῖροι,

2 2172 10 2184 ’“
59 2176 66 2194 ἵ
88 2192 105 2201 κ-
126 2171 215 2222 ’τῇδέ
233 2185 291 2220 μοι
306 2173 388 2209 τάδε
402 2177 523 2221 τιμᾶτε
541 2173 683 2222 Τεύκρῳ
700 2172 739 2215 τ’,
755 2172 800 2219 ἢν
819 2172 910 2220 μόλῃ
924 2201 931 2214 ,
953 2185 1018 2220 ση-

6 2246 7 2251 ,
170 2222 226 2255 Αἰ.
260 2219 340 2255 687.
383 2223 471 2255 Item
503 2232 580 2265 pars
611 2224 779 2264 prioribus
813 2223 1014 2262 adnectitur,

43 2301 47 2303 .
102 2272 265 2302 eautem
285 2279 375 2302 ‘nova
400 2271 570 2303 sententia
594 2270 751 2302 infertur.
787 2267 936 2302 παύεσκε
954 2267 1016 2313 μὲν

2 2340 4 2342 ,
59 2312 63 2316 ’
103 2313 241 2354 ἐνθέους
269 2318 433 2363 γυναῖκας
461 2314 552 2351 ε’ύιόν
579 2327 615 2350 τε
644 2318 730 2363 πῦρ,
771 2313 957 2361 φιλαύλους
988 2309 1017 2348 τ’

1 2374 12 2398 ¹,
41 2360 67 2399 “ss'i‘
85 2360 156 2408 ἰζε
173 2359 315 2401 Μούσας
332 2364 415 2396 Ant.
443 2361 510 2396 963
528 2364 580 2396 ch.
616 2381 656 2388 —
700 2365 761 2395 Ter
783 2364 922 2404 ponitur
947 2374 1012 2396 τε;

53 2408 65 2419 ⁴
111 2403 136 2444 τ’
155 2407 303 2455 ἐμαυτοῦ
320 2413 380 2444 τοῦ
398 2408 481 2445 θεοῦ
496 2422 533 2444 τε
569 2409 648 2444 ’σδέ
663 2422 700 2444 τε
712 2413 775 2457 γῆς
791 2410 849 2442 OR
864 2406 944 2443 253.
966 2408 1018 2443 δι-

2 2470 21 2506 ζ
89 2455 117 2496 ξ’
128 2466 169 2497 τε
181 2454 314 2508 ἄρρητά
327 2455 352 2490 τ’
367 2456 508 2504 ούράνιά
522 2422 663 2495 τεἭΟΟ..
675 2467 867 2499 quanquam
875 2458 1015 2489 tertium

56 2506 65 2550 3‘
101 2505 250 2536 curatius
260 2505 302 2537 ad
319 2505 355 2536 id
368 2506 456 2546 quod
471 2506 625 2547 sequitur
646 2502 862 2562 χθονοστιβῆ
872 2507 1012 2545 spectat.

4 2551 17 2592 ἦ
58 2568 61 2573 .
100 2549 136 2588 ὸς
158 2549 202 2585 τά
223 2549 250 2585 τ’
281 2549 351 2585 ὦτα
375 2550 433 2585 τόν
451 2563 487 2586 τε
512 2554 590 2585 νοῦν
615 2563 658 2585 τα
681 2546 709 2585 τ’
736 2549 854 2596 ὄμματ
887 2549 917 2584 εἷ
933 2548 1012 2584 371.

4 2594 17 2626 ἶ
98 2592 123 2630 τ’
149 2594 205 2644 ἀφ’
235 2597 282 2632 ὦν
300 2597 338 2632 οὐ
356 2602 464 2647 χρῆν,
493 2597 549 2638 ξὺν
575 2596 628 2636 οἶς
651 2594 676 2631 τ’
705 2597 745 2632 οὐ
778 2601 851 2645 7ρῆν
870 2595 1013 2643 ὁμιλῶν,

6 2651 18 2692 3
44 2663 62 2684 ῃ
92 2641 131 2677 τὲ
154 2643 185 2690 μ’
213 2642 277 2679 οὐκ
302 2643 370 2679 ἔδει
392 2646 525 2679 κτανών
553 2643 653 2678 1184.
687 2610 787 2682 aba-«22
816 2656 852 2678 τε
868 2645 966 2692 χώρα
983 2640 1015 2679 θ’

6 2691 15 2718 ἰ’
56 2722 83 2737 ,7
104 2690 292 2738 πρόσπολοὶ
314 2691 352 2726 τέ
378 2703 430 2726 σοι
445 2693 500 2726 OC
527 2690 628 2726 1553.
673 2691 724 2726 σοί
740 2687 771 2727 θ’
797 2690 927 2738 ὑπούργ
957 2703 1013 2734 σον

2 2728 16 2783 ᾗ
60 2747 78 2774 .’
92 2734 228 2784 slfa-015?
245 2737 378 2786 ἀρωγὰ,
399 2739 449 2786 τῷ
471 2750 508 2773 τε
534 2738 686 2786 φιλτάτῳ
713 2738 843 2798 βροτῶν
862 2741 916 2773 El.
960 2736 1013 2772 61.

4 2801 22 2831 ,μ
55 2786 91 2824 ’.τ-ἰ
110 2789 148 2818 ’τε
164 2784 287 2820 πόντον
375 2785 498 2824 νυκτός
520 2798 556 2820 τε
579 2785 691 2833 πηγὰς
715 2787 860 2834 ουρανοῦ
883 2787 910 2820 τ’
930 2784 1014 2820 ἀνα-

4 2828 34 2877 ᾖ
62 2826 144 2879 ,χᾶς
172 2833 280 2865 Orith.
311 2835 351 2866 fr.
373 2830 453 2866 655.
485 2851 525 2858 -
566 2833 690 2872 Quater
705 2836 853 2876 positum
870 2843 935 2866 non
954 2844 1014 2866 ex-

6 2880 23 2924 ]ι,
57 2879 99 2919 ”,
129 2878 197 2912 nisi
215 2882 445 2912 numeraveris
469 2881 556 2913 illud
572 2880 679 2913 Orith.
700 2883 741 2913 fr.
762 2878 841 2913 655.
858 2906 865 2921 ,
895 2882 930 2912 in
949 2890 1013 2922 quo

4 2933 27 2979 ,7
54 2932 183 2999 ᾧ,ιμΊΜιιι
199 2927 276 2982 libri
292 2928 399 2982 Strab.
419 2926 452 2966 7,
480 2938 514 2969 p.
533 2923 830 3006 2Ρέῤ4ᾧοίβ1ου9ᾆε
853 2925 1010 3006 ποζλὲαιόν.

8 2995 26 3051 Ξ
52 3007 85 3063 ,J
102 2975 530 3068 αίαιζοηθξωὸδιξὲηἶὟΓδιξξῆ
563 3019 591 3054 τ’
621 2973 765 3066 ἄμικτος,
797 2985 1014 3065 ἱπποβάιῗζῖῗι

10 3050 84 3117 1.ζῇ
119 3077 150 3099 ν
182 3064 318 3122 θηρξὺν,
348 3093 378 3102 ..
395 3094 402 3100 .
427 3063 658 3115 Ἐρυμάνθιον
684 3079 719 3101 τε
743 3066 854 3114 θῆρα,
890 3069 948 3100 τόν
980 3063 1013 3100 θ’

12 3128 51 3166 Κ.

11 3170 59 3246 ι

125 3110 226 3151 θονὸς
258 3111 364 3149 Αιδου
389 3113 566 3162 τρίκρανον
593 3113 767 3155 σκύλακα,
801 3140 808 3147 .
828 3140 834 3147 .
853 3139 860 3146 .
895 3113 953 3148 τόν
976 3125 1012 3148 τε

12 3158 19 3167 ι
63 3150 74 3165 ,ἰ

66 3172 69 3179 ι

1052 1855 1105 1876 an.
1123 1855 1146 1877 1.
1168 1855 1198 1878 e.
1218 1844 1328 1891 αὐδήν
1343 1857 1379 1879 τε
1394 1845 1458 1891 τὴν
1471 1842 1698 1892 (Ηρακλέους.
1726 1840 1812 1879 τοῦτ’
1828 1844 1943 1893 ἐγῷδα
1958 1845 2063 1893 τῆσδέ

1050 1902 1087 1925 τε
1111 1891 1240 1937 μαντεῖ’
1263 1890 1398 1926 ἀκούων
1418 1897 1567 1926 συννοῶν
1591 1891 1634 1926 τά
1656 1892 1680 1926 τ’
1710 1890 1746 1933 ἐξ
1763 1891 1847 1938 ἐμοῦ
1864 1891 2065 1939 παλαίφατα

1053 1939 1109 1971 OC
1126 1937 1206 1972 452.
1235 1941 1392 1981 Plerique
1411 1941 1506 1972 codd.
1528 1950 1556 1973 c.
1577 1941 1638 1972 LA
1653 1938 1760 1986 τῆσδέ
1772 1951 1827 1986 γε,
1857 1943 1958 1982 probo
1974 1942 2062 1973 Her-

1053 1996 1214 2019 mannum
1239 1988 1327 2028 quod
1349 1998 1386 2020 τε
1412 1989 1594 2029 receperit,
1622 1989 1770 2028 improbo
1795 1988 2062 2028 distinguentem

1053 2038 1129 2074 post
1144 2031 1281 2068 ἀκούων
1300 2037 1335 2066 et
1351 2038 1500 2068 συννοῶν
1513 2061 1521 2076 ,
1541 2035 1626 2067 hanc
1642 2035 1859 2076 posteriorem
1872 2036 2062 2067 distinctio-

1054 2090 1131 2112 nem
1154 2091 1198 2113 ne
1223 2082 1372 2121 intelligi
1397 2082 1535 2123 quidem
1559 2091 1658 2123 posse
1686 2083 1898 2115 existimans.
1938 2093 1974 2116 τε
2002 2081 2063 2122 τάξ

1053 2125 1139 2172 ἐμοῦ
1157 2129 1198 2160 ad
1215 2138 1352 2161 sensum
1365 2130 1451 2161 bene
1464 2129 1630 2161 Heathius
1644 2130 1844 2169 corrigebam
1867 2130 1927 2162 sed
1945 2131 2062 2162 eadem

1052 2180 1207 2216 receptae
1232 2177 1416 2217 scripturae
1440 2177 1628 2216 sententia,
1659 2173 1858 2222 ὑπερβάτως
1886 2179 1994 2218 posito
2009 2188 2057 2211 τε.

1079 2221 1138 2255 ιών
1155 2216 1183 2255 τ’
1201 2219 1286 2256 οὐδα
1315 2221 1337 2257 ὰ
1353 2221 1461 2256 λείπει
1476 2221 1587 2270 τέγγει
1611 2220 1643 2257 θΊ
1660 2217 1712 2256 ὑπ’
1732 2221 1854 2282 ὀφρύσι
1948 2222 2060 2271 δειρά-

1051 2233 1112 2307 {otc
1129 2270 1213 2301 Ant.
1233 2267 1278 2302 83
1315 2280 1360 2302 m.
1389 2272 1412 2302 i.
1433 2281 1464 2304 e.
1499 2271 1586 2318 γιὼν
1611 2268 1720 2304 λείπει
1743 2282 1763 2303 τ
1800 2269 1936 2315 οὐδαμὰ
1951 2270 2062 2318 τέγγει

1051 2327 1099 2350 τε.
1129 2315 1221 2396 ἔρροι
1236 2312 1260 2349 τ’
1283 2313 1323 2350 ἂν
1341 2315 1445 2355 αἰδὼς
1464 2313 1624 2351 ἁπάντων
1641 2311 1670 2350 τ’
1687 2315 1842 2363 εὐσέβεια
1858 2319 1911 2350 ΕΙ.
1932 2316 2058 2351 249112.

1052 2365 1075 2396 i.
1097 2374 1127 2396 e.
1149 2376 1171 2397 α
1187 2362 1254 2401 δώς
1270 2360 1296 2397 τ’
1315 2361 1355 2397 ἂν
1375 2362 1479 2410 ἔρροι.
1508 2366 1658 2397 Fortasse
1673 2365 1888 2397 scribendum
1904 2362 1964 2399 τᾶν
1983 2367 2006 2400 i.
2020 2376 2058 2398 -ε,

1051 2410 1103 2445 τοὶ
1127 2408 1181 2444 ἄν.
1209 2409 1288 2444 ἄνευ
1316 2422 1354 2444 τε
1381 2409 1539 2457 πλήθους
1566 2410 1624 2445 καὶ
1652 2409 1761 2458 φίλων
1790 2411 1848 2443 OR
1864 2409 1944 2444 541.
1974 2414 1996 2445 i.
2027 2423 2057 2445 e.

1052 2456 1132 2492 ἄνευ
1150 2455 1309 2503 πλήθους
1324 2468 1360 2491 τε
1375 2457 1446 2492 καί.
1484 2457 1570 2493 ὅπου
1588 2452 1620 2493 θ’
1638 2457 1655 2492 ὁ
1671 2457 1795 2506 χείρων
1811 2457 1962 2505 τάγαθοῦ
1982 2462 2061 2505 μεῖ-

1051 2503 1108 2544 ζον
1127 2501 1237 2538 σθένει
1253 2503 1457 2552 κάποφθίνει
1473 2504 1516 2539 τὰ
1530 2505 1665 2553 χρηστά
1682 2507 1742 2538 Ph.
1760 2503 1840 2538 456.
1870 2507 1921 2538 De
1938 2507 2061 2549 hyper-

1051 2553 1126 2584 bato
1152 2563 1188 2585 τε
1212 2558 1346 2594 praeter
1371 2553 1586 2586 Schaeferum
1604 2554 1640 2584 in
1664 2554 1734 2585 ind.
1755 2553 1876 2586 Gnom.
1898 2553 1955 2586 Gr.
1977 2565 2003 2587 S.
2026 2566 2058 2587 v.

1050 2602 1087 2631 et
1111 2600 1318 2632 Meinekium
1345 2610 1413 2632 cur.
1440 2602 1512 2633 crit.
1540 2611 1574 2642 p.
1605 2598 1660 2632 10.
1689 2601 1850 2633 disseruit
1876 2602 2056 2634 Wellauer.

1051 2647 1194 2678 addend.
1223 2647 1264 2678 ad
1288 2647 1457 2679 Vechneri
1475 2648 1643 2679 Hellenol.
1670 2649 1707 2679 in
1731 2648 1842 2679 Iahnii
1868 2649 1978 2681 annal.
2009 2647 2055 2692 (a.

1053 2691 1175 2737 1832.)
1199 2695 1366 2735 supplem.
1389 2696 1415 2726 I.
1443 2696 1522 2727 fasc.
1543 2696 1570 2726 Ι.
1591 2705 1624 2735 p.
1648 2691 1728 2727 381.

1121 2739 1154 2773 5.
1182 2741 1364 2782 Aliquanto
1388 2751 1453 2773 non
1469 2752 1515 2774 τε
1617 2752 1681 2782 τε,
1709 2752 1753 2774 τε

1131 2798 1193 2828 τε,
1223 2785 1326 2821 σύτε
1421 2799 1482 2829 τε,
1513 2787 1621 2834 μήτε
1728 2799 1773 2821 τε
1798 2790 1888 2820 inter
1911 2799 1947 2821 se
1970 2800 2058 2821 com-

1050 2839 1235 2875 ponuntur,
1256 2835 1315 2866 sed
1333 2836 1468 2867 liberior
1484 2837 1591 2867 initur
1607 2845 1682 2867 cum
1700 2836 1774 2867 aliis
1790 2837 1963 2876 particulis
1980 2846 2059 2868 con-

1050 2883 1162 2914 sortio.
1189 2892 1234 2914 τε
1262 2907 1269 2914 .
1286 2907 1313 2914 ..
1343 2880 1388 2915 δέ
1413 2892 1479 2914 non
1498 2884 1710 2914 Homericum
1735 2883 1851 2922 mod0‚
1880 2884 1939 2914 sed
1955 2885 2058 2924 tragi—

1050 2929 1098 2960 cis
1115 2929 1214 2960 etiam
1232 2930 1490 2961 usitatissimum
1507 2930 1698 2961 anacoluthi
1717 2939 1842 2969 genus:
1874 2941 1903 2961 v.
1925 2931 2055 2963 Schaef.

1049 2975 1092 3006 ad
1110 2976 1208 3007 Dion.
1229 2977 1269 3007 de
1289 2986 1316 3007 c.
1338 2987 1368 3008 v.
1390 2987 1422 3017 p.
1447 2973 1523 3008 192.
1555 2976 1728 3016 Significat
1755 2980 1867 3008 autem
1897 2987 1972 3008 oum
2000 3003 2006 3009 .
2025 3003 2054 3010 ..

1050 3025 1121 3054 tum
1137 3026 1258 3062 autem,
1279 3023 1302 3054 i.
1325 3033 1354 3055 e.
1385 3022 1461 3068 μὲν
1489 3047 1496 3054 .
1512 3048 1519 3054 .
1535 3049 1542 3055 .
1563 3021 1619 3056 δέ.
1649 3021 1686 3060 ὃς
1704 3021 1790 3067 μετὰ
1807 3021 1943 3061 ζώντων
1961 3018 1993 3057 θ’
2011 3019 2059 3057 ὅτ’

1048 3067 1091 3113 ῆν
1103 3095 1110 3109 ,
1139 3063 1238 3112 ἥκου’
1255 3067 1390 3114 ἄριστα,
1418 3071 1476 3102 νῦν
1495 3068 1532 3102 δὲ
1548 3073 1616 3103 τῶν
1632 3067 1851 3115 τεθνηκότων
1868 3070 1930 3102 Ph.
1953 3068 2054 3103 1312.

1047 3126 1083 3148 τε
1101 3117 1227 3147 omittit
1246 3117 1315 3148 LA.
1343 3114 1381 3149 τό
1399 3110 1427 3149 τ’
1444 3113 1596 3149 εἰκαθεῖν
1614 3114 1677 3162 γὰρ
1698 3114 1805 3149 δεινόν
1819 3127 1826 3133 ·
1861 3115 2060 3151 ἀντιστάντα

1860 2740 1955 2782 καί,
1983 2740 2061 2776 καὶ

85 3171 163 3201 ᾐών
193 3159 361 3206 δράκοντα
389 3159 510 3207 μήλων
540 3159 689 3207 φύλακα.
727 3179 767 3186 ——
812 3162 861 3193 De
890 3158 1030 3197 distin-1
1049 3161 1085 3195 δὲ
1118 3159 1182 3210 ἄτῃ
1208 3160 1354 3201 πατάξαι
1385 3161 1496 3208 θυμὸν
1527 3161 1562 3196 ἐν
1592 3162 1694 3196 δεινῶ
1716 3162 1808 3208 πάρα
1837 3164 1918 3196 Ant.
1953 3162 2054 3197 1096.

77 3220 80 3238 i
109 3220 118 3233 ·-
138 3207 185 3239 sic
202 3209 327 3249 sentio,
349 3217 415 3240 non
433 3218 508 3241 esse
525 3218 586 3241 nec
608 3218 667 3240 cur
683 3209 833 3249 singulae
851 3209 1009 3240 enuntia·
1046 3211 1154 3242 ταῦτα
1177 3207 1240 3255 γὰρ
1266 3208 1362 3247 πόσις
1388 3221 1425 3243 τε
1451 3209 1508 3264 σὸς
1534 3204 1650 3257 ἐφεῖτ’,
1673 3195 1740 3256 ἐγὼ
1767 3209 1804 3243 δὲ
1890 3209 1979 3244 τελῶ
1998 3212 2054 3245 Tr.

10 3279 21 3293 ,.
86 3266 111 3281 ·
136 3258 247 3296 partes
272 3256 410 3295 virgulis
436 3265 576 3297 usquam
603 3261 801 3297 separentur
819 3265 880 3286 nec
897 3264 1008 3287 enun-
1045 3252 1126 3287 285.
1163 3256 1307 3288 Brunck.
1344 3255 1440 3295 πόσις
1469 3269 1489 3303 γ
1529 3255 1546 3290 ὁ
1577 3256 1646 3294 σός.
1685 3258 1732 3295 ὡς
1758 3255 1797 3290 σύ
1827 3251 1858 3291 θ’
1883 3255 1918 3291 οἷ
1943 3256 2056 3296 θέλεις

63 3299 200 3349 ’,7,,,“ἱρει,
226 3302 291 3332 nisi
317 3302 555 3343 quodammodo
579 3304 631 3334 sui
656 3305 738 3334 iuris
755 3303 842 3342 sint,
871 3303 905 3333 id
922 3303 1010 3342 quod
1046 3300 1211 3348 σπεύδῃς,
1252 3301 1320 3349 ἐγὼ
1350 3302 1387 3336 δὲ
1413 3302 1535 3337 τᾶνδον
1566 3302 1691 3351 ἐξαρκῆ
1716 3301 1803 3338 τιθῶ
1829 3301 1909 3336 333.
1946 3303 1985 3338 σύ
2014 3317 2052 3352 γε

10 3379 14 3393 ⁴
142 3349 307 3388 maxime,
346 3357 421 3380 eum
448 3350 584 3381 verbum
610 3351 710 3390 priori
727 3351 873 3381 membro
898 3350 1008 3380 inser·
1045 3350 1189 3381 Brunck.
1207 3376 1214 3390 ,
1243 3359 1309 3381 non
1336 3352 1456 3382 melius
1482 3352 1679 3383 Schaeferus
1706 3349 1774 3443 ἐέώ
1790 3362 1838 3383 τε.
1867 3349 1928 3389 τὰς
1945 3350 1999 3385 ἀεί
2014 3363 2052 3386 τε

11 3415 18 3433 .,
88 3397 171 3426 met.
209 3395 253 3426 *In
279 3395 433 3436 pluribus
462 3397 581 3428 iterato
608 3407 646 3429 τε
674 3396 912 3428 enumerandis
940 3405 1007 3427 non
1043 3393 1235 3441 παρθένους
1253 3395 1305 3430 ἀεὶ
1323 3395 1350 3430 δ’
1368 3395 1500 3443 ὁρώσας
1518 3397 1628 3431 πάντα
1643 3397 1703 3432 τάν

77 3472 91 3484 ¹
132 3477 150 3486 ι

1746 3400 1857 3444 ροτοῖς
1875 3395 1973 3445 πάθη
1990 3400 2047 3431 Ai.
