2288 3600
0 259 148 329 ᾒὲβητας
174 279 319 316 ἐκτιθείς
344 283 448 314 Acris.

0 326 42 381 ᾒε
57 331 176 372 posito.

0 378 242 480 {Exti'sspdm
267 388 398 421 honoro.
434 384 671 434 ἐκτετίμηνται
688 384 792 421 πλέον
811 387 864 419 ΕΙ.
886 384 943 419 64.

25 460 35 469 .
52 446 85 467 ν.
152 446 189 481 η.

0 483 222 539 Ἔκτιμος
251 503 321 526 mm
338 493 512 526 honorans.
553 490 681 539 γονέων
706 489 866 537 ἐκτίμους
893 490 948 525 ἵσ-

0 549 48 576 ισα
79 536 246 624 πτζρίιγας
278 538 368 586 γόων
401 540 455 572 ΕΙ.
482 537 552 572 242
569 550 613 572 m.
667 540 764 572 Hanc
787 540 947 571 librorum

0 615 2 619 .
21 581 135 620 'turam
180 589 201 620 b
218 587 316 619 Eust.
344 597 379 628 p.
402 584 511 628 1514,
536 583 593 619 22.
637 587 739 620 Suida
755 598 786 618 ν.
809 583 947 631 ἔκτιμος

0 643 118 669 ,ωηατ-υ.
140 644 174 676 p.
197 631 265 667 653
290 638 575 666 commemoratam
601 634 754 666 defendit
777 637 811 665 et
835 634 947 675 expli-

0 679 126 715 lSeidl.
148 682 187 713 ad
206 682 287 713 Eur.
309 681 363 713 El.
378 678 459 713 442.
489 682 615 714 Sensus
633 685 685 712 est
701 678 849 727 ἴσχουσα
865 673 949 719 m&-

0 733 42 763 ἀς
63 726 152 774 γόων
176 727 262 761 ὥστε
288 727 337 774 μὴ
363 729 467 773 τιμᾶν
486 726 565 765 τοὺς
582 725 714 773 γονέας.
758 729 877 760 Aotive
895 728 947 759 di-

0 776 28 808 i‘n
52 776 174 816 igitur,
203 785 270 807 non
297 779 335 808 ut
359 773 398 808 τὸ
422 772 487 814 ἔξω
512 775 820 820 τιμῆζείςηίᾒοοι,
847 785 947 815 quam

0 823 106 858 ntatliii
115 822 306 863 opinionem
315 824 389 855 siue
399 823 607 854 dubitatione
617 823 819 863 sequebatur
828 822 943 854 Valck.

0 871 32 904 ἵε.
51 879 86 911 p.
110 866 176 902 197
192 879 221 901 a.

3 919 195 962 Ἐκτῗνω
220 925 302 971 (to)
327 929 429 960 solvo.
483 928 567 960 Cum
594 927 709 960 tuendi
733 928 947 966 adsignifica-

0 979 27 1007 ιο
43 975 171 1007 dictum
188 973 353 1020 πατρῷον
371 971 399 1007 δ’
416 972 558 1009 ἐκτίνεις
572 973 633 1008 τιν’
649 971 758 1008 ἆθλον
775 976 856 1006 Ant.
877 971 946 1006 856

0 1018 177 1059 ’,ἐκτελεῖς
195 1019 384 1066 Donalds.].
431 1023 559 1054 Vitiose
584 1023 672 1054 libri.
702 1019 880 1062 ἐκτείνεις,
909 1026 948 1053 ut

30 1064 87 1110 99,
116 1069 175 1100 ubi
194 1066 272 1113 μίαν
290 1066 405 1115 ψυχὴν
422 1062 496 1102 τάδ’
513 1066 710 1102 ἐκτίνουσαν
737 1068 871 1100 Canter.
894 1078 948 1100 re-

0 1115 58 1153 uit.
102 1117 195 1147 Inest
221 1116 274 1147 hio
291 1125 356 1148 non
374 1116 486 1148 luendi
503 1117 559 1147 sed
579 1116 683 1158 officii
700 1115 849 1147 solvendi
866 1125 945 1146 sen-

0 1156 4 1196 ἶ
47 1163 203 1194 Doederl.
231 1172 323 1194 nuno
347 1164 382 1195 in
409 1163 556 1195 editione
581 1173 641 1195 sua
657 1163 777 1204 Oedipi
802 1163 946 1194 affirmat

0 1202 114 1245 lineari
130 1211 249 1256 χεῖρας
267 1207 483 1244 ἐκτείνουσαν
502 1207 588 1255 μετὰ
603 1208 723 1243 λιτῶνε
753 1219 945 1250 quanquam

12 1257 174 1298 quomodo
198 1254 354 1290 ἐκτείνειν
380 1258 469 1289 nude
495 1258 621 1289 dictum
647 1258 687 1289 de
711 1257 867 1288 manibus
893 1257 946 1287 in-

32 1304 40 1312 ”
74 1304 198 1345 possit,
235 1314 297 1335 nec
330 1305 492 1344 quomodo
517 1308 605 1336 recte
631 1305 761 1336 dicatur
786 1301 944 1337 ἐκτείνειν

8 1368 32 1392 χ,
69 1359 131 1382 nec
155 1351 215 1391 qui
236 1351 271 1382 in
297 1353 440 1382 aiiimain
468 1352 579 1391 cadat,
608 1357 647 1382 ut
673 1361 791 1382 manus
815 1351 940 1391 tendat,

34 1407 110 1429 uam
126 1399 349 1439 perspexerit.
394 1399 444 1430 De
470 1399 590 1430 mendo
612 1399 670 1430 illo
687 1400 730 1429 ef.
752 1398 886 1429 Martin.
908 1398 944 1429 in

6 1458 53 1480 21·-
73 1454 107 1486 p.
129 1441 208 1476 642.
230 1441 310 1476 673.
341 1463 382 1469 —
406 1445 555 1477 Medium
580 1445 744 1477 vindictae
769 1444 945 1476 sumendae

10 1491 252 1523 vilicationem
276 1492 386 1524 habet.
432 1490 515 1538 ὅσην
537 1489 613 1526 κατ’
638 1490 748 1525 αὐτῶν
771 1489 865 1538 ὕβριν
884 1490 945 1525 ἐκ-

6 1551 9 1562 ¹
41 1549 60 1572 ο
77 1539 132 1571 Ai.
153 1535 233 1570 304.
263 1539 387 1579 Musgr.
409 1540 495 1571 coni.
517 1538 695 1573 ἐκτίσοιτο.

11 1579 244 1631 ἶῖΕκτοθεν
270 1597 363 1638 foris.
403 1598 482 1629 hob.
503 1597 598 1629 Path.
622 1595 658 1638 1,
688 1594 756 1629 610
795 1595 898 1643 τήνδε
918 1591 946 1629 δ’

7 1642 27 1674 ‘3
38 1654 73 1677 εν
107 1642 191 1689 βοᾶν
224 1641 265 1677 ἔα
297 1645 350 1676 El.
378 1642 448 1676 802
479 1645 527 1676 sic
552 1648 642 1676 recte
667 1645 743 1676 LA:
784 1642 945 1678 ἔκτοσθεν

10 1706 42 1724 .
68 1692 244 1732 pleraque,
277 1695 316 1723 ut
348 1692 474 1732 ubique
506 1702 524 1723 a
558 1692 699 1723 librariis
733 1692 875 1723 inlatum
903 1702 945 1723 ne

10 1770 15 1778 ,
35 1739 188 1780 quidem
214 1739 342 1770 ratione
365 1739 487 1770 habita.
519 1749 549 1770 ν.
580 1739 681 1770 Dind.
708 1740 760 1770 ed.
781 1740 844 1771 Ox.
867 1736 887 1770 3
905 1740 944 1770 ad

13 1781 88 1832 J-
109 1787 159 1817 De
177 1789 254 1817 tono
271 1796 303 1817 v.
325 1786 434 1827 Apoll.
456 1786 496 1817 de
514 1786 587 1817 adv.
610 1795 642 1826 p.
665 1782 744 1822 605,
769 1784 821 1817 15.

14 1838 78 1882 Ex.
86 1842 132 1876 τό
142 1854 165 1876 π
177 1854 237 1880 ιος
253 1847 393 1875 amotus.
414 1841 554 1889 ἀπάγετ’
569 1841 724 1877 ἐκτόπιόν
734 1855 776 1888 με
786 1844 844 1875 OR
857 1842 946 1876 1340

18 1892 72 1924 οῦ
89 1892 188 1936 κυρεῖ
203 1889 360 1924 ἐκτόπιος
374 1887 487 1927 συθείς
502 1891 556 1922 OC
571 1888 635 1922 119
646 1892 696 1922 Cli.
720 1901 781 1931 quo
797 1893 946 1922 secessit?

16 1934 132 1971 'vocat'
152 1935 311 1971 ἐκτοπίαν
325 1936 434 1984 φλόγα
450 1936 609 1982 πήματος
623 1938 680 1970 OR
697 1935 762 1970 166
773 1939 823 1970 ch.
846 1939 940 1971 Suid.

31 1981 144 2018 ύσατε.
174 1986 225 2016 De
244 1985 341 2016 Eust.
363 1995 395 2026 p.
417 1982 498 2023 488,
520 1982 564 2016 33
581 1985 747 2016 incertum
766 1990 834 2025 est,
856 1986 945 2016 hunc

23 2041 91 2070 ,um
109 2033 215 2063 locum
234 2033 431 2072 respexerit.
462 2032 563 2063 Recte
582 2042 670 2063 unus
688 2033 789 2064 schol.
811 2042 853 2064 ex
871 2043 946 2073 pro-

21 2079 195 2120 ¹explicat,
217 2077 438 2118 ἐξετοπίσατε,
460 2075 640 2124 ὑπερόριον
659 2077 854 2124 ἐποιήσατε.

20 2130 222 2174 Εκτοπος
247 2140 398 2168 remotus.
450 2134 598 2182 ἄρουραν
625 2136 770 2171 ἔκτοπον
802 2139 855 2169 Tr.
885 2135 941 2169 32.

24 2180 33 2206 'v‘
49 2181 201 2230 ἑδράνων
218 2182 319 2217 πάλιν
339 2182 484 2220 ἔκτοπος
503 2182 586 2218 ἐκθο
610 2196 625 2217 ε
644 2185 698 2217 ΟΟ
712 2182 780 2216 233
799 2185 849 2216 ch.
873 2186 895 2216 i.
909 2196 941 2226 q.

19 2237 23 2239 “
77 2231 184 2271 aufer.
228 2232 377 2271 Respicit
400 2231 498 2263 Eust.
527 2242 560 2272 p.
605 2229 669 2271 88,
698 2229 753 2264 35.
777 2250 817 2254 -
837 2232 946 2263 Aliter

26 2286 56 2309 ·r
68 2302 76 2316 ,
92 2280 301 2318 pereyrinum
318 2278 470 2319 proprie,
498 2278 577 2310 inde
595 2279 740 2310 alienum
758 2283 792 2310 et
809 2280 944 2310 omnino

26 2360 30 2365 ἴ
71 2325 341 2365 qualemcunque
374 2325 568 2364 significans
601 2323 688 2368 αὑτὴ
713 2325 796 2370 πρὸς
821 2324 941 2371 αὑτῆς,

40 2382 71 2408 ς
101 2370 184 2416 πρὸς
204 2370 351 2405 ἐκτόπου
376 2368 575 2416 (τέθνηκεν)
599 2373 654 2404 Tr.
679 2370 778 2404 1132.
826 2375 943 2414 Inepte

51 2416 166 2474 ε’ἀντὶ
183 2421 263 2459 τοῦ,
290 2417 345 2451 ὑπ’
368 2416 476 2452 ἄλλου
503 2417 612 2458 ξένου.
658 2421 784 2451 Debuit
809 2417 944 2453 ὑπ’ἅλ-

21 2475 117 2512 Ν-Ὶνος.

23 2547 24 2550 ,
57 2534 159 2565 κτος
176 2527 293 2555 sextus.
325 2521 423 2560 ἕκτος
441 2522 477 2556 δὲ
496 2521 757 2570 Παρθενοπαῖος
771 2524 825 2556 OG
839 2521 938 2556 1320.

26 2570 39 2618 {j
51 2563 86 2608 ἐξ
102 2567 275 2607 Αἰτωλίας
293 2571 345 2602 ΕΙ.
367 2568 446 2602 704.
477 2568 573 2604 ἕκτον
592 2570 717 2616 δρόμον
735 2569 814 2603 726.

34 2627 162 2666 ’κτός
186 2628 202 2670 ΙΙ
217 2632 318 2661 extra.
364 2629 499 2670 Proprie
522 2630 660 2661 dictum.
692 2626 815 2663 οὔκουν
834 2627 868 2673 μ’
885 2628 943 2662 ἐοί-

26 2674 145 2714 ,κτὸς
162 2673 207 2715 εἷ;
230 2676 287 2708 OR
305 2673 372 2707 676
389 2677 431 2707 de
449 2677 577 2707 exsule.
607 2674 644 2709 αἵ
658 2671 688 2708 τ’
704 2674 788 2709 ε’ίσω
807 2675 939 2722 στέγης,

26 2718 127 2759 ’ὀιτὸς
144 2720 253 2767 αὐλῆς
273 2723 327 2754 Tr.
344 2719 425 2755 203.
453 2720 580 2766 ἤθελον
600 2721 627 2756 δ’
643 2720 683 2756 ἂν
702 2722 800 2760 ἐκτὸς
819 2722 864 2755 ὢν
881 2734 940 2756 τυ-

73 2794 80 2800 .
101 2766 147 2801 88
165 2769 280 2800 abesse.
317 2767 380 2802 οὐκ
398 2768 494 2806 ἐκτός
510 2768 571 2813 (sc.
593 2768 705 2813 ἅπει);
729 2767 807 2802 369.
852 2767 942 2816 γθο-

28 2831 44 2861 -3
58 2813 102 2848 δ’
119 2814 216 2853 ἐκτός
234 2813 383 2847 ΕΙ..382.
413 2815 509 2853 ἐκτὸς
527 2815 630 2850 οἴκων
652 2814 752 2848 1136.
772 2835 811 2840 -
831 2816 846 2858 ΙΙ
864 2810 943 2848 ‘'sra-

29 2859 152 2907 ,ἧῖἐκτὸς
178 2860 259 2895 ὄντα
282 2861 453 2908 πημάτων
470 2864 529 2895 Ph.
551 2861 630 2895 504.
676 2862 759 2896 ἴσως
783 2861 823 2896 ἂν
849 2862 945 2896 ἐκτὸς

42 2908 141 2942 ’των
167 2907 261 2956 ἔχοις
285 2908 374 2943 πόδα
394 2907 499 2950 1260,
529 2921 627 2951 quam
656 2912 855 2942 locutionem
883 2920 944 2941 ex-

31 2975 49 3001 :¹
88 2960 126 2988 nt
151 2957 257 2989 Stanl.
287 2957 326 2988 ad
352 2957 474 2988 Aesoh.
503 2957 582 2989 Cho.
605 2954 684 2989 695.
729 2958 838 2988 Prom.
859 2954 940 2989 263.

114 3003 154 3034 ad
171 2999 356 3043 Sept.271.
385 3002 512 3036 *οὐδὲν
532 3001 626 3049 ἕρπει
644 3002 741 3040 ἐκτὸς
759 3002 841 3040 ἄτας
860 3005 940 3035 Ant.

91 3047 192 3093 [quae
211 3051 350 3081 lacunae
369 3051 576 3091 supplendae
594 3061 694 3083 causa
710 3061 752 3082 ex
773 3061 802 3082 v.
824 3048 893 3082 618
910 3054 944 3082 et

55 3105 58 3114 ·
75 3099 122 3127 ta
139 3097 264 3128 delevit
281 3094 417 3140 Dind.].
461 3097 603 3141 πράσσει
621 3096 648 3129 δ’
667 3095 840 3143 ὀλιγοστὸν
858 3095 945 3143 χρό-

49 3146 57 3178 j
77 3148 108 3174 ς
122 3139 207 3180 ἄτας
225 3139 293 3174 625
311 3143 362 3175 ch.
407 3142 503 3181 ἐκτός
520 3142 584 3177 εἰσι
600 3148 668 3177 τῶν
685 3148 802 3178 κακῶν
821 3145 939 3183 Phryg.

66 3196 78 3230 ‚'
94 3186 127 3221 3.
142 3207 182 3212 —
194 3191 246 3221 De
263 3193 392 3221 mutata
408 3191 568 3222 sentiendi
585 3201 611 3222 s.
633 3191 779 3231 faciendi
795 3193 922 3222 ratione
933 3202 942 3220 :

30 3254 32 3258 ·
108 3234 265 3282 ντρόφοις
287 3234 404 3282 ὀργαῖς
424 3235 589 3281 ἔμπεδος,
618 3235 693 3271 ἀλλ’
712 3236 809 3274 ἐκτὸς
828 3235 945 3281 ὁμιλεῖ

62 3282 79 3311 13
102 3282 154 3313 ch.
213 3284 265 3314 lta
288 3284 465 3324 aliquando
490 3284 607 3329 παρά
638 3288 750 3316 contra
783 3285 943 3325 explicari

32 3326 34 3336 '
65 3354 74 3366 2
94 3333 129 3360 et
162 3340 236 3360 cum
270 3339 308 3361 ea
338 3332 582 3372 praepositione
609 3333 825 3371 coniungitur
849 3332 940 3363 aden.

33 3417 35 3420 .
70 3399 72 3401 -
100 3373 199 3413 πίδος
222 3376 364 3422 γνώμης
386 3375 414 3409 τ’
439 3376 526 3422 ἐμῆς
553 3376 676 3415 σωθείς
701 3379 782 3410 Ant.
804 3376 883 3410 330.
920 3376 944 3422 ἠ

33 3421 36 3480 γ
129 3421 186 3456 καὶ
203 3420 281 3469 παρ’
298 3421 436 3461 ἐλπίδας
453 3423 546 3471 χαρά
563 3421 651 3466 392,
672 3435 758 3466 quae
775 3426 874 3457 verba
891 3435 944 3457 re-

689 157 927 229 Ἐκτιμάω
952 142 1050 201 -1’
1060 163 1267 232 Εκφέρω

479 283 520 314 fr.
541 279 587 315 68
611 283 652 314 de
677 282 824 324 praemio
841 284 948 314 certa-
965 279 970 359 γ

1899 169 1999 216 229

985 281 1085 323 spicit
1102 281 1201 314 Ense.
1222 291 1256 322 p.
1281 278 1383 322 1275,
1403 278 1460 314 25.
1494 278 1678 322 1922„49.
1710 279 1810 323 1959,
1833 280 1889 315 31.
1909 302 1949 307 -
1969 284 1983 326 ιι

985 329 1159 367 Abusione
1177 326 1276 365 ἐκτός
1301 338 1372 360 eam
1391 330 1596 369 provinciam
1616 330 1756 370 invasit,
1787 334 1826 361 ut
1841 330 1932 371 foras
1949 332 1997 362 si—

985 376 1176 417 gnificaret3
1197 377 1328 417 proprie
1341 387 1350 408 e
1363 374 1402 409 σὺ
1414 373 1442 408 δ’
1452 374 1550 412 ἐκτὸς
1561 369 1642 422 ᾖξας
1653 375 1736 421 πρὸς
1752 374 1800 416 τίς
1826 377 1877 408 El.
1895 374 1994 410 1402.

985 420 1120 468 ἔρριψεν
1145 420 1243 460 ἐκτὸς
1269 420 1371 456 αὐτόν
1395 423 1450 455 Tr.
1471 419 1551 454 269.
1597 421 1654 456 καί
1678 420 1707 455 σ’
1733 421 1829 460 ἐκτὸς
1854 422 1998 457 αὐλείων

984 468 1103 503 πυλῶν
1121 467 1311 514 ἐξέπεμπον
1329 470 1411 501 Ant.
1434 467 1495 507 18;
1518 470 1653 502 tralate:
1675 468 1705 502 εἰ
1722 467 1750 502 δ’
1768 469 1864 508 ἐκτὸς
1882 468 1999 509 ἔλθοις

986 517 1041 549 Tr.
1067 514 1167 550 1189.
1197 517 1328 549 Schol.:
1358 514 1389 549 εί
1405 526 1497 562 παρα
1523 514 1600 561 αίης
1616 515 1695 554 τοὺς
1714 515 1849 563 ὅρκους.
1880 537 1920 542 -
1948 520 1998 551 De

984 568 1062 597 tono
1078 575 1110 595 v.
1131 564 1240 605 Apoll.
1262 564 1303 595 de
1321 564 1394 596 adv.
1414 573 1448 604 p.
1469 562 1490 595 5
1518 562 1551 604 5,
1572 561 1629 596 24.
1657 566 1734 596 Arc.
1756 575 1790 606 p.
1811 563 1868 603 80,
1893 563 1946 597 12.

1048 614 1185 656 ”Εκτο
1197 619 1299 655 σθεν
1325 634 1356 655 v.
1387 611 1539 656 ἔκτοθεν.
1795 620 1826 666 (1
1844 633 1878 664 p.
1899 621 2001 668 571.)

1053 676 1277 727 Ἐκτρέπω
1310 684 1431 713 averto.
1478 679 1546 727 ἐγώ
1572 691 1633 727 σφε
1659 680 1743 725 πρὸς
1767 679 1910 726 ποίμνας
1937 680 1997 715 ἐκ-

982 725 1098 772 τρέπω
1115 728 1170 759 Αἰ.
1188 725 1244 760 53.
1276 726 1340 772 τήν
1357 739 1393 761 τε
1411 725 1544 773 δρῶσαν
1563 723 1735 773 ἐκτρέπεις
1754 729 1804 759 ΕΙ.
1828 726 1896 761 350
1917 739 1997 770 pro-

985 774 1067 806 hibes
1084 785 1102 806 a
1119 776 1322 816 perficiendo
1332 776 1479 807 oonsilio.
1497 794 1536 798 —
1544 776 1641 815 pello.
1654 773 1713 808 τὸν
1726 773 1932 821 ἐκτρέποντα
1941 776 1999 808 0Ιί

983 818 1052 853 806
1069 831 1113 853 sc.
1129 819 1169 854 ἐκ
1180 824 1244 868 τῆς
1260 820 1356 856 ὁδοῦ.
1392 823 1539 854 Medium
1562 827 1613 854 est
1626 821 1746 863 devito,
1769 827 1802 854 et
1816 823 1931 854 tralato
1945 825 1999 855 in-

983 869 1081 910 fitior.
1115 866 1146 900 εἰ
1164 866 1192 900 δ’
1208 867 1267 902 οὖν
1284 880 1316 902 τι
1333 866 1561 915 κάκτρέποιτο
1578 871 1639 902 τοῦ
1658 866 1804 915 πρόσθεν
1821 867 1923 916 λόγου
1940 871 1998 902 ΟΒ

983 912 1063 947 851.
1093 916 1195 947 Recte
1212 917 1293 948 dicit
1305 917 1403 948 Tricl.
1418 921 1590 957 sumptum
1608 928 1626 948 a
1643 917 1892 948 declinantibus
1909 928 1927 948 a
1945 918 1998 949 via

983 966 1017 994 et
1034 963 1223 994 traductum
1241 961 1297 996 ἐπὶ
1313 966 1383 996 τῶν
1401 961 1469 997 ἀπό
1486 974 1576 1000 τινος
1594 961 1644 1000 εἷς
1657 973 1689 995 τι
1703 962 1994 1008 μεταπιπτόντων.

1053 1017 1279 1067 Ἔκτρέφω
1304 1024 1443 1054 enutrio.
1490 1020 1507 1055 ὁ
1533 1019 1689 1068 γίγαντας
1707 1019 1806 1067 ἐκτρέ
1834 1034 1881 1055 ων
1899 1019 1996 1055 Πάλ-

981 1066 1043 1105 λας
1063 1069 1146 1108 Aeg.
1168 1070 1207 1100 fr.
1234 1066 1286 1109 19,
1308 1066 1341 1100 4.
1372 1080 1402 1101 v.
1425 1066 1533 1115 γίγας.
1550 1087 1589 1092 -
1611 1067 1641 1102 εἰ
1658 1067 1809 1114 κακόβου
1835 1080 1871 1106 ος
1890 1081 1913 1114 φ
1937 1081 1996 1103 ον-

981 1114 1031 1152 τὶς
1056 1113 1213 1162 ἐκτρέφει
1245 1114 1303 1149 τὸν
1335 1114 1483 1149 εὐαίωνα
1508 1113 1655 1149 πλοῦτον
1684 1117 1759 1148 Ter.
1788 1117 1828 1149 fr.
1858 1114 1899 1148 51
1937 1142 1943 1157 ,
1973 1114 1995 1148 6

981 1160 1075 1205 (olim
1095 1160 1174 1203 718,
1196 1159 1245 1206 3).
1286 1160 1421 1206 [Bergk.
1443 1166 1531 1195 reete
1556 1165 1669 1204 posuit
1693 1161 1871 1209 ἐκστρέφει
1888 1175 1919 1205 q.
1945 1162 1996 1207 v.]

981 1207 1045 1246 *ὃς
1079 1207 1219 1255 ἐξέφυσε
1249 1207 1439 1256 κάξέθρεψέ
1465 1221 1506 1255 με
1539 1211 1597 1242 OR
1619 1207 1686 1242 827
1714 1207 1807 1253 [secl.
1838 1209 1991 1255 Wund.]‚

981 1257 1038 1287 ubi
1057 1261 1170 1288 contra
1195 1258 1395 1297 optimorum
1423 1258 1580 1289 librorum
1608 1258 1706 1289 fldem
1732 1261 1866 1298 propter
1885 1260 1993 1290 fictam

980 1304 1183 1344 prothysteri
1201 1305 1400 1344 elegantiam
1420 1305 1492 1336 Erf.
1512 1309 1547 1336 et
1572 1306 1701 1337 Sohaef.
1729 1305 1806 1336 mel.
1829 1315 1874 1336 cr.
1895 1316 1928 1347 p.
1954 1302 1996 1337 16

982 1352 1055 1382 etl.
1077 1361 1104 1382 c.
1127 1347 1287 1397 ἐξέθρεψε
1311 1349 1479 1397 κάξέφυσέ
1505 1362 1547 1396 με
1573 1352 1791 1392 scripserunt.
1837 1350 1910 1385 οἷον
1927 1350 1995 1398 ἆρά

982 1408 1024 1442 με
1040 1395 1170 1435 κάλλος
1187 1401 1304 1431 κακῶν
1323 1396 1472 1432 ὕπουλον
1491 1397 1694 1445 ἐξεθρέψατε
1713 1399 1770 1430 On
1791 1396 1890 1431 1396.
1923 1400 1994 1431 Me-

981 1444 1074 1476 dium
1091 1450 1180 1476 certe
1199 1446 1233 1476 in
1252 1447 1372 1477 aoristo
1390 1447 1430 1477 ab
1448 1447 1554 1477 activo
1573 1456 1675 1477 seusu
1692 1454 1758 1476 non
1779 1447 1911 1478 videtur
1926 1447 1995 1478 dis-

981 1502 1126 1532 crepare.
1181 1489 1260 1525 ὅθεν
1295 1503 1331 1525 σε
1364 1490 1542 1531 κάξέσωσα
1565 1490 1830 1538 κάξεθρεψάμην
1859 1494 1910 1525 ΕΙ.
1935 1491 1989 1525 13.

981 1536 1038 1572 καί
1063 1537 1091 1570 σ’
1116 1535 1318 1584 ἐθρεψάμην
1339 1540 1441 1572 schol.
1464 1541 1501 1572 Il.
1523 1538 1563 1580 2,
1587 1538 1667 1571 485.
1712 1538 1865 1573 ἄπλατον
1884 1538 1993 1583 ἀξύμ-

983 1583 1109 1631 βλητον
1127 1583 1364 1631 ἐξεθρεψοίμην
1381 1588 1502 1620 Lemn.
1525 1589 1563 1618 fr.
1582 1585 1661 1619 350.
1691 1588 1784 1626 Quae
1802 1588 1830 1618 si
1848 1589 1924 1628 quis
1944 1598 1996 1619 re-

982 1634 1104 1664 flexive
1122 1634 1187 1664 dici
1205 1634 1296 1675 vult,
1323 1634 1402 1665 mihi
1418 1634 1532 1675 eduxi,
1562 1644 1623 1665 nec
1647 1638 1746 1675 aptus
1773 1638 1826 1666 est
1843 1639 1876 1666 et
1893 1645 1995 1675 quae-

982 1681 1068 1711 situs
1086 1681 1114 1711 is
1133 1690 1264 1713 sensus.

1053 1734 1281 1784 Ἐκτρέχω
1305 1749 1450 1771 eoeeurro.
1514 1741 1562 1771 De
1596 1750 1815 1781 praepropere
1849 1741 1994 1772 faciente

981 1786 1107 1817 dictum
1126 1783 1348 1829 κάμοίνθανον
1372 1785 1428 1819 τὸν
1451 1784 1562 1831 θυμὸν
1581 1785 1794 1832 ἐκδραμόντα
1812 1797 1870 1831 μοι
1888 1785 1994 1831 μείζω

982 1830 1154 1878 κολαστὴν
1170 1837 1240 1866 τῶν
1258 1832 1334 1879 πρὶν
1351 1831 1607 1878 ἡμαρτημένων
1626 1834 1682 1866 OC
1700 1831 1779 1866 433.

1051 1883 1268 1937 Ἔκτρίβω
1301 1895 1378 1923 tero.
1431 1890 1466 1925 ἐν
1498 1890 1649 1938 πέτροισι
1683 1891 1805 1937 πέτρον
1830 1890 1993 1936 ἐκτρίβων

982 1939 1042 1969 Ph.
1088 1935 1156 1970 296
1205 1935 1392 1983 [ἐκθλίβων
1432 1940 1510 1979 LA,
1555 1950 1609 1984 τρι
1650 1941 1690 1970 ab
1731 1941 1752 1971 S
1794 1937 1990 1983 superscr.].

983 1986 1196 2017 Transfertur
1221 1987 1262 2017 ad
1287 1986 1474 2017 conterendi
1499 1991 1533 2018 et
1558 1987 1751 2027 conficiendi
1776 1987 1994 2025 significatio-

982 2042 1070 2063 nem.
1115 2036 1234 2070 κακῶς
1258 2044 1308 2065 νιν
1331 2031 1490 2078 ἐκτρῖψαι
1509 2031 1582 2078 βίον
1600 2034 1657 2065 OR
1674 2030 1754 2065 248.
1800 2033 1845 2064 Et
1861 2034 1902 2064 de
1916 2043 1992 2073 per-

981 2079 1070 2110 dito.-
1098 2081 1157 2113 σοῦ
1182 2078 1246 2125 γὰρ
1272 2078 1336 2112 οὐκ
1362 2078 1451 2112 ἐστιν
1478 2078 1609 2126 βροτῶν
1631 2079 1753 2113 κάκιον
1771 2077 1862 2117 ὅστις
1881 2078 1993 2125 ἐκτρι-

982 2125 1122 2171 βήσεταί
1140 2138 1220 2160 ποτε
1239 2124 1306 2158 428
1319 2153 1326 2167 ,
1354 2128 1438 2168 quod
1458 2129 1551 2159 Suid.
1575 2130 1670 2158 affert
1690 2139 1719 2158 v.
1741 2125 1990 2172 ἐκτριβήσεται.

983 2175 1022 2205 V.
1044 2174 1159 2205 Herm.
1181 2175 1220 2205 ad
1239 2176 1309 2205 lon.
1331 2171 1353 2205 2
1379 2178 1412 2205 et
1430 2175 1530 2206 Seidl.
1565 2185 1618 2215 ap.
1647 2175 1792 2205 eundem
1817 2175 1849 2205 in
1870 2177 1989 2215 prael„

981 2224 1014 2251 et
1040 2222 1081 2251 cf.
1111 2221 1249 2252 Wessel.
1276 2222 1314 2252 ad
1341 2221 1462 2252 Herod.
1494 2219 1531 2259 7,
1564 2218 1640 2253 120.
1687 2222 1755 2252 Hoc
1781 2221 1916 2252 comicis
1942 2225 1993 2252 est

981 2265 1229 2312 ἐπιτρίβεσθαι,
1258 2268 1343 2308 quod
1370 2268 1544 2307 dignitatis
1563 2279 1661 2299 causa
1678 2269 1845 2308 tragoedia
1862 2269 1991 2299 devita-

982 2315 1039 2345 vit.
1063 2333 1102 2337 —
1126 2316 1175 2345 De
1196 2315 1248 2346 El.
1271 2312 1340 2346 512
1367 2326 1395 2345 v.
1417 2313 1579 2360 ἐκρίπτω.

1044 2365 1220 2418 Ἵῧκτωρ
1247 2383 1280 2405 n.
1309 2383 1358 2414 pr.
1385 2383 1474 2405 nom.
1512 2366 1650 2419 Ἵ·’,κτωρ
1676 2373 1730 2404 Ai.
1759 2370 1854 2403 1027.
1890 2370 1988 2404 1029.

981 2420 1084 2458 Synd.
1114 2421 1152 2450 fr.
1181 2417 1265 2459 152,
1294 2418 1326 2451 4.
1367 2438 1406 2442 —
1442 2430 1514 2459 yen.
1536 2413 1703 2465 Ἕκτορος
1729 2421 1783 2450 Ai.
1806 2416 1884 2450 662.
1906 2418 1986 2451 817.

984 2463 1082 2498 1279.
1108 2464 1208 2498 1283.

1050 2519 1276 2571 Ἐκφαίνω
1302 2529 1538 2565 commonstro,
1566 2525 1666 2556 reddo
1691 2525 1917 2565 manifestum.
1962 2524 1991 2557 εἰ

980 2572 1028 2617 μὴ
1062 2571 1119 2605 τὸν
1154 2570 1337 2618 αὐτόχειρα
1370 2567 1541 2618 ἐκφανεῖτἸ
1576 2570 1610 2605 ἐς
1642 2569 1844 2617 ὀφθαλμοὺς
1887 2569 1991 2615 ἐμούς

980 2620 1060 2651 Ant.
1082 2616 1162 2650 307.
1205 2618 1244 2651 τὸ
1269 2617 1423 2665 κρυφθὲν
1450 2618 1610 2665 ἐκφανεῖς
1634 2617 1822 2662 ἀνάκτορον
1849 2620 1889 2649 fr.
1922 2620 1986 2650 inc.

978 2663 1058 2705 696,
1079 2663 1100 2697 4
1119 2666 1158 2697 de
1177 2662 1356 2706 aperiendo
1374 2676 1501 2697 arcano.
1540 2666 1587 2703 ὡς
1602 2665 1641 2699 τὸ
1661 2663 1812 2699 Πυθικὸν
1832 2667 1991 2710 μαντεῖον

980 2710 1137 2758 ἐξέφηνεν
1155 2710 1279 2757 ἀρτίως
1297 2710 1374 2757 ἐμοί
1393 2712 1450 2744 OR
1467 2710 1547 2745 243.
1593 2711 1632 2745 οὐ
1658 2711 1706 2758 μή
1725 2723 1807 2745 ποτε
1824 2711 1866 2745 τὰ
1885 2706 1912 2743 σ’
1930 2710 1990 2745 ἐκ-

979 2757 1079 2804 φήνω
1096 2759 1189 2793 κακοί
1207 2756 1285 2791 329.
1324 2771 1354 2790 v.
1385 2757 1423 2792 οὐ
1454 2759 1516 2805 μή.
1548 2778 1588 2783 -
1617 2761 1755 2799 Passio,
1786 2760 1873 2800 quod
1894 2760 1991 2798 vulgo

978 2806 1123 2837 medium
1149 2810 1284 2846 vocant,
1318 2810 1371 2838 est
1402 2817 1556 2846 apparere
1579 2807 1767 2847 manifesto.
1813 2804 1939 2839 δίκαιοι
1964 2800 1992 2837 δ’

979 2850 1078 2890 αὖθις
1103 2851 1348 2898 ἐκφανοὺμεθα
1371 2854 1432 2884 Ph.
1454 2851 1510 2885 82.
1548 2853 1587 2887 σὺ
1607 2852 1668 2897 μὲν
1693 2852 1757 2898 γὰρ
1783 2847 1919 2886 οὐδ’....
1934 2851 1991 2885 ἐκ-

979 2902 1079 2946 φανεῖ
1105 2899 1197 2942 κακή
1223 2901 1280 2932 OR
1308 2897 1406 2931 1063.
1453 2903 1580 2946 σημεῖα
1609 2895 1637 2932 δ’
1661 2897 1738 2932 οὔτε
1764 2897 1884 2945 θηρὸς,
1913 2897 1991 2932 οὔτε

978 2958 1038 2979 του
1056 2952 1168 2979 κυνῶν
1186 2945 1378 2992 ἐξεφαίνετο
1397 2947 1477 2978 Ant.
1498 2945 1577 2979 258.

1049 3002 1264 3052 Ἐκφέρω.
1286 3004 1300 3046 ΙΙ
1318 3005 1452 3046 Proprie
1469 3006 1577 3046 effero,
1596 3006 1742 3045 profero.
1773 3001 1888 3051 ἔκφερ’
1909 3003 1990 3038 αὐτό

980 3052 1039 3084 ΡΙι.
1061 3050 1125 3084 651
1145 3052 1288 3092 profero.
1342 3050 1453 3095 οἴμοι,
1486 3050 1545 3085 τίνΊ
1572 3051 1773 3097 ἐξήνεγκας,
1804 3052 1832 3085 ὦ
1856 3051 1987 3092 τέκνον,

978 3097 1079 3144 λόγον
1099 3100 1154 3130 Tr.
1173 3096 1251 3129 741.
1275 3116 1314 3121 —
1336 3098 1349 3139 ΙΙ
1369 3099 1522 3137 Figurate
1540 3099 1622 3130 duco
1641 3111 1658 3130 a
1676 3101 1852 3139 sagacitate
1870 3109 1989 3130 canum

980 3150 1112 3186 sumpta
1131 3145 1289 3186 loquendi
1306 3147 1457 3177 formula.
1487 3144 1523 3179 εὖ
1542 3144 1579 3178 δέ
1597 3143 1624 3177 σ’
1642 3144 1778 3192 ἐκφέρει
1794 3145 1896 3183 κυνὸς
1914 3142 1991 3180 Λα-

979 3191 1101 3236 καίνης
1118 3191 1164 3229 ὥς
1181 3203 1231 3228 τις
1249 3189 1378 3237 εὔρινος
1404 3190 1499 3236 βάσις
1524 3194 1578 3224 Ai.
1600 3190 1621 3223 7
1638 3194 1841 3225 illustratum
1861 3194 1990 3234 copiose

981 3250 999 3270 a
1019 3240 1113 3272 hob..
1134 3243 1351 3270 memoratum
1377 3249 1395 3270 a
1421 3241 1514 3271 Suid.
1544 3251 1575 3271 v.
1599 3237 1713 3283 βοίσις,
1741 3236 1888 3284 εὔρινος,
1916 3236 1990 3274 Ad-

980 3296 1091 3326 καινα,
1113 3286 1177 3317 ΕΜ
1196 3297 1227 3316 v.
1248 3284 1421 3330 τρίβακος.
1451 3287 1539 3318 Dein
1560 3289 1760 3318 transfertur
1776 3288 1817 3318 ad
1833 3289 1992 3318 vaticinia

980 3336 1096 3363 eventu
1113 3333 1330 3372 comprobata.
1375 3331 1461 3377 ὁρᾷς
1484 3331 1526 3365 τὰ
1551 3332 1649 3366 τοῦδε
1676 3333 1722 3370 ὡς
1749 3332 1784 3370 ἐς
1811 3330 1912 3378 ὀρθὸν
1931 3332 1991 3366 ἐκ-

981 3378 1076 3425 φέρει
1093 3376 1312 3424 μαντεύματα
1328 3380 1382 3411 OG
1404 3377 1502 3419 1424,
1525 3381 1565 3411 ad
1582 3390 1681 3421 quani
1699 3382 1901 3412 sententiam
1919 3381 1991 3412 ele-

980 3435 1062 3467 gans
1081 3430 1151 3467 est,
1181 3427 1238 3458 sed
1265 3435 1331 3458 non
1349 3428 1534 3459 necessaria
1553 3428 1727 3467 Tyrwhitti
1746 3425 1859 3471 [quam
1877 3437 1987 3468 recep.
