2288 3600
198 0 678 45 ewam*
718 0 723 12 ἲ
746 0 754 5 ’·
785 2 802 7 Δ·
1003 3 1006 5 ·

3 201 12 208 .
72 151 396 220 summ-205]

155 277 188 314 9.
216 278 237 315 ὁ
255 279 333 326 μέν
349 283 385 314 et
401 279 420 315 ὁ
439 279 485 315 δέ
509 283 544 314 in
562 283 741 324 partitione
758 283 935 324 aliquando
953 283 1002 314 rei
1018 283 1096 314 uni-

86 337 219 369 versae,
245 337 345 369 quam
367 328 450 361 alias
466 330 616 369 genitivo
631 330 773 371 proferri
789 339 859 362 mos
876 332 940 370 est,
968 338 1095 371 epexe-

85 375 157 416 gesi
181 376 268 407 facta
291 375 340 407 ita
364 376 473 407 solent
497 377 640 417 apponi,
669 381 709 409 ut
733 378 774 409 ab
790 377 907 409 eodem
924 378 1025 409 verbo
1041 386 1096 409 re-

85 425 219 463 gantur.
240 432 272 453 v.
293 422 461 455 Schaefer.
481 423 522 454 ad
540 424 641 455 Dion.
662 424 705 456 de
721 433 830 465 comp.
850 425 941 456 verb.
961 433 996 465 p.
1013 420 1093 456 421.

89 487 130 510 7-
156 466 377 514 ὲξαπείδομεν
401 468 459 503 τὸν
485 467 593 517 ἄνδρα
615 469 674 504 τὸν
699 469 762 516 μὲν
787 469 942 515 οὐδαμοῦ
959 464 1097 516 παρόντ’

87 514 156 557 ἔτι,
185 513 316 549 ἄνακτα
341 509 370 548 δ’
394 514 494 550 αὑτὸν
518 514 605 563 χεῖρ’
630 516 817 566 ἀντέχοντα
838 518 894 551 OC
911 514 999 550 1649
1016 518 1039 549 i.
1060 527 1094 559 q.

85 567 154 597 τῶν
171 560 304 608 ἀνδρῶν
320 561 378 596 τὸν
397 560 472 607 μέν.
523 561 563 597 οὐ
580 562 644 610 γὰρ
659 563 770 611 τάφου
787 563 851 598 νῶν
867 564 916 599 τὼ
932 574 1012 598 κασι
1061 563 1068 575 ’
1080 581 1096 588 -

85 621 135 644 τω
161 606 191 644 Κ
217 607 284 643 έων
306 609 364 643 τὸν
390 608 453 654 μὲν
471 609 653 654 προτίσας,
679 611 737 646 τὸν
764 606 793 645 δ’
818 598 986 656 ἀτιμάσας
1004 576 1092 657 ἐζέἔίς

86 659 168 690 Ant.
189 656 196 670 ‘
213 654 246 689 2.
274 656 324 690 τὼ
341 655 445 690 παῖδέ
463 668 555 703 φημι
577 656 665 692 τώδε
682 658 746 704 τὴν
764 657 827 704 μὲν
851 656 874 691 ἀ
895 657 977 696 τίως
993 656 1098 692 ἄνουν

87 702 272 752 πεφάνθαι,
300 703 364 749 τὴν
382 698 411 736 δ’
435 701 493 750 ἀφ’
510 702 550 738 οὔ
566 703 609 739 τὰ
626 707 730 752 πρῶτ’
756 705 820 751 ἔφυ
837 703 859 738 5
889 703 917 738 1.
947 703 1018 751 ὁρῶ
1034 703 1098 751 γὰρ

86 750 267 832 ἤβηκὲῇὴν
293 750 356 796 μὲν
382 748 553 797 ἕρπουσαν
579 751 715 798 πρόσω,
752 752 814 798 τὴν
841 751 879 788 δὲ
910 750 1098 798 φθίνουσαν

88 801 145 833 Tr.
239 823 247 830 .

162 843 216 879 10.
245 846 405 887 Inprimis
423 847 568 879 notabile
585 850 649 888 est,
669 848 802 888 quando
819 849 855 879 in
873 846 1008 888 apodoui
1023 857 1099 878 sen-

89 895 270 926 tenuatum
294 891 312 926 ὁ
332 893 594 926 demonstrative
610 895 736 927 dictum
755 899 885 927 exstat:
915 905 947 927 v.
969 894 1096 926 Buttm.

89 945 123 973 et
139 941 256 973 Herm.
276 941 318 972 ad
334 938 463 972 Ph.86.
493 941 663 981 Wyttenb.
678 942 716 974 ad
736 942 799 973 Iul.
821 952 867 974 or.
889 941 1050 974 inConst.
1064 951 1098 982 p.

90 985 158 1020 172
183 988 298 1029 Lips.,
328 991 362 1019 et
386 997 470 1028 quae
495 989 688 1028 collegimus
713 990 748 1020 in
774 989 937 1030 particula
955 986 1010 1021 δέ.
1033 986 1102 1033 ἐγὼ

93 1034 155 1080 μὲν
173 1032 233 1072 οὓς
257 1031 299 1067 ἂν
322 1038 390 1068 τῶν
417 1032 528 1080 λόγων
547 1033 643 1081 ἀλγῶ
659 1033 792 1076 κλύων,
831 1032 998 1080 Λαερτίου
1024 1037 1100 1075 παῖ,

87 1080 169 1120 τοὺς
186 1079 224 1115 δὲ
240 1079 299 1115 καὶ
313 1079 472 1127 πράσσειν
491 1086 602 1128 στυγῶ
619 1083 678 1115 Ph.
695 1080 752 1115 87.
782 1084 837 1116 Sic
853 1083 1102 1115 emendandum

89 1139 176 1170 esse,
196 1129 285 1170 quod
301 1130 498 1169 vulgabatur
514 1127 564 1173 [et
581 1132 727 1163 servavit
736 1131 839 1162 Dind.
875 1127 1007 1170 τούσδε,
1028 1131 1102 1171 pri-

90 1186 165 1212 mus
181 1177 308 1208 Buttm.
330 1176 426 1208 vidit.
447 1173 537 1214 ὅστις
553 1174 596 1221 ἠν
614 1175 733 1210 θακῶν
751 1128 904 1224 ἀταρέὴς
921 1179 985 1222 τῆς
1003 1174 1099 1217 θέας,

91 1222 109 1258 ὁ
129 1220 158 1257 δ’
172 1217 233 1268 [ὅδ’
245 1220 368 1267 Dind.]
381 1219 421 1256 ἂν
439 1221 534 1269 λέγοι
544 1224 598 1256 Tr.
616 1221 674 1256 23.
702 1222 766 1268 τὴν
780 1222 818 1258 δὲ
833 1222 969 1270 τέρψιν,
989 1221 1034 1268 ἢν
1052 1222 1104 1256 δί-

90 1268 175 1304 δωσι
186 1269 235 1303 τὼ
265 1268 293 1315 ᾦ
306 1268 420 1315 πατρί,
434 1269 497 1315 τὴν
512 1267 540 1303 δ’
556 1269 644 1316 αὐτὴ
663 1269 853 1316 λάβοι820.
874 1272 1041 1312 Vulgatur
1054 1268 1106 1316 [et

90 1329 110 1350 3
127 1318 229 1350 Dind.
264 1311 378 1362 τήνδ’;
407 1319 599 1350 emendavit
622 1319 736 1351 Herm.
759 1316 811 1356 οἷς
829 1315 870 1352 ἂν
889 1317 928 1352 σὺ
953 1316 1103 1365 προσθῇ,

90 1367 164 1402 τοῖς
189 1362 217 1398 δ’
247 1362 367 1410 ἔφασκ’
391 1362 479 1398 εἶναι
509 1364 635 1410 κράτος
667 1366 723 1398 OC
743 1363 832 1398 1332
888 1364 1007 1410 [Dind.
1029 1376 1105 1397 cum

91 1413 187 1444 libris
201 1405 340 1456 τοῖσδ’.]
364 1413 467 1444 Recte
477 1413 579 1444 etiam
589 1414 845 1454 exquisitiorem
862 1413 1064 1454 scripturam
1081 1410 1104 1456 ἠ

91 1457 130 1493 δέ
145 1459 312 1499 recepisse
329 1463 410 1499 puto
427 1460 660 1491 Hermannum
677 1461 713 1492 in
730 1460 786 1492 OG
806 1457 914 1492 1007:
943 1457 976 1492 εἴ
991 1470 1042 1497 τις
1059 1462 1103 1506 γῆ

91 1504 194 1544 θεοὺς
207 1503 383 1540 ἐπίσταται
397 1509 514 1550 τιμαῖς
527 1504 681 1551 σεβίζειν,
703 1506 726 1551 ἡ
744 1505 782 1540 δὲ
797 1505 889 1540 τοῦδ’
908 1504 1101 1553 ὑπερφέρει.

92 1554 147 1586 Sic
169 1554 244 1586 PA:
280 1550 420 1597 [Dind.]
461 1554 517 1585 LB
543 1555 644 1586 Tricl.
670 1552 753 1599 ἥδε,
791 1555 850 1587 LA
875 1565 924 1595 pr.
954 1553 1026 1589 οἵδε
1054 1555 1105 1586 vel

91 1598 173 1634 εἶδε.
206 1603 286 1692 ]τῶν
299 1598 358 1680 ὅδδὲ
383 1599 574 1647 φερομέναν
597 1598 718 1647 ἄριστα
740 1602 791 1635 ΕΙ.
807 1599 896 1635 1095
905 1602 957 1634 ch.
986 1600 1107 1647 [τῶνδε

95 1648 200 1680 Dind.
237 1658 270 1679 ν.
354 1658 382 1680 ε.

162 1696 207 1727 11.
235 1695 427 1728 Secundum
440 1696 623 1727 Homerum
636 1720 644 1735 ‚
672 1706 725 1737 ap.
740 1706 841 1737 quem
854 1697 1107 1729 demonstrativi

93 1742 224 1775 relativi
249 1745 284 1774 et
307 1742 440 1774 articuli
461 1743 577 1774 munia
606 1744 641 1774 in
668 1744 786 1775 eadem
813 1745 929 1776 vocula
954 1745 1109 1776 collocata

94 1790 220 1830 videas,
240 1799 292 1830 ap.
310 1792 415 1829 tragg.
436 1790 538 1821 etiam
555 1791 686 1822 relativi
700 1793 906 1831 pronominis
923 1793 1008 1822 vices
1025 1792 1107 1822 arti-

93 1837 162 1868 culi
179 1837 304 1868 formae
321 1840 556 1878 susceperunt.
594 1837 731 1870 Frustra
747 1839 826 1870 olim
850 1838 912 1870 hoc
933 1850 952 1870 a
975 1839 1109 1870 Batavis

94 1884 241 1916 maxime
265 1884 466 1924 negabatur,
489 1885 651 1916 Valcken.
672 1885 713 1917 ad
730 1886 867 1926 Hippol.
888 1882 967 1918 525.
997 1886 1105 1917 Koen.

94 1931 135 1963 ad
153 1930 252 1970 Greg.
273 1927 399 1971 p.239.
420 1931 571 1963 Pierson.
586 1932 734 1964 verisim.
748 1942 782 1973 p.
796 1929 852 1964 74.
874 1933 983 1965 Etiam
998 1932 1105 1973 Toup.

96 1979 131 2010 in
158 1987 198 2010 ea
221 1979 390 2009 sententia
414 1979 499 2018 i'uit,
525 1988 591 2010 em.
618 1980 654 2010 in
673 1979 767 2012 Suid.
789 1983 812 2011 t.
830 1977 860 2011 1.
889 1990 921 2021 p.
942 1976 1019 2012 186.
1041 1981 1107 2011 Re-

95 2026 183 2057 ctius
208 2034 299 2057 nunc
323 2025 537 2057 existimatur
562 2035 628 2058 see.
657 2027 802 2058 Brunck.
831 2027 871 2058 ad
895 2028 977 2058 Eur.
997 2027 1104 2058 Andr.

95 2069 154 2104 84.
173 2072 297 2104 Aeseh.
319 2072 414 2113 Sept.
435 2069 492 2104 37.
514 2072 604 2104 Pers.
626 2070 707 2105 716.
729 2074 828 2115 Soph.
847 2074 902 2106 OG
918 2071 1007 2106 1259
1025 2075 1107 2106 etin

99 2119 210 2151 indice
234 2130 266 2150 v.
295 2117 326 2152 ὁ.
363 2119 494 2152 Schaef.
522 2120 563 2151 ad
589 2120 687 2160 Greg.
717 2121 740 2152 l.
761 2131 789 2152 c.
820 2126 856 2152 et
878 2121 921 2152 ad
945 2121 1046 2152 Dion.
1068 2122 1109 2152 de

100 2256 179 2292 312.
223 2261 316 2292 Bene
338 2264 453 2292 autem
478 2261 576 2292 Wolf.
604 2271 670 2293 sec.
700 2262 855 2294 Reizium
878 2263 918 2293 de
936 2272 1002 2295 acc.
1026 2263 1104 2294 incl.

99 2317 133 2348 p.
155 2303 200 2339 95
217 2308 308 2339 hunc
324 2309 530 2348 pronominis
546 2318 647 2340 usum
665 2310 960 2341 terminationibus
976 2310 1109 2341 articuli

99 2354 168 2386 illis
180 2355 312 2395 tribuit,
328 2364 413 2395 quae
429 2366 448 2388 τ
464 2355 500 2386 in
518 2356 627 2387 fronte
640 2356 777 2396 habent,
794 2357 982 2397 erravitque
994 2357 1107 2388 Monk.

101 2401 142 2433 ad
158 2401 296 2443 Hippol.
316 2398 395 2434 527.
425 2398 443 2433 ὅ
460 2403 594 2442 tragicis
611 2403 844 2442 adiudicando,
870 2405 1037 2435 refutatus
1053 2404 1111 2435 ille

65 2470 67 2475 .
103 2459 122 2480 a
142 2448 326 2480 Matthiaeo
350 2449 373 2480 l.
395 2459 423 2480 c.
451 2446 520 2492 [Cf.
540 2449 652 2481 Halm.
667 2474 675 2487 ‚
703 2450 744 2482 de
769 2451 899 2482 articuli
923 2461 975 2491 ap.
1005 2454 1107 2490 tragg.

102 2495 172 2528 loco
187 2496 392 2536 pronominis
403 2497 618 2528 relativiusu.
641 2497 834 2529 Salzwedel.
855 2497 973 2529 G.-Pr.
992 2494 1114 2540 1846]

105 2542 169 2584 Ap.
199 2541 300 2584 Soph.
338 2552 380 2574 ne
403 2545 626 2575 nominativus
648 2544 783 2584 quidem
815 2546 962 2576 neutrius
992 2546 1115 2582 legitur

26 2656 51 2730 ΐὲ-
104 2646 352 2716 {milia
362 2635 721 2728 μέτμέῗβτῖἓςοῗῖἒῗίς
737 2648 824 2718 ‘33²3
833 2649 924 2731 {2323
934 2637 1117 2729 &miii

105 2727 312 2763 άλιώσειΟΟ
322 2727 391 2762 702
401 2731 453 2763 ch.
474 2731 735 2777 ΤιίοΙίηἰειηίτή
745 2743 775 2765 ν.
796 2734 980 2771 yenitivus:
997 2730 1118 2777 ἐσθῆτι

28 2774 50 2817 {j
107 2775 166 2821 σὺν
187 2775 320 2823 τοιᾷδε,
349 2780 413 2822 τῆς
437 2776 455 2811 ὁ
475 2775 642 2823 δυσφιλλς.
659 2777 768 2824 γέρων
785 2777 919 2823 γέροντι
936 2774 1117 2824 συγκατῴ-

90 2834 133 2867 7ἰι
179 2835 213 2856 εν
237 2822 333 2860 πίνος
359 2824 414 2857 OG
435 2822 535 2857 1258.
572 2789 663 2870 Ἰόλη
687 2820 860 2866 ’καλεῖτο,
896 2829 960 2870 τῆς
986 2825 1119 2862 ἐκεῖνος

108 2868 148 2904 οὐ
171 2869 244 2915 αμὰ
255 2868 403 2915 βλάστας
422 2870 545 2917 ἐφώνει
562 2873 617 2904 Tr.
639 2870 720 2905 381.
747 2876 821 2910 τοῖς
839 2871 998 2918 σφαλεῖσι
1017 2873 1065 2917 μὴ
1093 2867 1119 2911 ’ξ

109 2915 264 2956 ἑκουσίας
282 2916 367 2963 ὀργὴ
392 2917 546 2963 πέπειρα,
565 2921 629 2963 τῆς
646 2930 683 2952 σε
699 2918 880 2966 τυγχάνειν
897 2918 1018 2965 πρέπει
1035 2917 1115 2952 728.

42 2963 68 3000 ’,ἑ-ἶ
107 2963 238 2996 dativus
249 2977 258 2995 :
278 2963 442 3010 σόφισμα,
458 2967 506 3011 τῷ
518 2977 567 2999 νιν
581 2964 690 3013 αὐτίχ’
707 2965 861 3013 αἱρήσειν
876 2965 970 3000 δοκῶ
985 2968 1045 2998 Ph.
1062 2964 1114 2998 14.

108 3005 257 3057 Ἑκάτης
281 3010 318 3057 ἔγ
346 3023 395 3052 ος,
423 3011 475 3057 τῷ
500 3011 541 3045 δι’
568 3010 746 3058 Ὀλύμπου
774 3012 939 3047 πωλοῦσα
955 3013 1050 3059 φέρει
1075 3015 1116 3046 fr.

110 3058 242 3091 Rhizot.
270 3056 316 3092 48
352 3084 359 3099 ‚
380 3057 412 3092 3.
450 3062 654 3092 accusativus
678 3062 843 3093 masculae
877 3065 911 3093 et
937 3062 1119 3093 femininae

91 3148 94 3152 ἱ
110 3105 251 3138 formae:
279 3109 371 3143 νοεῖς
399 3105 530 3139 ἐκεῖνον
544 3133 552 3147 ,
582 3105 680 3140 ὅντιν’
698 3105 822 3160 ἀρτίως
841 3105 961 3151 μολεῖν
979 3106 1120 3155 ἐφιέμε-

42 3148 189 3195 ᾴχζσθα,
208 3151 265 3186 τόν
283 3151 315 3187 θ’
332 3151 430 3192 οὗτος
442 3151 551 3198 λέγει;
573 3153 631 3185 OR
649 3151 739 3186 1055
756 3154 841 3186 Flor.
863 3151 889 3188 Γ
904 3151 1005 3187 τόνδ’.
1034 3153 1121 3199 μετὰ

41 3200 60 3243 f⁴
111 3197 358 3241 τοῦδετυπείς,
387 3199 444 3233 τὸν
469 3198 535 3235 αἶσ’
557 3199 711 3238 ἄπλατος
733 3199 747 3234 ἰ’
795 3211 824 3233 ει
840 3202 896 3233 Ai.
916 3198 985 3234 256
1002 3202 1055 3234 ch.
1077 3219 1118 3225 —-

108 3242 197 3279 κάπὶ
221 3244 418 3293 προσπόλου
437 3250 518 3291 μιᾶς
561 3249 727 3293 ωροῦντα,
749 3211 819 3293 ἣν
837 3246 905 3294 ἐγὼ
927 3245 1033 3286 τάλας
1058 3246 1122 3282 οὐκ

36 3311 52 3338 52:
94 3295 97 3297 ’
108 3288 156 3333 ᾖν
171 3287 246 3326 ποτ’
263 3292 298 3331 ἐς
315 3295 476 3328 τοσοῦτον
495 3294 553 3328 αίκ
567 3306 607 3332 ας
623 3297 738 3328 πεσεῖν
757 3292 856 3334 ἔδοξα
872 3295 927 3328 OC
941 3292 1021 3327 747.
1042 3293 1122 3328 δέλ-

83 3339 172 3381 μον
186 3336 296 3374 λιπὼν
312 3339 443 3387 ἔστειχε
456 3367 464 3382 ,
492 3340 556 3387 τὴν
582 3339 650 3387 ἐγὼ
667 3339 764 3385 θαμὰ
780 3338 876 3379 θεοῖς
899 3340 1037 3388 ἀρῶμαι
1051 3353 1122 3387 πη-

6 3414 10 3417 .
37 3388 224 3435 new-⁰25<
240 3385 320 3433 ἄτερ
337 3386 457 3432 λαβεῖν
475 3389 532 3421 Tr.
552 3386 609 3420 47.
637 3391 768 3434 τροφῆς
785 3386 1011 3434 ἀνωφελήτου
1025 3415 1032 3429 ,
1059 3389 1123 3434 τὴν

63 3439 105 3473 4
116 3429 184 3479 ἐγὼ
209 3431 290 3479 θάμ’
313 3433 402 3482 ἀμφὶ
419 3434 472 3471 σοὶ
495 3435 591 3482 πόνῳ
609 3433 728 3483 γλυκεῖ
745 3433 916 3482 παρέσχον
936 3436 988 3469 Ε1.
1014 3434 1121 3478 1144;

105 2591 249 2630 qenais,
280 2590 339 2621 sed
363 2592 569 2622 accusativus
593 2591 790 2631 aliquoties:
825 2589 907 2636 ἄγος
932 2589 1121 2630 δεικνύναι,’

1078 158 1138 213 Ὃ

2045 167 2144 215 485

1133 286 1168 315 et
1184 283 1397 315 melicorum:
1418 281 1559 329 τροφάν,
1579 282 1639 316 τὰν
1657 281 1768 320 οὐδείς
1786 277 1859 316 ποτ’
1878 280 2063 327 ἐβάστασεν
2080 283 2140 315 Ph.

1134 326 1234 362 1126.
1265 327 1400 363 δύνασιν
1418 327 1478 362 τάν
1496 324 1572 363 οὔθ’
1597 327 1701 367 ὕπνος
1717 328 1808 374 αἱρεῖ
1825 331 1905 362 Ant.
1927 326 1994 363 606
2013 330 2065 363 ch.
2084 327 2146 362 τὰν

1132 373 1283 422 Φρυγίαν
1310 375 1407 416 ξέναν
1429 402 1484 416 ...,
1507 374 1569 409 τὰν
1594 374 1736 421 πετραία
1762 374 1893 421 βλάστα
1910 375 2060 421 δάμασεν
2077 373 2146 409 826

1133 434 1176 456 m.
1211 421 1273 457 τὰν
1300 422 1341 457 ἐκ
1365 426 1477 457 πασᾶν
1502 421 1674 469 [ἔκπαγλα
1691 421 1815 468 Dind.]
1838 425 1939 469 τιμᾶς
1958 420 2146 468 ὑπερτάταν

1133 467 1214 515 [ὺπὲ
1268 472 1379 504 πασᾶν
1404 471 1508 503 Dind.
1551 469 1687 504 πόλεων
1716 468 1804 502 1137
1829 471 1881 503 ch.
1909 468 2068 517 ἀγγελίαν
2087 495 2143 510 ...,

1131 515 1192 551 τὰν
1211 481 1235 552 ἔ
1248 516 1353 563 μέγας
1372 515 1482 562 μῦθος
1523 515 1589 556 έξει
1605 518 1661 549 Ai.
1680 514 1749 550 226
1761 518 1813 550 ch.
1828 536 1869 541 —
1888 519 2051 558 yenitivus
2065 518 2147 558 plu-

1132 566 1235 597 ralis.-
1261 563 1389 602 σκοπὸς
1416 563 1600 610 προσήκεις
1623 567 1693 597 τῶν
1717 561 1913 610 ἀδηλοῦμεν
1939 563 2067 610 φράσαι
2090 564 2146 597 OC

1133 609 1189 645 35.
1220 612 1339 644 Elmsl.
1365 605 1465 646 τῶνδ’
1490 616 1548 643 aut
1574 611 1620 644 ὦν
1645 610 1747 656 [quod
1765 621 1874 653 recep.
1896 609 2019 656 Dind.]
2044 612 2146 644 corri-

1134 659 1280 699 gendum
1298 660 1427 691 suadet.
1466 657 1511 691 *ἔ
1586 656 1679 704 φιλεῖ
1693 656 1899 696 πλανᾶσθαι,
1926 662 1996 692 τῶν
2014 656 2146 696 ἐκεῖνος

1134 703 1219 739 ἀίων
1236 704 1402 750 παρέσται
1418 703 1486 738 304
1503 703 1598 750 [secl.
1612 707 1655 738 11.
1668 705 1825 747 flirzel.].
1847 704 2019 750 δαιμόνων
2037 703 2148 751 ἀγάλ-

1136 747 1218 797 μαθ’
1237 751 1322 798 ἱερά,
1341 756 1411 786 τῶν
1429 751 1447 786 ὁ
1466 750 1676 797 παντλήμων
1695 751 1762 798 ἐγὼ
1779 750 1980 799 ἀπεστέρησ’
1998 751 2147 797 ἐμαυτόν

1135 801 1194 833 0ss
1214 797 1314 832 1379.
1351 798 1543 844 τοξεύματα
1575 797 1697 844 βέβαια
1710 827 1717 841 ,
1743 803 1813 833 τῶν
1848 798 1886 833 σὺ
1920 797 2055 837 θάλπος
2082 797 2147 846 οὐχ

1135 844 1351 893 ὑπεκδραμεῖ
1377 848 1459 879 Ant.
1484 844 1586 880 1086.
1617 845 1753 886 ἄλλων,
1783 851 1851 880 τῶν
1868 858 1904 879 νε
1934 843 2067 891 όμεσθα
2084 847 2144 878 Ph.

1136 891 1205 926 707
1222 895 1274 926 ch.
1310 895 1382 926 Non
1400 895 1481 926 satis
1499 898 1628 926 constat
1651 895 1692 926 de
1710 895 1826 934 Antig.
1851 891 1893 926 10
1919 891 1939 926 5
1966 896 2008 926 cf.
2029 894 2146 926 Herm.

1137 938 1187 984 [et
1205 953 1235 973 v.
1250 942 1383 982 suprai.
1400 939 1460 974 καί
1476 951 1509 981 p.
1528 938 1626 973 352a
1642 939 1811 1020 extr3—
1827 943 2049 973 nominativus:
2070 939 2150 978 τοὺς

1138 987 1222 1033 ἐμὸς
1248 986 1299 1022 ἴδε
1325 987 1438 1034 πατὴρ
1462 986 1631 1025 θανάτους
1659 989 1712 1020 El.
1734 985 1803 1020 ί05
1817 998 1861 1020 m.
1890 987 1933 1021 τά
1948 981 1978 1034 γ’
2002 986 2041 1022 οὐ
2058 985 2151 1021 τελεῖ

1138 1036 1194 1069 OG
1211 1033 1293 1076 881,
1321 1036 1381 1067 sed
1397 1037 1555 1067 incertior
1572 1036 1635 1067 loci
1653 1036 1803 1068 lacunosi
1822 1037 2002 1067 sententia.
2033 1036 2152 1067 Diver-

1139 1085 1269 1116 biorum
1282 1083 1385 1122 igitur
1399 1087 1432 1115 et
1446 1083 1651 1115 canticorum
1665 1092 1731 1115 non
1746 1087 1799 1115 est
1815 1083 2005 1115 discrimen.
2026 1083 2152 1114 Emen-

1138 1131 1284 1163 dationis
1299 1134 1413 1162 autem
1426 1131 1589 1171 patientia
1606 1129 1724 1162 horum
1738 1131 1968 1171 exemplorum
1985 1139 2040 1161 sex
2056 1133 2148 1169 sunt,

1140 1179 1193 1210 Ai.
1215 1174 1296 1210 226.
1322 1174 1404 1209 256.
1432 1177 1492 1209 Ph.
1516 1173 1617 1209 1126.
1645 1178 1726 1208 Ant.
1751 1174 1840 1209 1135
1865 1178 1929 1209 etsi
1952 1177 2050 1209 initio
2067 1181 2153 1209 stro-

1140 1226 1225 1267 phae
1242 1224 1438 1265 languidum
1457 1228 1546 1256 esset
1562 1220 1616 1263 ἅν,
1639 1224 1700 1256 Ph.
1714 1221 1794 1256 707.
1815 1223 1870 1256 OC
1881 1221 1939 1264 35,
1959 1233 2025 1256 ιιοη
2042 1225 2154 1256 omnia

1140 1281 1225 1314 quae
1251 1272 1399 1304 Piersoni
1424 1276 1495 1303 erat
1519 1276 1554 1303 et
1577 1272 1700 1303 Koenii
1725 1272 1898 1303 sententia
1922 1272 1971 1303 rei
1995 1272 2154 1303 metricae

1141 1320 1278 1351 minime
1291 1329 1479 1359 gnatorum.
1502 1319 1567 1351 Sed
1581 1319 1633 1350 vel
1649 1319 1730 1351 haec
1747 1319 1938 1359 corrigendo
1952 1319 1988 1350 in
2001 1319 2153 1350 ordinem

1141 1376 1256 1407 cogere
1274 1367 1489 1398 temerarium
1516 1369 1579 1398 est.
1877 1364 1925 1409 (11
1944 1376 1977 1407 p.
1997 1362 2079 1406 203,
2099 1363 2155 1409 3.)

1212 1415 1271 1445 Ill.
1300 1414 1329 1445 Α
1355 1414 1599 1453 significatione
1624 1413 1882 1444 demonstrativa
1906 1413 2078 1444 deflexum
2102 1422 2154 1444 ar-

1123 1484 1124 1487 *
1141 1462 1245 1493 bitror
1261 1461 1349 1502 quod
1364 1459 1426 1493 τού
1437 1453 1488 1506 τῲ
1504 1460 1750 1502 indefiniter-um
1761 1458 1851 1498 τινός
1867 1458 1932 1493 τινί
1948 1460 2021 1491 vice
2033 1460 2153 1492 dicun-

1142 1512 1207 1540 tur.
1228 1506 1347 1552 [Locos
1367 1519 1399 1539 v.
1420 1508 1456 1539 in
1472 1505 1523 1544 τὶς
1540 1517 1573 1548 p.
1595 1504 1695 1551 827.]

1214 1556 1271 1587 lV.
1300 1556 1327 1586 A
1353 1555 1491 1586 relativa
1520 1555 1765 1595 significatione
1798 1555 1883 1586 illud
1917 1551 2152 1595 repetendum,

1143 1603 1231 1644 quod
1253 1604 1314 1636 τοῦ
1338 1601 1391 1647 τῷ
1415 1612 1473 1643 pro
1498 1602 1747 1641 interrogativis
1770 1599 1861 1639 τίνος
1894 1599 1956 1635 τίνι
1981 1602 2150 1634 dicuntur.

1145 1648 1263 1695 [Locos
1280 1660 1312 1681 v.
1333 1651 1369 1681 in
1386 1647 1464 1693 τίς].

1214 1699 1255 1729 V.
1285 1698 1487 1737 Pervagatus
1505 1701 1558 1728 est
1573 1697 1706 1728 articuh'
1720 1697 1933 1736 praepositivi
1950 1705 2042 1727 usus.

1214 1745 1256 1776 A.
1278 1745 1329 1776 De
1343 1744 1452 1784 forma
1462 1747 1493 1775 et
1505 1745 1678 1784 scriptura.
1703 1740 1733 1774 1.
1753 1743 1925 1774 Dorismus
1938 1743 2071 1774 articuli
2084 1752 2154 1774 me-

1144 1793 1283 1823 licorum
1299 1796 1353 1823 est
1370 1792 1686 1832 consentientesque
1703 1791 1739 1821 in
1756 1800 1806 1830 eo,
1838 1793 2002 1831 quantum
2018 1790 2156 1831 quidem

1144 1842 1294 1879 constat,
1322 1839 1399 1870 libri
1415 1838 1568 1880 plerique
1584 1838 1740 1879 plurimis
1769 1838 1848 1869 loeis
1866 1838 2091 1878 reperiuntur.
2111 1854 2159 1861 —

1144 1884 1178 1919 ἁ.
1208 1885 1222 1927 ΙΙ
1247 1884 1269 1919 ἀ
1293 1883 1495 1919 θεσπιέπεια
1519 1881 1646 1931 Δελφὶς
1677 1882 1786 1930 πέτρα
1810 1885 1868 1916 OR
1893 1881 1962 1916 464
1979 1884 2031 1915 ch.
2059 1893 2157 1916 versu

1145 1934 1376 1972 choriambico,
1397 1942 1462 1964 non
1481 1934 1621 1964 affectus
1634 1931 1690 1963 sed
1707 1932 1894 1972 splendoris
1906 1932 2006 1972 plena
2018 1935 2158 1963 senten-

1146 1981 1202 2012 tia.
1230 1978 1279 2026 χά
1303 1978 1502 2026 γλαυκῶπις
1519 1976 1651 2013 ’Λθάνα
1668 1978 1723 2010 OC
1741 1975 1809 2010 706
1827 1979 1877 2011 ch.
1900 1979 2059 2019 glyconio.
2089 1976 2112 2011 ἁ
2129 1975 2156 2011 δ’

1145 2025 1334 2072 εὐήρετμος
1359 2020 1497 2071 ἔκπαγλ’
1526 2024 1607 2059 ἁλία
1632 2023 1744 2058 πλάτα
1762 2022 1830 2056 716
1848 2026 1899 2056 ch.
1921 2025 2154 2058 choriambico.

1145 2072 1235 2108 ἀλλὰ
1259 2073 1322 2120 γὰρ
1347 2072 1370 2107 ά
1403 2071 1659 2119 μεγαλώνυμος
1683 2068 1771 2116 ἦλθε
1799 2069 1889 2105 Νίκα
1913 2074 1995 2104 Ant.
2019 2070 2085 2104 148
2101 2073 2153 2105 ch:

1145 2122 1315 2162 dactylico.
1337 2119 1359 2154 ά
1376 2119 1439 2166 γὰρ
1460 2119 1502 2165 δὴ
1520 2118 1782 2164 πολύπλαγκτος
1797 2117 1894 2156 ἐλπίς
1911 2117 1979 2152 615
1997 2120 2159 2151 choriam-

99 2175 205 2206 eomp.
231 2167 322 2198 verb.
350 2176 384 2206 p.
406 2163 472 2205 40,
500 2167 604 2200 seidl.
633 2168 674 2199 ad
696 2167 779 2199 Eur.
801 2168 855 2199 El.
875 2165 957 2208 277,
986 2168 1106 2200 Matth.
1125 1979 1229 2216 lbico.
1259 2166 1342 2201 οἴων
1361 2167 1430 2213 ἐγώ
1456 2165 1534 2201 ποθ’
1558 2166 1580 2200 ἀ
1602 2165 1799 2211 ταλαίφρων
1818 2164 1900 2212 ἔφυν
1917 2163 1987 2198 866
2005 2177 2048 2198 m.
2066 2192 2073 2207 ‚
2100 2167 2159 2208 qui

100 2213 141 2245 ad
157 2213 295 2254 Hippol.
317 2210 384 2245 525
403 2218 438 2245 et
455 2214 512 2245 Gr.
530 2215 586 2246 Gr.
608 2212 630 2257 S
642 2211 724 2253 292,
745 2215 939 2254 Bernhardy
955 2216 1050 2254 Synt.
1071 2225 1105 2256 p.
1125 2217 1129 2258 ᾗ
1147 2226 1264 2247 versus
1281 2225 1324 2247 ex
1341 2216 1481 2247 iambico
1502 2219 1536 2246 et
1553 2216 1674 2246 cretico
1691 2214 1906 2255 compositus.
1937 2211 2012 2246 ἀλλ’
2035 2212 2058 2246 ἀ
2078 2225 2159 2258 μοι-

1146 2261 1235 2309 ριδία
1256 2273 1307 2299 τις
1335 2260 1470 2299 δύνασις
1497 2260 1589 2294 δεινά
1615 2258 1679 2293 951
1700 2261 1753 2293 ch.
1793 2261 2012 2293 choriambico
2039 2266 2073 2292 et
2089 2265 2158 2292 tro-

1146 2311 1257 2342 chaico
1281 2311 1482 2342 coniunctis.
1512 2307 1534 2341 ἀ
1559 2305 1692 2352 Κύπρις
1729 2305 1908 2353 ἐκφέρεται
1941 2308 1995 2339 Tr.
2018 2305 2087 2340 497
2104 2309 2156 2340 ch.

1147 2358 1357 2398 anapaestico
1374 2356 1572 2395 logaoedico.
1594 2354 1615 2388 ἀ
1633 2353 1661 2386 δ’
1678 2352 1825 2390 εὐδῶπις
1842 2352 1932 2399 άβρά
1950 2351 2017 2386 523
2028 2356 2080 2387 ch.
2101 2365 2161 2387 an—

1148 2405 1334 2445 tispasticO.
1363 2402 1385 2436 α’
1412 2401 1448 2436 δὲ
1473 2402 1504 2436 οἱ
1530 2400 1614 2448 φίλα
1642 2400 1685 2434 δά
1714 2412 1755 2446 αρ
1771 2399 1916 2434 τάλαινα
1933 2397 2002 2433 650
2019 2403 2070 2434 ch.
2093 2406 2160 2434 tro-

1149 2452 1271 2483 chaico.
1301 2450 1348 2484 ὧν
1375 2448 1426 2483 ἅδ’
1451 2448 1473 2483 οὶ
1497 2447 1638 2493 τλάμων
1656 2446 1678 2481 8
1707 2446 1793 2480 1ch.
1822 2449 2029 2489 dochmiaco,
2056 2453 2095 2481 ut
2112 2450 2162 2480 vi-

1149 2499 1260 2530 detur.
1289 2496 1311 2530 ἀ
1337 2495 1363 2529 δ’
1390 2495 1562 2543 ἐρχομένα
1587 2493 1655 2528 849
1673 2496 1724 2527 ch.
1746 2495 1962 2527 choriambico
1988 2505 2063 2527 cum
2080 2506 2161 2527 ana—

1151 2546 1252 2584 crusi,
1273 2545 1367 2576 velut
1384 2544 1649 2584 antistrophicus
1666 2546 1722 2574 est
1737 2540 1759 2575 ἁ
1778 2536 1806 2574 δ’
1822 2539 2020 2587 ἀμφίπολος
2036 2540 2117 2575 860.
2138 2541 2161 2575 ἀ

1151 2591 1289 2637 νέορτος
1313 2588 1374 2624 ἅδε
1398 2589 1516 2636 νύμφα
1543 2587 1613 2622 894
1630 2590 1682 2622 ch.
1712 2590 1892 2629 trochaico,
1931 2590 2028 2630 quale
2052 2599 2161 2630 genus

1153 2639 1300 2680 reperias
1319 2640 1420 2670 etiam
1438 2639 1492 2670 Ai.
1514 2634 1581 2669 404
1596 2647 1641 2668 m.
1669 2635 1692 2669 ά
1710 2630 1877 2669 στονόεσσ’
1893 2634 2017 2692 ἄραρεν
2036 2635 2162 2682 φρένας

1153 2687 1208 2717 El.
1232 2683 1296 2717 147
1316 2695 1360 2716 m.
1389 2686 1561 2724 dactylico.
1599 2681 1714 2728 ὄλβιος
1746 2680 1782 2716 ὃν
1808 2681 1830 2716 ἀ
1861 2680 1980 2716 κλεινα
2011 2685 2055 2729 γᾶ
2079 2694 2162 2716 ποτε

1155 2730 1367 2778 Μυκηναίων
1389 2729 1454 2764 160
1471 2733 1522 2764 ch.
1552 2733 1587 2763 in
1614 2741 1680 2772 quo
1696 2731 1809 2762 cretici
1835 2731 1954 2762 ultima
1969 2732 2034 2762 arsi
2054 2731 2163 2762 soluta

1155 2790 1229 2812 eum
1247 2780 1400 2811 molossis
1426 2779 1600 2820 compositi
1617 2779 1785 2809 videntur.
1819 2775 1902 2810 εἶσιν
1930 2775 1952 2810 ἀ
1977 2776 2162 2821 πρόμαντις

1154 2824 1222 2858 467
1250 2827 1413 2858 trochaico
1439 2826 1667 2866 ithyphallico.
1689 2823 1711 2857 ἁ
1735 2822 1866 2857 παλαιοὶ
1896 2822 2162 2870 χαλκόπλακτος

1155 2873 1264 2920 γένυς,
1292 2871 1315 2906 ἄ
1330 2884 1380 2905 νιν
1396 2871 1605 2917 κατέπεφνεν
1623 2870 1813 2919 αἰσχίσταις
1831 2869 1866 2903 ἐν
1884 2869 2010 2908 αἰκίαις
2026 2868 2094 2903 485
2107 2871 2159 2902 ch.

1155 2931 1255 2962 quem
1273 2921 1530 2952 choriambicum
1549 2929 1624 2951 esse
1641 2924 1724 2960 puto
1741 2929 1818 2950 cum
1836 2920 1989 2950 anacrusi
2006 2919 2163 2958 sequenti

1156 2968 1296 2999 iambico
1318 2968 1459 2998 dimetro
1485 2967 1778 3005 brachycatalecto.
1806 2963 1879 3010 ἥξει
1902 2963 1960 2998 καὶ
1985 2962 2163 3001 πολύπους

1155 3013 1214 3047 καὶ
1236 3011 1401 3061 πολύχειρ
1426 3011 1448 3046 ά
1472 3010 1603 3058 Ἐρινύς
1620 3010 1689 3045 488
1707 3013 1758 3044 ch.
1786 3013 1928 3044 dimetro
1946 3013 2164 3044 choriambico

1155 3062 1433 3102 hypercatalecto.
1462 3058 1614 3097 ἄσκοπος
1640 3058 1662 3092 ἀ
1686 3057 1785 3103 λώβα
1800 3056 1869 3092 864
1886 3060 1938 3091 ch.
1959 3059 2159 3091 dochmiaco.

1156 3106 1178 3141 ά
1202 3106 1392 3153 πάνδυρτος
1422 3104 1539 3152 ἀηδών
1575 3104 1665 3139 1077
1690 3107 1743 3139 ch.
1778 3107 1938 3146 glyconio.
1967 3104 1990 3139 ἁ
2023 3103 2166 3150 [addidit

1156 3152 1292 3199 Herm]
1308 3152 1465 3194 τάλαινα,
1483 3156 1542 3186 νῦν
1561 3147 1588 3185 δ’
1606 3151 1678 3200 ἔχω
1696 3163 1732 3186 σε
1751 3150 1839 3185 1285
1858 3153 2031 3185 trochaico.

1225 3203 1311 3239 τᾶς.
1332 3199 1443 3238 λύπας
1459 3202 1520 3238 τᾶς
1533 3194 1586 3233 ἀπ’
1607 3199 1693 3244 ἐμοῦ
1709 3198 1813 3233 τάλαν
1828 3200 1890 3232 Ρ1ι.
1905 3197 1993 3232 1088
2003 3210 2048 3231 m.
2065 3209 2163 3232 versu

1157 3250 1319 3289 glyconio.
1357 3247 1504 3295 ἀφώνως
1536 3245 1670 3293 ἀλόγως
1701 3246 1739 3280 τὸ
1771 3248 1832 3284 τᾶς
1864 3243 2074 3279 00131011.
2107 3247 2165 3287 qui

1157 3305 1274 3328 versus
1290 3296 1371 3328 item
1389 3296 1560 3335 glyconius
1577 3298 1639 3326 est.
1667 3296 1728 3331 τᾶς
1753 3292 1902 3331 δειλαίας
1923 3287 2017 3326 τᾶσδ’
2033 3292 2164 3339 ἀπόρου

1159 3340 1320 3389 φανείσας
1345 3339 1414 3374 513
1431 3342 1483 3374 ch.
1518 3342 1737 3373 choriambico
1769 3352 1788 3372 a
1811 3342 1954 3373 diiambo
1979 3341 2166 3381 incipiente

1160 3390 1351 3422 catalectico
1367 3387 1427 3433 [cs.
1446 3386 1605 3433 ἀπορος].
1630 3391 1695 3425 τᾶς
1713 3390 1785 3429 σᾶς,
1821 3385 1844 3421 ὁὶ
1861 3385 2014 3428 πέπονθ’,
2042 3386 2165 3432 ἀναιδῆ

1162 3433 1231 3470 516
1249 3447 1293 3471 m.
1315 3437 1532 3471 choriambico
1549 3446 1625 3469 cum
1642 3436 1794 3469 auacrusi
1818 3435 1961 3469 dimetro
1978 3436 2167 3470 catalectico
