2288 3600
276 120 374 173 560

273 238 332 284 (ad
349 239 407 272 ΟΒ
425 237 509 283 526)
526 239 675 281 optativo
694 237 832 272 indicari
851 246 918 271 non
943 238 992 271 ita
1008 248 1102 280 esse,
1133 240 1191 271 sed
1215 249 1289 272 esse

273 289 384 328 putari
401 288 442 318 ab
459 287 639 328 aliquibus.
676 287 768 319 Haec
784 290 953 327 post-rema
970 296 1047 318 vera
1065 291 1159 328 sunt,
1180 287 1290 327 priora

274 344 339 366 non
358 335 460 375 iten13
482 335 541 366 sed
558 335 587 366 si
604 335 640 366 in
659 335 755 366 cuius
774 335 947 366 sententia
971 334 1147 365 referenda
1164 335 1288 374 optati-

273 391 335 413 vus
358 383 514 422 ponitur,
545 391 615 413 rem
639 382 748 422 qualis
774 382 875 413 alicui
900 381 1053 413 videatur
1077 381 1288 421 pronuntiari

272 430 420 470 arbitror,
442 429 541 470 plane
560 433 599 460 ut
613 430 781 460 incertum
798 428 977 468 reddatur,
1004 429 1095 460 sitne
1113 438 1229 459 revera
1246 437 1288 459 an

272 485 338 507 non
356 477 413 507 sit.
437 493 477 499 —-
498 476 624 507 Verum
645 476 840 516 potentialis
863 477 1030 515 optativus
1055 472 1096 508 ἄν
1124 476 1188 507 sibi
1213 475 1289 507 addi

270 524 410 563 iubens,
447 523 509 554 hoc
543 524 732 563 significat,
768 523 876 563 qualis
909 522 1067 563 quiddam
1101 523 1288 554 secundum

271 575 420 601 mentem
452 571 622 611 loquentis
649 579 744 610 esse,
781 570 983 610 quibusdam
1008 570 1139 610 positis,
1167 571 1284 610 possit.

269 617 468 663 γιγνώσκων
502 615 530 650 δ’
565 615 614 650 ὅτι
641 615 751 654 οὐδείς
776 611 851 650 ποτ’
876 614 999 653 αὐτοὺς
1024 620 1092 650 τῶν
1119 615 1214 661 ἐμῶν
1248 613 1288 649 ἂν

271 663 415 710 ἐμπέσοι
433 661 538 710 ζῆλος
556 662 727 709 ξυναίμων
754 663 808 696 Oc
827 661 906 695 941.
1068 662 1117 707 (11
1134 674 1168 704 p.
1190 660 1285 704 396.)

341 722 369 744 c.
407 705 493 744 οἷδ’
519 709 584 745 ὅτι
616 718 713 743 extra
736 715 888 743 tenorem
912 712 1104 742 sententiae
1129 712 1290 743 inseritur

271 759 413 790 mediae.
443 756 585 804 πάρειμι
612 752 639 791 δ’
664 756 759 792 ἄκων
778 755 843 804 οὐχ
862 756 1008 798 ἑκοῦσιν,
1039 752 1102 791 οἷδ’
1128 756 1178 791 ὅτι
1203 759 1285 790 Ant.

270 804 351 838 276.
390 806 444 838 Sic
463 806 715 847 explicandum,
746 815 812 838 non
837 815 856 837 e
882 805 1079 837 traiectione
1098 807 1284 845 verborum,

272 863 357 894 quae
383 854 461 884 talis
487 854 624 894 quidem
651 854 733 884 satis
758 854 842 884 mira
866 853 971 893 foret,
1002 850 1077 885 ἀλλ’
1112 850 1164 893 οὐ,
1199 849 1289 885 τόνδ’

267 899 461 950 Ὄλυμπον,
490 902 560 938 ἴσθ’
578 903 639 944 ὅτι,
660 903 792 951 χαίρων
812 903 867 938 ἐπὶ
885 902 930 949 ψό
955 915 1020 938 οισι
1038 903 1206 942 δεννάσεις
1224 903 1287 949 ἐμὲ

271 950 352 986 754.
372 954 395 985 i.
417 962 447 984 e.
477 951 515 986 οὐ
532 950 664 999 χαίρων
684 950 863 993 δεννάσεις,
893 950 929 985 ’ίσ
955 949 962 962 '
981 950 1042 985 ὅτι.

345 1001 377 1032 d.
407 1001 483 1032 Duo
501 1000 657 1041 exempla
675 1003 767 1040 sunt,
788 1009 873 1041 quae
891 1001 989 1040 vulgo
1006 1000 1107 1040 plane
1125 1000 1287 1031 contraria

272 1048 400 1079 ratione
418 1047 623 1079 iudicantur.
645 1047 728 1078 Nam
746 1047 782 1078 in
799 1045 875 1080 εἷπε
894 1045 957 1091 μὲν
975 1044 1101 1093 λέχους
1118 1043 1168 1079 ὅτι
1185 1044 1285 1093 χρείη

274 1091 307 1139 μ’
326 1091 466 1128 ἑλέσθαι
490 1097 611 1139 κτῆσιν
630 1095 685 1126 Tr.
709 1091 787 1125 161.
816 1098 894 1126 ante
912 1094 1053 1134 Musgr.,
1082 1095 1179 1125 cuius
1205 1103 1285 1126 con-

271 1144 434 1174 iecturam
452 1142 566 1173 Herm.
584 1143 703 1173 merito
721 1142 885 1182 sequitur,
903 1151 1096 1182 quanquam
1113 1142 1149 1172 in
1166 1142 1286 1173 ceteris

274 1191 398 1222 erravit
414 1187 463 1232 (V.
483 1187 607 1234 νέμω),
637 1185 688 1221 ὅτι
706 1189 870 1229 particula
887 1198 962 1221 esse
980 1189 1188 1228 credebatur,
1210 1198 1286 1220 cum

273 1246 457 1279 pronomen
475 1238 537 1276 sit3
568 1241 602 1267 et
619 1233 672 1280 ἄρ’
690 1230 776 1269 οἶσθ’
797 1232 849 1268 ὅτι
866 1233 956 1273 Ζεὺς
972 1239 1040 1268 τῶν
1058 1232 1115 1268 ἀπ’
1142 1231 1285 1270 Οἰδίπου

271 1287 391 1317 ’κακῶν
418 1281 539 1317 ὁποῖον
565 1280 644 1329 οὐχὶ
659 1282 726 1328 νῷν
752 1281 800 1316 ἔτι
819 1281 942 1321 ζώσαιν
967 1280 1060 1316 τελεῖ
1076 1284 1158 1314 Ant.
1179 1280 1213 1314 2.
1234 1283 1286 1314 di-

272 1341 370 1363 versa
384 1332 609 1372 interpretum
627 1331 801 1362 conamina
817 1334 998 1372 expertum
1015 1334 1067 1362 est
1079 1354 1087 1370 ,
1115 1334 1155 1362 ut
1172 1330 1227 1362 vel
1244 1339 1285 1361 ex

272 1379 403 1411 duabus
429 1378 736 1410 constructionibus
761 1379 882 1410 mixtis
908 1379 1156 1419 explicaretur,
1193 1378 1287 1409 velut

274 1425 474 1466 Schaefero,
501 1426 556 1457 vel
580 1435 624 1457 ex
649 1426 779 1457 duabus
802 1425 1030 1465 interrogandi
1046 1425 1220 1465 formulis,
1249 1428 1287 1456 ut

272 1473 443 1506 Seidlerus
468 1474 550 1505 fecit
575 1473 752 1504 Homerica
774 1469 823 1509 τίς
847 1470 953 1506 πόθεν
980 1470 1051 1505 ἕσσι
1069 1481 1281 1513 comparans;

267 1529 330 1552 nec
346 1521 513 1562 improbat
529 1520 590 1552 hoc
606 1520 722 1551 Herm.
754 1519 895 1551 Seidleri
920 1520 1042 1551 rationi
1059 1520 1144 1551 illud
1161 1520 1281 1559 obstat,

267 1568 357 1609 quod
374 1568 460 1599 duae
486 1568 564 1599 illae
581 1567 811 1607 interrogandi
835 1568 871 1598 in
897 1577 1004 1598 unum
1030 1567 1127 1608 quasi
1153 1571 1284 1598 coactae

264 1616 427 1647 formulae
445 1624 511 1647 non
528 1615 748 1656 reperiuntur
765 1615 834 1645 nisi
851 1615 888 1645 in
906 1615 1052 1646 oratione
1070 1617 1169 1646 recta.
1199 1614 1284 1645 Nam

263 1663 349 1694 illud
375 1663 565 1702 Antigonae
594 1658 694 1693 1342.
732 1671 794 1693 nec
818 1662 884 1693 dici
909 1663 1021 1703 potuit
1054 1662 1123 1701 ita,
1155 1666 1190 1693 et
1216 1662 1283 1693 iam

266 1709 485 1742 emendatum
510 1713 573 1741 est.
619 1709 715 1741 Wex.
738 1709 939 1741 Seidlerium
965 1709 1085 1740 ceteris
1111 1710 1280 1750 sequitur,

265 1754 387 1790 ὁποῖον
410 1761 527 1789 autem
552 1757 677 1797 logicae
703 1757 951 1788 subiunctionis
977 1756 1111 1788 vinculo
1136 1765 1212 1787 cum
1230 1753 1286 1796 &rt

265 1805 458 1845 copulatum
475 1813 549 1836 esse
566 1804 659 1844 dicit,
691 1804 955 1844 ut-epexegesis
981 1803 1148 1844 quoddam
1172 1812 1281 1844 genus

264 1856 452 1883 enascatur.
503 1851 691 1883 Hermanni
723 1855 874 1882 mentem
907 1851 1036 1892 ipsius,
1073 1851 1170 1882 cuius
1203 1851 1282 1882 olim

264 1899 454 1931 emendatio
481 1899 550 1930 suit
577 1896 628 1931 ὅτι
655 1899 841 1940 particula,
875 1907 967 1929 nunc
991 1907 1109 1929 rursus
1130 1902 1276 1939 recepta,

266 1956 332 1978 non
357 1947 438 1978 satis
463 1947 650 1987 perspicio:
696 1946 857 1977 Boeckhii
880 1949 994 1976 autem
1019 1945 1280 1987 explicationem

265 1987 355 2027 οἶσθ’
382 1991 433 2026 ὅτι
456 1991 560 2034 τελεῖ,
596 1991 655 2026 καὶ
688 1991 731 2038 δὴ
759 1991 879 2026 ὁποῖον
906 1989 945 2025 οὔ
971 1995 1164 2033 quanquam
1179 1993 1281 2033 pesulo

264 2041 340 2072 aliis
354 2041 466 2072 verbis
483 2041 646 2082 prolatam
660 2041 840 2072 manifesto
853 2049 965 2072 veram
979 2038 1086 2072 videri
1102 2035 1280 2077 ίιιᾶποῐκ

266 2088 464 2128 significavi.
493 2088 683 2120 Praeiverat
700 2088 780 2119 Lob.
802 2087 842 2118 ad
860 2087 915 2118 Αἰ.
940 2083 1040 2119 1424.

337 2131 371 2166 2.
399 2135 581 2175 Antiquior
599 2135 655 2166 illa
674 2135 874 2174 significatio
890 2137 957 2176 est,
977 2142 1044 2175 qua
1060 2132 1278 2166 οἰκειώσει-

265 2183 348 2214 ιίοηὶ
372 2183 596 2219 constitutum
622 2178 674 2214 ὅτι
698 2181 961 2213 demonstrative
981 2178 1116 2213 cuidem
1152 2184 1155 2186 '

264 2230 359 2261 denti
383 2229 645 2261 accommodatur
669 2229 842 2270 proxime:
883 2234 986 2270 quun
1002 2228 1072 2266 hoe
1094 2228 1280 2270 hecquo-l

265 2276 411 2308 mediam
434 2278 526 2308 inter
542 2276 742 2308 obiectivam
759 2279 794 2308 et
810 2275 979 2308 causalem
994 2276 1180 2317 posumus,
1201 2277 1280 2318 quia

265 2324 402 2365 utrique
427 2323 655 2356 inveniendae
670 2323 760 2355 vien
775 2323 998 2366 praestruxit.
1029 2322 1131 2355 'Eine
1147 2323 1279 2355 Latinis

265 2370 351 2412 quod
373 2371 468 2403 reddi
493 2370 660 2404 videmus.
694 2366 741 2403 ἀλ
764 2371 889 2451 ὦσα
912 2363 1001 2404 τοῦτ’
1021 2363 1116 2411 «αὔθ’,
1138 2367 1204 2402 ’ὅτι
1230 2368 1279 2408 ζῶ

266 2417 325 2452 σὺν
341 2419 466 2455 κακοῖς
491 2414 642 2458 πολλοῖς·
660 2417 722 2450 Ph.
821 2427 848 2450 ·.
875 2414 936 2453 ἀν’·
1033 2413 1066 2450 δ’
1090 2413 1143 2450 ὅτι
1159 2415 1279 2461 μάντις

264 2463 371 2501 πλὴν
391 2461 420 2510 ἢ
441 2461 503 2511 ’γὼ
593 2468 684 2507 ὅσοι,
708 2462 822 2513 πρίσω
846 2462 922 2499 οὐκ
963 2472 1035 2497 στιν
1057 2461 1196 2510 ἀληθής
1223 2464 1280 2496 OR

263 2508 404 2545 booch.
441 2512 489 2545 Su
520 2547 529 2552 „
604 2508 764 2546 ’τούτου
797 2517 937 2544 nemum
962 2514 1052 2543 recte
1081 2512 1183 2543 schol.
1216 2520 1279 2543 ex-

264 2559 399 2601 puam.
420 2551 773 2603 faeminas-eum
787 2558 875 2592 mua
890 2559 974 2591 Ant.
999 2555 1064 2590 159
1083 2559 1133 2590 ch.
1155 2554 1279 2604 Κρέων

292 2599 297 2609 ’
330 2600 590 2654 ffljfflffi
657 2616 709 2640 τιν
722 2604 884 2653 ἐρέσσων,
905 2604 955 2639 ὅτι
973 2602 1163 2652 σύγκλητον
1177 2604 1280 2651 τήνδε

265 2663 304 2700 γε
383 2656 402 2692 s
423 2695 426 2697 Δ
449 2645 621 2702 w
750 2664 780 2686 ν.
808 2653 848 2685 Id
865 2653 1062 2694 exemplum
1080 2653 1280 2685 transeundi

265 2701 310 2733 ad
406 2739 409 2741 ¹
480 2698 757 2744 '‘mundam
786 2701 948 2732 rationem
977 2703 1153 2732 monstrat.
1207 2701 1278 2731 Non

266 2747 355 2780 male
370 2735 464 2780 σὼ
477 2745 677 2781 ῑΰύσῒὶτιιιιε
695 2745 769 2781 ἐπεί
793 2758 832 2794 γε
849 2745 906 2792 δή,
935 2747 993 2779 sed
1010 2756 1086 2779 cum
1102 2747 1280 2778 manifesto

267 2804 386 2827 verum
410 2795 592 2836 squuod
615 2803 660 2826 ex
682 2795 784 2827 schol.
815 2799 849 2826 et
873 2804 983 2836 apogr.
1012 2794 1142 2826 duobus
1160 2794 1275 2825 Herm.

267 2843 408 2883 recepit,
428 2839 542 2883 τίνα,
565 2850 632 2874 non
648 2842 736 2883 quod
753 2843 790 2873 in
800 2844 920 2874 ceteris
938 2841 1032 2873 libris
1046 2844 1100 2873 est
1111 2838 1161 2885 [et
1172 2841 1276 2872 Dind.

267 2886 423 2932 recepit],
443 2887 527 2930 τινά,
550 2889 810 2929 intelligendum
826 2890 892 2930 ita3
925 2886 1001 2921 τίνα
1018 2885 1060 2933 δὴ
1080 2890 1179 2932 μῆτιν
1194 2885 1281 2920 ταύ-

266 2946 329 2981 την
360 2934 528 2981 ἐρέσσων,
577 2937 673 2977 quale
705 2937 880 2968 consilium
914 2934 1020 2975 illud,
1056 2936 1150 2966 cuius
1182 2944 1282 2966 causa

267 2984 456 3015 concionem
471 2982 659 3016 advocavit.
687 2980 739 3016 ὅτι
764 2980 818 3029 σφ’
843 2980 976 3030 ἀνάγκη
1000 2980 1082 3026 τῇδε
1107 2979 1282 3028 πληγῆναι

268 3026 371 3076 χθονὶ
408 3029 464 3062 OG
489 3026 569 3061 605.
604 3030 789 3071 Respondit
813 3029 943 3062 Theseo
974 3030 1152 3070 quaerenti
1181 3030 1281 3062 ποῖον

269 3074 382 3114 πάθος
399 3074 590 3117 δείσαντας;
621 3077 891 3109 subaudiendum
916 3080 956 3108 ut
972 3076 1017 3108 sit
1033 3077 1147 3116 τοῦτο,
1167 3072 1230 3108 ὅτι.

340 3120 373 3155 3.
404 3124 531 3156 Causae
556 3124 636 3155 facti
651 3123 841 3156 reddendae
866 3123 1094 3163 constituitur,
1123 3122 1209 3164 quod
1234 3123 1281 3154 si-

268 3170 443 3212 gnificans.
472 3168 523 3204 ὅτι
547 3167 658 3215 σφίσιν
682 3168 752 3216 ἤδη
776 3168 820 3204 τὰ
845 3169 907 3215 μὲν
933 3169 974 3204 ἐκ
994 3167 1110 3214 δόμων
1127 3171 1221 3203 νοσεῖ
1237 3167 1280 3215 δή

270 3219 325 3250 El.
349 3214 440 3249 1070
457 3217 508 3250 ch.
544 3217 659 3250 Unum
682 3218 744 3250 hoc
768 3227 822 3258 ap.
844 3216 944 3258 Soph.
974 3217 1191 3257 exemplum,
1220 3225 1282 3248 nec

271 3265 359 3296 illud
372 3265 420 3296 ita
433 3268 574 3305 certum,
595 3268 635 3296 ut
650 3264 691 3296 ad
707 3265 850 3305 primam
867 3263 1147 3304 significationem
1149 3264 1282 3342 91·ῗίοὲιί

404 3311 476 3343 ssit.
540 3335 547 3342 .
569 3315 656 3342 tame
697 3311 730 3342 H
806 3335 814 3343 .
1012 3310 1054 3340 ‘H
1098 3335 1104 3342 .
1255 3335 1262 3342 .

273 3320 436 3393 ῃοη”1())οτι
459 3312 566 3404 τάῖος
584 3321 716 3399 aliadlue
732 3320 897 3390 {liu-smodi
924 3366 990 3390 non
1008 3332 1063 3389 ilic
1071 3307 1147 3389 gad),
1155 3358 1190 3388 in
1199 3307 1284 3398 ’proz

273 3405 410 3438 nomine
428 3402 518 3443 ὅστις
534 3405 734 3445 quaerenda.
754 3405 843 3438 Illud
859 3405 942 3437 addo
968 3401 1019 3437 ὅτι
1043 3412 1144 3444 saepe
1161 3405 1197 3435 in
1215 3405 1283 3436 flne

267 2631 275 2638 ι
279 2622 309 2638 'fi

1182 110 1286 172 Ὅτι
1311 152 1380 159 —-
1405 115 1471 171 Οὐ

1313 2146 1411 2184 τοτοῖ
1428 2147 1531 2188 dedit,
1553 2156 1630 2180 cum
1646 2146 1793 2182 Brunak..
1821 2137 1930 2183 metri*
1954 2165 1957 2171 ·
2004 2156 2009 2169 ’
2056 2144 2059 2153 '

2017 129 2068 183 [11
2075 148 2111 181 p.
2123 131 2284 174 395-3·

1326 249 1444 272 versus
1468 240 1568 282 poni,
1605 241 1645 272 de
1674 250 1741 283 qua
1768 250 1804 273 re
1830 253 1862 274 v.
1884 242 2030 276 Boeckb.
2057 244 2150 286 expl.
2179 238 2286 278 napis

1325 296 1358 328 p.
1382 284 1460 320 158.
1490 288 1656 329 Exempla
1682 292 1764 320 sunt
1788 289 1850 323 Ph.
1870 286 1950 322 325.
1980 287 2061 323 405.
2089 287 2169 324 549.
2202 289 2286 326 OR!

1326 331 1406 366 525.
1437 331 1539 367 1133.
1571 332 1671 367 1401.
1707 336 1763 368 OC
1790 333 1870 368 320.
1899 333 1979 369 666.
2007 334 2088 370 872.
2118 334 2200 371 941.
2233 335 2288 373 1οἒ

1326 382 1406 412 Ant.
1429 378 1486 413 61.
1515 378 1573 414 98.
1606 379 1684 414 188.
1714 379 1795 415 276.
1824 380 1904 416 311.
1933 381 2013 416 325.
2042 381 2122 417 649.
2151 382 2232 418 758.
2253 382 2288 418 7‘.

1328 425 1429 460 1043.
1460 429 1513 460 El.
1534 426 1591 461 44.
1613 426 1694 462 332.
1713 426 1795 462 426.
1816 426 1896 463 988.
1920 427 2022 464 1106.
2045 428 2147 464 1367.
2176 433 2232 464 Τι’.
2251 429 2288 467 4ξ

1326 472 1405 507 464.
1428 473 1508 508 904.
1540 473 1641 508 1110.
1678 478 1733 508 Ai.
1756 473 1835 510 678.
1857 474 1936 520 792,
1967 482 2006 510 ut
2029 487 2096 510 non
2122 480 2219 512 modo
2244 489 2288 512 nu

1325 523 1390 554 alia
1416 524 1580 563 particula
1607 527 1675 555 tam
1701 525 1813 556 crebro
1838 534 1917 556 eum
1949 526 2061 557 locum
2083 531 2242 568 occupet,
2277 535 2288 560 ι

1325 569 1416 601 hunc
1432 571 1528 611 quasi
1551 571 1740 610 legitimum
1764 576 1798 603 et
1815 581 2011 604 concessum
2028 577 2160 605 teneat:
2189 574 2278 615 quod

1326 622 1441 648 tenore
1468 618 1642 649 verborum
1667 619 1740 650 eius
1774 620 1833 660 qui
1866 620 2005 661 loquens
2029 621 2255 653 introducitur
2278 629 2288 654 ι

1327 673 1421 695 suam
1438 665 1510 705 ipse
1528 666 1732 697 sententiam
1750 667 1893 707 profert,
1921 667 2045 698 mirum
2061 677 2128 699 non
2146 673 2209 701 eat.
2253 668 2288 701 Nl

1326 711 1361 742 in
1379 716 1506 744 ceteras
1524 713 1709 753 particulae
1727 714 1991 754 significationes
2009 724 2076 747 non
2094 716 2193 748 cadit.

1398 774 1573 826 [”Οτλος
1591 783 1683 814 labor
1705 780 1805 826 (Lob.
1832 783 1926 815 Path.
1951 781 1982 825 1,
2006 781 2051 817 36
2067 789 2103 816 et
2116 781 2195 830 83.)
2209 782 2284 830 ἥτις

1324 827 1500 875 νυμφείων
1519 827 1618 863 ὄτλον
1637 827 1795 875 ἄλγιστον
1814 827 1916 877 ἔσχον
1931 830 1987 863 Tr.
2005 829 2027 863 7
2055 842 2138 873 quae
2155 833 2288 866 tristam

1323 878 1520 916 nuptiarum
1544 886 1668 917 anyore
1680 878 1820 909 sollicita
1834 879 1900 919 fui.
1930 878 2022 910 Libri
2039 879 2080 911 ad
2097 889 2204 912 unum
2221 888 2288 919 omr

1324 920 1438 1002 (δῖνον,
1446 924 1518 1004 &sed
1533 925 1579 1016 in:¹
1589 925 1648 956 LA
1666 924 1769 956 schol.
1789 935 1842 971 γρ.
1855 922 1968 967 ὄτλον,
1989 926 2025 958 id
2042 927 2130 968 quod
2147 936 2214 959 rec.
2229 927 2288 966 Dii

1370 995 1376 1002 .
1398 981 1425 1002 s.
1467 982 1559 1009 κνος.

1386 1032 1579 1086 ”Οτοβος
1603 1051 1714 1074 sonus.
1752 1042 1835 1074 Late
1852 1044 1944 1075 enim
1969 1044 2168 1084 significatio
2185 1045 2288 1079 vocab

1323 1091 1428 1128 patet,
1458 1086 1602 1133 ὁμαδὸς,
1629 1087 1718 1136 ἦχος
1743 1090 1903 1131 explicati
1928 1101 1947 1122 a
1971 1089 2093 1124 Suida:
2123 1092 2165 1124 de
2181 1091 2288 1126 tibia«

1323 1144 1401 1166 sono
1418 1135 1547 1167 dictum
1570 1134 1698 1182 γλυκὺν
1723 1133 1838 1170 αὐλῶν
1865 1134 1987 1182 ὄτοβον
2011 1139 2066 1171 Ai.
2089 1135 2180 1171 1202
2196 1139 2248 1171 ch.
2264 1151 2288 1182 ς,

1323 1182 1364 1214 de
1379 1183 1568 1215 tonitruum
1585 1184 1711 1224 fragore
1731 1181 1811 1228 μάλ’
1834 1181 1934 1222 αὖθις
1959 1182 2169 1231 ἀμφίσταται
2193 1184 2288 1233 &anfi

1324 1239 1394 1266 σιος
1411 1226 1533 1274 ὄτοβος
1551 1231 1605 1263 Oc
1626 1229 1727 1263 1478.
1759 1229 1806 1275 [q.
1827 1232 1851 1265 1.
1870 1241 1972 1273 prava
1989 1234 2155 1276 scriptura
2178 1230 2288 1280 ὄττοβι

1323 1281 1375 1308 est
1400 1278 1436 1308 in
1461 1287 1572 1319 apogr.
1595 1278 1801 1310 Tricliniano
1825 1284 1860 1310 et
1876 1289 1930 1320 ap.
1953 1279 2048 1312 Suid.
2071 1291 2102 1312 v.
2123 1277 2288 1328 ἀμφίσταῆ

1323 1328 1358 1355 et
1375 1321 1533 1369 ὄττοβος;
1562 1326 1616 1357 Ai.
1636 1326 1660 1358 1.
1682 1337 1709 1358 c.
1742 1326 1800 1357 LA
1824 1326 1926 1358 habet
1946 1337 1967 1359 τ
1989 1338 2007 1358 a
2030 1337 2075 1359 m.
2104 1337 2170 1360 rec.
2197 1334 2288 1370 supe!

1324 1370 1501 1416 scriptum]
1527 1373 1626 1414 eique
1652 1374 1836 1415 scripturae
1859 1373 2086 1407 diversissima
2108 1376 2255 1408 miscens
2274 1375 2288 1418 1'

1323 1419 1507 1451 trocinatur
1525 1421 1650 1460 Reisig.
1671 1429 1745 1452 con.
1766 1430 1811 1453 cr.
1831 1429 1865 1461 p.
1887 1417 1967 1453 358.
2280 1424 2288 1442 ³

1392 1477 1574 1520 Ὀτοτοῖ
1597 1485 1787 1517 interiectio
1811 1484 1934 1517 doloris
1955 1489 1990 1518 et
2005 1488 2188 1519 maestitiae
2205 1476 2288 1527 graii

1321 1532 1424 1564 simae
1450 1533 1708 1573 significandae,
1737 1542 1836 1574 quam
1859 1533 1987 1565 inflecti
2010 1534 2168 1566 debuisse
2193 1537 2228 1566 et
2249 1533 2288 1568 ras

1321 1584 1484 1611 monstrat
1501 1584 1535 1611 et
1551 1581 1632 1611 artis
1649 1580 1829 1621 scriptores
1854 1581 1985 1622 iubent,
2005 1591 2037 1612 V.
2057 1581 2168 1623 Apoll.
2196 1581 2238 1614 de
2254 1575 2288 1617 ad

1319 1636 1352 1666 p.
1375 1623 1454 1668 537,
1478 1624 1534 1668 33,
1554 1627 1644 1668 apud
1661 1637 1762 1668 quem
1779 1631 1893 1659 contra
1908 1637 2009 1659 suum
2032 1629 2143 1669 ipsius
2159 1629 2288 1674 decreti

1320 1671 1433 1707 ὀτοτοί
1449 1674 1597 1715 editum3
1627 1679 1662 1706 et
1686 1675 1831 1706 inflectit
1846 1675 2035 1715 Hesychius
2061 1672 2240 1721 θρηνῶδες
2257 1674 2288 1723 kq

1319 1718 1458 1767 φθεγμα
1483 1717 1623 1762 vocans3
1659 1724 1750 1754 acuit
1772 1725 1884 1753 autem
1907 1722 2027 1755 Suidas
2060 1719 2135 1756 ἀντὶ
2166 1724 2227 1757 τοῦ
2253 1733 2283 1770 φ

1318 1769 1384 1800 dici
1409 1769 1601 1801 observans.
1638 1768 1787 1810 Uterque
1812 1769 1941 1801 duobus
1973 1780 2003 1811 τ,
2033 1771 2127 1802 velut
2151 1770 2245 1803 codd.
2267 1803 2285 1807 ,

1320 1812 1410 1848 1245
1428 1826 1487 1857 m.,
1519 1825 1583 1857 quo
1601 1825 1669 1848 uno
1691 1817 1760 1848 loco
1779 1817 1946 1857 reperitur
1971 1815 2123 1852 ὀτοττοῖι
2153 1818 2237 1850 falso
2259 1832 2264 1844 ι

1317 1864 1405 1904 dem,
1427 1863 1515 1905 quod
1532 1864 1671 1895 verbum
1689 1861 1840 1902 ὀτοτύζω
1865 1864 1989 1905 arguit,
2017 1873 2210 1907 quanquam
2256 1859 2276 1892 ιῘ

1318 1912 1386 1948 bris
1402 1911 1460 1942 illa
1477 1911 1646 1955 scriptura
1661 1911 1765 1944 etiam
1781 1921 1801 1946 a.
1825 1911 1872 1945 ud
1886 1911 1970 1951 aliae
2113 1912 2143 1931 Τ
2151 1910 2203 1950 ἲ,
2259 1906 2262 1907 ’

1315 1958 1358 1991 ιιι
1373 1957 1429 1990 01.
1453 1954 1554 1990 1374.
1574 1957 1700 1991 Pboou.
1720 1920 1830 1991 15³8:
1859 1957 1919 1997 ..a
1935 1915 2193 2009 ,ιρᾞᾉ

1317 2000 1420 2049 1052.
1456 2005 1522 2047 Ap.
1542 2002 1645 2046 soph.
1665 2002 1854 2050 infimam
1875 2002 2034 2051 ἱερῇε
2048 1997 2062 2046 f

1315 2052 1436 2085 nini'in
1451 2051 1538 2085 Ποῖ.
1560 2047 1597 2087 Γ.
1619 2047 1659 2088 Δ.
1679 2052 1827 2087 acuitur.
1862 2045 1928 2091 (3ὶῖ
1963 2089 1968 2094 ,
1986 2075 1989 2080 ·

1314 2098 1434 2142 phicus
1450 2099 1653 2143 respondeat
1667 2097 1750 2137 τάδε
1765 2098 1846 2147 δίκᾳ
1897 2099 1901 2105 “
1963 2099 1965 2101 ’
2052 2092 2066 2105 ”

1356 2194 1493 2228 οττοτοῖ
1510 2195 1712 2236 scripsisset.
1742 2193 1894 2229 Sednon
1909 2194 1981 2229 ‘du
2108 2209 2150 2223 ···
2232 2231 2234 2240 .
2262 2220 2265 2223 ,

1347 2266 1355 2274 .
1377 2242 1608 2282 corrigendum
1623 2243 1668 2274 sit
1685 2243 1749 2288 φεῦ
1767 2240 1884 2277 ὀτοτοῖ
1898 2244 2005 2277 τοτοῖ.
2240 2253 2288 2291 ,Α

1385 2305 1584 2359 Ὀτρύνω
1603 2313 1747 2353 impello,
1769 2313 1926 2347 cohortor.
1947 2312 2017 2361 ἐγὼ
2035 2312 2073 2347 δὲ
2090 2308 2247 2361 φοιτῶντ’
2262 2309 2288 2353 (Ι

1317 2357 1379 2404 δρα
1406 2358 1563 2404 μανιάσιν
1595 2358 1706 2397 νόσοις
1733 2358 1896 2405 ὤτρυνον,
1928 2359 2126 2408 εἰσέβαλλον
2159 2359 2207 2399 εἰς
2240 2358 2288 2408 ἔρι’

1315 2405 1408 2440 κακά
1433 2408 1486 2439 Ai.
1508 2404 1564 2439 60.
1594 2404 1782 2453 ὀτρύνουσά
1809 2418 1858 2440 νιν
1884 2406 1965 2441 771.
1987 2406 2026 2442 σὺ
2052 2406 2147 2453 ἡμᾶς
2171 2420 2192 2442 τ
2223 2407 2288 2455 ὀτμ

1315 2464 1395 2495 νεις,
1423 2452 1547 2491 καύτὸς
1574 2452 1608 2487 ἐν
1633 2454 1781 2499 πρώτοις
1808 2451 1881 2488 ἔπει
1905 2456 1957 2487 El.
1978 2453 2035 2488 Q.
2072 2457 2185 2488 Prima
2201 2452 2288 2496 syllal

1316 2502 1351 2532 in
1370 2502 1435 2533 arsi
1453 2502 1659 2542 producitur,
1688 2502 1743 2533 Ai.
1765 2499 1845 2534 771.

1387 2557 1444 2594 Οὔ
1470 2569 1654 2601 pronomen
1679 2571 1712 2593 v.
1738 2558 1765 2594 ἵ.
2283 2545 2288 2568 ³

1387 2615 1445 2653 Οὔ
1471 2619 1666 2651 adverbium
1691 2630 1723 2650 v.
1754 2617 1802 2656 ὅς.
2101 2618 2151 2663 (ΙΙ
2168 2630 2202 2662 p.
2223 2612 2288 2667 398Ι

1388 2675 1444 2712 Οὐ
1469 2687 1548 2710 non.
1577 2679 1713 2718 negatio
1731 2679 1779 2709 rei
1804 2679 1908 2709 sactae
1926 2678 1981 2710 vel
1997 2678 2168 2711 faciendae
2193 2678 2288 2719 ipsiu}

1316 2726 1412 2757 cuius
1429 2726 1627 2765 praecipuos
1644 2726 1814 2757 doctrinae
1831 2729 1983 2757 auctores
1999 2726 2035 2757 in
2054 2735 2086 2757 v.
2108 2724 2157 2770 μή
2174 2725 2288 2762 lauda!

1316 2782 1403 2803 mus.
1426 2769 1499 2812 Οὐ,
1529 2770 1607 2805 οὐκ
1619 2799 1626 2812 ,
1655 2783 1672 2805 ο
1684 2769 1757 2818 ὐχί
1781 2782 1856 2803 cum
1874 2772 2045 2813 plerisque
2061 2774 2162 2804 rebus
2179 2781 2288 2811 comm]

1316 2829 1394 2851 nem
1410 2820 1617 2860 provinciam
1633 2819 1789 2859 habeant,
1808 2823 1861 2850 est
1877 2823 2001 2860 tamen,
2022 2820 2082 2851 ubi
2097 2828 2165 2851 non
2183 2821 2288 2859 contu·

1316 2867 1505 2898 dantur———.
1526 2863 1595 2910 [De
1611 2876 1634 2898 ν.
1650 2866 1852 2907 prosthetico
1861 2876 1893 2897 v.
1907 2866 1988 2898 Lob.
2001 2866 2096 2898 Path.
2108 2863 2142 2907 2,
2154 2863 2224 2900 218
2232 2860 2288 2908 sqq

1387 2937 1414 2967 1.
1444 2935 1667 2976 Praecipuum
1692 2937 1796 2976 igitur
1812 2935 1899 2967 illud
1915 2936 2099 2977 particulae
2116 2945 2240 2969 munus
2257 2935 2288 2973 ed

1319 2986 1356 3013 ut
1368 2982 1570 3022 praedicatis
1586 2983 1774 3014 notionibus
1791 2982 1904 3015 addita
1930 2982 1964 3014 id
1981 2992 2050 3014 non
2066 2992 2131 3015 esse
2147 2980 2288 3024 siqm'fiefl',

1318 3029 1413 3070 quod,
1436 3031 1463 3061 ai
1480 3030 1612 3070 abesset,
1633 3039 1698 3060 ease
1714 3030 1951 3071 affirmaretur.
1995 3029 2095 3061 Verba
2111 3033 2192 3062 sunt
2206 3021 2288 3069 igini

1318 3077 1442 3117 quibus
1467 3086 1577 3108 comes
1602 3077 1749 3108 accedit:
1778 3086 1854 3107 nam
1879 3077 2011 3108 etiamsi
2035 3071 2288 3117 praedicatura!

1317 3123 1398 3164 qnid
1415 3123 1589 3164 adiectivo,
1612 3125 1712 3155 verbo
1730 3127 1841 3155 tamen
1859 3124 2068 3155 substantivo
2091 3124 2244 3164 proxime
2260 3119 2288 3154 11³1!

1317 3171 1406 3210 gatio
1422 3171 1586 3211 iungitur,
1608 3172 1733 3211 quippe
1751 3171 1954 3211 significans,
1977 3179 2043 3202 non
2061 3171 2178 3202 cadere
2194 3171 2230 3202 in
2246 3166 2288 3208 eui

1317 3218 1437 3249 iectam
1454 3218 1637 3258 notionem,
1659 3218 1747 3258 quod
1765 3227 1841 3249 cum
1865 3227 1904 3248 ea
1921 3218 2017 3258 quasi
2034 3217 2255 3258 coagmentari
2269 3218 2288 3249 1

1317 3264 1436 3296 deatur
1452 3268 1486 3296 et
1503 3273 1570 3296 una
1587 3264 1734 3304 cogitari.
2274 3256 2288 3287 ‘⁷¹2

1390 3307 1421 3342 1.
1459 3311 1556 3342 Verbo
1574 3311 1719 3342 additur.
1749 3309 1795 3343 ὧν
1819 3308 1896 3356 πρὶν
1923 3308 1987 3344 οὐκ
2003 3308 2159 3356 ἀκήκοας
2182 3309 2242 3343 Ph.
2258 3304 2288 3344 ff

1318 3354 1382 3390 οὐκ
1403 3354 1552 3402 ἠξίωσαν
1577 3354 1633 3389 62.
1671 3356 1709 3390 οὐ
1734 3355 1798 3403 γὰρ
1830 3355 1924 3404 ἡμᾶς
1948 3357 2148 3405 χειρώσεται
2171 3354 2227 3390 91.
2278 3391 2279 3394 ,

1319 3402 1432 3437 ὀκνεῖν
1462 3403 1584 3450 πρέπει
1612 3402 1688 3436 111.
1733 3402 1798 3438 οὐκ
1822 3401 1862 3437 ἂν
1887 3401 2055 3451 ἀρνοίμην
2081 3401 2158 3436 118.
2192 3405 2260 3450 πῦρ
2277 3431 2288 3450 ,ι
