2288 3600
0 148 29 198 g»
61 151 94 200 [1
109 164 144 196 p.
161 128 377 198 ses-586]

59 263 131 293 κῶν
166 260 219 292 ΕΙ.
250 256 350 292 1188.
395 259 475 291 Ant.
505 255 537 290 6.

754 167 755 170 =
827 131 992 203 Ἔμπα
1019 169 1080 176 --
1102 131 1357 206 ’Έμπειρος

2025 139 2126 188 235

605 256 828 302 ουλευμάτων
854 258 936 289 Ant.
968 253 1069 288 1265.
1110 257 1208 289 Nunc
1224 256 1338 289 Herm.
1360 258 1613 298 ambiguitatem
1639 258 1673 289 in
1692 254 1850 302 Ευμφορά
1865 257 2018 298 quaerit,
2039 265 2124 298 quae

2 304 6 321 ⁵
57 304 188 341 τέκνων
206 306 259 339 ΕΙ.
281 303 361 338 542.
377 304 560 351 ,πημάτων
602 302 658 337 75.
674 305 794 337 -ἀαί,
816 303 834 338 ἐ
847 305 950 348 μοῖς
966 302 1075 348 ὤμοις
1110 304 1193 336 mihi
1218 305 1276 335 vix
1300 304 1370 336 ulla
1389 304 1523 336 videtur
1540 313 1632 342 esse3
1664 305 1727 335 nisi
1746 301 1894 349 φιλτάτη
1910 300 2068 348 Ευμφορά
2084 313 2122 335 eo

3 358 7 365 ¹
59 354 114 386 Tr.
138 350 238 386 1051.
266 347 306 387 λό
330 360 380 387 οις
403 353 463 385 Ph.
487 349 587 384 1279.
612 349 712 384 1374.
733 349 803 396 [ΕΙ.
827 348 903 395 30.]
935 351 991 383 Tr.
1012 347 1069 383 60.
1109 359 1232 391 genere
1257 351 1417 392 loquendi
1442 349 1696 397 Ρτοζφιλτάτων
1722 348 1880 397 ξυμφορά
1908 351 2054 387 dictum,
2082 350 2122 382 de

1 454 3 479 ξ
59 397 348 493 όὲῗωόφιξῗαῐλιμοῖς
373 444 474 479 1377.
518 447 669 491 γονεῦσιν
697 442 787 477 1494
824 447 898 482 τοῖς
915 442 1024 478 πάλαι
1038 457 1068 490 γ.

3 539 5 542 ⁴
60 491 334 572 mawstDffid}
363 491 505 572 ὲἹχθροῖς
515 492 570 526 00
579 489 660 525 460.
680 490 776 526 παισί
793 489 814 524 7
839 489 872 524 9.
888 490 1073 537 -ἐμαῖς

60 539 202 586 βουλαῖς
219 541 280 573 Ph.
323 538 369 573 24
398 566 404 573 .
432 540 584 586 γνώμαις
601 537 747 572 03525.
775 535 960 586 χερσί996.
990 536 1073 572 δυσ-

60 586 213 633 βουλίαις
246 589 327 620 Ant.
352 584 440 620 1269
463 597 506 619 m.
536 604 577 610 -
604 584 733 631 ἐμοῖς
757 587 881 623 κακοῖς
906 586 959 618 ΕΙ.
988 583 1069 618 880.

15 652 19 656 -
58 636 114 668 Ai.
135 632 215 668 431.
252 632 429 668 OR1507.
476 632 598 679 βουλεὺ
630 643 684 667 ασι
708 634 761 666 ΕΙ.
785 630 864 666 967.
911 631 995 667 πλευ
1021 635 1074 670 οῖς

61 682 116 714 Tr.
148 678 248 714 1225.
301 679 436 715 ὅπλοισι
459 681 521 713 Ph.
554 678 596 714 10
622 677 655 712 3.
698 677 809 720 τόξοις
836 677 936 713 1303.
969 678 985 712 1
1013 677 1069 712 27.

62 725 163 761 1439.
206 727 355 762 τέκνοισι
379 729 434 761 00
461 725 562 760 1529.
591 746 632 751 -
659 737 726 761 acc.
758 726 890 773 ἐμούς
915 726 973 759 OR
989 723 1069 759 434.

25 775 30 785 '
60 774 188 821 δόμους
203 776 259 809 00
276 773 355 808 643.
377 776 432 807 Αἰ.
453 771 533 808 568.
563 772 767 820 ὀφθαλμούς
784 775 865 807 Ant.
884 771 963 806 307.
991 772 1074 819 τρό-

59 833 144 860 πους
162 823 216 855 ΕΙ.
238 819 318 855 397.
362 819 485 868 λόγους
512 822 619 864 Tript.
648 822 687 854 fr.
709 819 789 854 535.
834 819 948 869 ὄρχεις
967 822 1068 853 Troil.

58 871 100 906 fr.
129 866 208 902 549.
237 888 278 894 -
305 868 414 949 ἐξιρὶς
442 866 570 913 ἡδονάς
588 870 639 901 ΕΙ.
666 865 766 925 1303.
810 863 965 906 ἄταξΑἰ.
987 865 1068 901 848.

55 913 1074 1010 zrg{;.¹⁷5²...322253÷21.¹¹33.:'12s‡.14‡?.2.22r.z†

0 1030 1 1033 =
58 1008 138 1043 744.
158 1029 206 1034 —
222 1009 306 1055 ἐμὰ
323 1009 366 1044 ἔπ
408 1011 466 1043 OR
482 1007 563 1042 216.
601 1010 654 1041 ΕΙ.
679 1007 779 1042 1050.
804 1007 904 1042 1057.
951 1007 1073 1054 στόμια

0 1051 2 1071 ἶ
60 1055 160 1090 1462.
190 1055 282 1091 ὅπλα
298 1059 352 1090 Ai.
397 1054 454 1089 00.
483 1057 544 1089 Ph.
566 1054 646 1089 376.
667 1053 747 1088 973.
784 1055 893 1104 τεύχη
912 1058 966 1089 Ai.
988 1053 1068 1089 572.

58 1105 117 1137 Ph.
140 1102 218 1138 370.
247 1102 386 1149 λύματα
402 1105 456 1136 Ai.
478 1101 558 1136 655.
587 1102 680 1138 κακά
695 1103 753 1136 OR
770 1096 976 1136 329.'1414.
1016 1103 1072 1137 00

57 1149 138 1185 344.
169 1149 302 1185 ἔπαυλα
316 1148 485 1185 031138.
516 1148 629 1185 πάθεα
650 1148 792 1183 1330m.
823 1149 906 1198 ἔργα
923 1148 1069 1184 00266.

59 1200 176 1241 Neque
201 1198 381 1231 ‹lov-imnum
411 1200 447 1230 in
477 1198 530 1230 his
557 1200 764 1238 notavimus.
799 1199 858 1240 qui
882 1199 918 1230 in
944 1199 1073 1230 melicis

57 1247 210 1287 partibus
229 1250 460 1278 controversus
479 1254 545 1277 non
564 1249 628 1285 est,
650 1254 712 1277 nec
729 1247 917 1285 articulum,
940 1246 999 1277 ubi
1015 1245 1074 1277 ad-

57 1294 160 1334 ditus,
183 1295 241 1326 ubi
259 1295 401 1326 omissus
418 1296 488 1324 est:
509 1293 598 1333 quod
615 1301 715 1333 saepe
733 1293 985 1332 significationis
1003 1293 1072 1324 dis-

58 1342 183 1373 crimen
202 1349 267 1372 non
294 1341 383 1372 facit.
421 1351 453 1371 V.
483 1337 500 1373 ὸ
526 1336 549 1384 ἡ
573 1338 630 1373 τό.
666 1340 718 1371 De
740 1349 804 1371 usu
829 1341 1074 1372 observandum

59 1396 162 1429 pauca
171 1388 327 1429 exempla
344 1386 361 1420 ἐ
371 1399 396 1432 μ
404 1385 422 1420 ό
431 1398 447 1424 ς
457 1388 586 1427 passive
594 1387 675 1418 dicti
683 1396 757 1418 esse
766 1387 822 1419 00
830 1383 910 1419 419.
922 1387 980 1419 OR
989 1383 1069 1419 969.

13 1438 17 1479 J
58 1435 112 1467 El.
126 1430 206 1467 343.
243 1435 375 1466 Deinde
390 1431 451 1471 τὰς
469 1431 555 1479 ἐμὰς
571 1430 680 1468 Λαΐου
701 1430 889 1480 διαφθοράς
915 1434 973 1466 OR
990 1431 1069 1466 572.

11 1499 15 1504 ·
57 1475 164 1517 Λάιον
188 1479 244 1515 ὕπ’
269 1479 356 1527 ἐμοῦ
380 1478 630 1526 διεφθαρμένον
658 1481 844 1521 significat,
881 1486 915 1513 et
946 1479 1073 1526 τούμὸν

14 1562 17 1564 ,
58 1526 146 1575 αἷμα
156 1527 284 1575 πατρός
301 1525 400 1561 1400.
429 1526 469 1561 τὸ
485 1527 613 1573 πατρὸς
631 1525 686 1561 ὑπ’
705 1527 790 1573 ἐμοῦ
806 1525 927 1574 χυθέν,
949 1529 990 1560 de
1008 1538 1074 1570 qua

57 1585 94 1609 re
118 1577 216 1616 longe
241 1577 459 1617 explicatiora
475 1574 544 1607 dari
568 1579 728 1616 potuere,
757 1585 857 1616 quam
884 1576 1008 1607 factum
1033 1577 1074 1607 ab

13 1626 43 1649 λ
56 1623 171 1664 Intpp.
199 1634 230 1655 v.
261 1619 524 1668 μεσόμφαλα
537 1634 563 1660 ς.
610 1621 716 1668 ὀργὴν
740 1621 804 1666 τὴν
823 1621 910 1668 ἐμήν
927 1623 987 1655 OR
1004 1619 1073 1655 337

16 1668 26 1711 ᾗ
56 1671 224 1710 significat
248 1669 296 1707 εἰς
314 1667 358 1715 ἣν
386 1667 515 1703 ἄλλους
531 1672 636 1709 κινῶ,
666 1673 705 1701 ut
727 1671 815 1701 bene
840 1670 943 1701 schol.
967 1687 1070 1701 —-.-—

16 1714 34 1761 ἦ
56 1718 101 1749 11.
131 1717 414 1749 substantive
439 1716 578 1749 dictum.
624 1714 719 1753 ὅπως
743 1715 801 1750 καὶ
827 1715 879 1749 σοὶ
897 1715 935 1762 φί
960 1728 997 1750 ον
1014 1716 1074 1750 καὶ

53 1762 182 1809 τούμὸν
201 1761 294 1797 ἔσται
309 1761 392 1797 τ’δε
409 1763 463 1795 ΕΙ.
485 1761 586 1796 1302.
616 1761 679 1808 ὅρα
697 1762 745 1808 μὴ
763 1761 890 1807 τούμὸν
908 1761 999 1796 ἀλλὰ
1015 1762 1074 1798 καὶ

52 1809 94 1844 ’τὸ
111 1809 170 1844 σόν
187 1811 241 1843 Ai.
263 1808 322 1843 131
357 1836 363 1843 .
393 1811 510 1843 Simile
527 1814 580 1842 est
597 1810 636 1844 τὸ
654 1809 711 1844 σὸν
730 1804 909 1844 σπεύδουσ’
926 1807 998 1855 ἅμα
1015 1810 1073 1844 καὶ

54 1855 182 1903 τούμόν
201 1858 256 1890 ΕΙ.
276 1855 346 1891 252
362 1867 436 1890 mea
447 1868 507 1898 res,
529 1867 638 1890 mcum
650 1857 866 1898 commodum,
889 1868 920 1889 v.
939 1858 1069 1891 Schaef.

18 1924 22 1935 r
55 1905 97 1938 ad
114 1906 152 1936 L.
174 1905 249 1937 Bos.
277 1915 311 1946 p.
335 1902 412 1937 171.
458 1902 522 1938 οὐκ
540 1903 623 1950 ἐμὸν
639 1902 737 1945 τόδε,
767 1902 858 1938 ἀλλὰ
884 1903 941 1938 σόν
969 1902 1068 1938 1470.

21 1987 23 1990 ,
58 1950 140 1998 ἐμὸν
156 1950 236 1985 τόδε
251 1953 307 1985 00
329 1949 395 1984 197
411 1953 464 1985 ch.
483 1961 594 1983 meum
617 1953 798 1992 myotmm.
827 1970 869 1975 —
897 1950 961 1999 οὐχ
981 1949 1073 1998 ἅψο-

32 2036 34 2038 .
59 2010 120 2044 μαι
135 1996 226 2033 τοῦδ’
244 1996 379 2045 ἀνδρός,
400 1996 491 2033 ἀλλὰ
505 2001 569 2045 τῆς
587 1997 676 2045 ἐμῆς
693 1999 748 2031 00
761 1996 840 2031 830.
870 1993 1072 2040 Antsgonam

53 2050 218 2088 'tanquam
243 2056 322 2079 suae
348 2047 556 2078 commissam
577 2047 705 2078 tutelae
722 2046 923 2078 reducturus
942 2046 1072 2079 Thebas

19 2090 138 2126 ''²2³erat.
176 2091 259 2139 ἐμόν
277 2094 335 2126 OR
354 2090 443 2125 1163
461 2093 577 2135 filium.
621 2091 684 2137 τήν
701 2090 729 2138 γ’
748 2091 836 2138 ἐμὴν
861 2095 999 2127 κτανεῖν
1016 2095 1069 2126 ΕΙ.

51 2137 124 2173 536
155 2141 198 2173 cf.
226 2138 295 2173 538
319 2141 434 2182 filiam.
502 2138 531 2172 εί
558 2138 685 2185 τούμὸν
711 2137 829 2186 ἀλγεῖς
855 2138 987 2185 μᾶλλον
1014 2142 1068 2173 Tr.

29 2202 37 2215 ·.
58 2183 150 2220 1068
173 2196 282 2219 meam
303 2197 391 2228 rem,
419 2188 442 2219 i.
471 2197 502 2219 e.
529 2197 640 2219 meum
661 2188 809 2226 malum5
844 2197 910 2219 non
929 2189 1074 2220 refertur

57 2235 147 2267 enim
171 2235 212 2266 ad
240 2231 351 2274 εἶδος,
380 2235 469 2276 quod
492 2235 656 2276 sequitur.
701 2232 740 2267 τὸ
756 2233 880 2269 τούτου
898 2233 1030 2279 μᾶλλον
1047 2231 1071 2280 ἢ

17 2359 19 2363 ,
54 2325 183 2372 τούμόν
198 2328 258 2360 OR
275 2325 355 2361 321.
397 2327 436 2361 τὸ
453 2330 534 2373 γοῦν
553 2327 570 2362 ἐ
600 2326 636 2361 όν
653 2328 712 2360 OR
729 2326 796 2361 626
820 2340 864 2361 sc.
886 2327 922 2362 εὖ
942 2333 1069 2374 φρονῶ,

30 2391 32 2394 >
52 2375 136 2407 mihi
152 2376 287 2407 consulo
301 2400 308 2414 ,
335 2376 430 2408 velut
454 2369 530 2408 ἀλλ’
553 2374 568 2408 ἐ
602 2373 678 2409 ἴσου
697 2374 751 2409 δεῖ
766 2374 877 2420 κάμόν
894 2376 1002 2408 Creon
1021 2386 1073 2407 re-

53 2423 209 2464 spondet.
260 2420 303 2455 τὰ
327 2421 428 2456 τοῦδε
462 2422 524 2467 μὲν
551 2416 760 2468 πεπραγμέν’
786 2421 897 2463 ἔσται,
926 2421 1020 2468 τάμὰ
1045 2417 1073 2455 δ’

57 2466 288 2515 ἡμαρτημένα
304 2470 362 2502 OR
379 2466 459 2501 621.
503 2473 579 2507 πῶς
596 2463 718 2515 γένοιτ’
735 2467 775 2503 ἂν
792 2468 888 2514 τάμὰ
903 2468 1072 2504 κάκείνων

26 2515 30 2556 ζ
53 2514 180 2562 ,πικράς
201 2517 256 2549 00
274 2513 354 2549 606.
399 2515 458 2550 καὶ
481 2516 533 2550 σοὶ
557 2515 638 2561 τᾶμ’
661 2512 886 2562 ἀφανδάνοντ’
905 2515 968 2563 ἔφυ
986 2518 1068 2548 Ant.

26 2556 124 2598 5501
152 2563 237 2605 quod
261 2563 342 2595 mihi
363 2563 565 2604 sequendum
588 2564 704 2604 dcteyi.
747 2568 815 2597 τῶν
843 2562 936 2608 ἐμῶν
956 2564 1073 2609 τητώ-

45 2611 161 2655 ’ψιενος
176 2610 238 2643 Ph.
257 2607 336 2642 383.
365 2608 475 2644 κᾶλλο
491 2614 560 2644 τῶν
579 2609 671 2655 ἐμῶν
686 2607 755 2643 658
771 2621 881 2643 rerum
898 2621 979 2652 quae
993 2620 1071 2651 pos-

14 2672 15 2675 *
38 2656 159 2689 eosdm.
181 2657 430 2697 *Comanyuinei
442 2658 602 2690 dicuntur
618 2655 652 2691 οἱ
670 2656 685 2690 ἐ
716 2655 766 2690 oi:
794 2661 864 2691 τῶν
880 2656 973 2702 ἐμῶν
987 2659 1067 2690 Ant.

22 2699 116 2739 348
151 2701 231 2740 τοὺς
257 2702 361 2748 ἐμούς
378 2705 436 2736 OR
451 2702 536 2737 824.
561 2705 616 2737 00
634 2701 679 2736 83
708 2731 714 2737 .
736 2701 816 2737 968.
845 2706 965 2737 tutelae
983 2714 1072 2736 com-

24 2771 26 2791 :
43 2752 149 2794 {misai
172 2747 267 2796 τάμὰ
290 2749 348 2784 καὶ
372 2749 416 2784 τὰ
439 2755 507 2785 τῶν
525 2749 615 2785 θεῶν
633 2751 687 2784 00
705 2748 785 2783 922.
808 2769 850 2776 -
870 2753 922 2783 Ex
939 2753 998 2784 hoc
1015 2761 1073 2791 ge-

26 2795 139 2839 'Alsnere
149 2798 363 2839 quorundam
381 2799 540 2831 incertior
552 2799 716 2839 scriptura
729 2803 790 2831 est.
817 2801 995 2844 συμφορᾶς
1008 2797 1072 2844 γὰρ

31 2838 102 2891 *2239
136 2841 261 2883 ἔξωθεν
286 2842 362 2890 εἴην
386 2849 455 2879 τῶν
484 2844 577 2890 ἐμῶν
602 2848 666 2890 τῆς
693 2843 858 2891 φιλτάτης
883 2846 936 2877 ΕΙ.
968 2843 1068 2878 1449.

35 2890 115 2936 §isio
139 2892 250 2923 editur
277 2889 326 2935 [τε
351 2890 524 2938 φιλτάτων
547 2893 605 2924 LA
624 2902 726 2932 super
751 2903 766 2924 ε
792 2896 827 2924 et
843 2895 911 2925 τῶν
926 2894 1035 2933 posito
1054 2903 1072 2924 a

26 2939 104 2983 '‘Jn.
124 2947 174 2979 pr.
195 2948 252 2983 ησ,
273 2949 359 2979 quae
383 2940 525 2971 mutavit
547 2949 591 2971 m.
613 2940 779 2971 recentior
794 2941 830 2971 in
846 2942 909 2984 τῆς
928 2944 961 2971 et
977 2937 1066 2984 της].

30 2979 114 3023 ,Ἧι
134 2985 226 3017 codd.
248 2985 383 3026 Lipss.:
420 2983 493 3019 ἀντὶ
517 2987 578 3019 τοῦ
600 2988 676 3019 τοῦ
701 2984 788 3030 (cod.
818 2987 840 3018 b
865 2984 960 3031 τῆς)
986 2985 1070 3030 ἐμοῦ

37 3023 122 3077 ..⁵4²7ss
147 3029 293 3076 μάλιστα
327 3030 472 3078 φίλης.
527 3033 635 3065 Schol.
672 3033 870 3064 eorundem:
906 3031 979 3066 ἀντὶ
1010 3034 1071 3066 τοῦ

35 3074 166 3122 ιέμοῦ
191 3081 256 3124 τῆς
282 3077 519 3125 φιλτάτης,
547 3077 654 3125 ἤγουν
686 3082 750 3124 τῆς
777 3077 926 3124 μάλιστα
952 3077 1066 3125 φίλης,

32 3136 85 3172 22³ss
105 3124 378 3171 ςγνησιωτάτης.
402 3127 466 3159 Sed
477 3124 642 3172 φιλτάτην
660 3124 847 3172 ξυμφοράν,
866 3136 908 3158 ne
917 3127 1071 3167 Aegisthi

29 3173 55 3222 5}
76 3173 287 3204 irionem
303 3178 460 3213 moveret,
484 3175 568 3206 serio
586 3174 695 3206 dicere
712 3174 846 3205 Electra
860 3183 926 3205 non
939 3175 1066 3214 potuit3

34 3228 38 3262 j
93 3240 101 3245 -
147 3219 338 3252 irrisionem
369 3224 408 3252 ut
427 3221 699 3260 Clytaemnestra
734 3225 923 3261 spectetur,
959 3222 1071 3252 minus

30 3261 152 3311 ·⁶3‘J.=··.·,
172 3266 259 3306 quod
275 3267 404 3307 placide
421 3268 635 3309 accipiendus
653 3271 725 3300 erat
740 3268 808 3299 ille.
837 3268 926 3299 Hinc
941 3268 1072 3299 blandi-

31 3310 72 3356 ’ς’ᾖ,
88 3327 105 3339 ω
143 3313 305 3353 scriptura
324 3315 456 3356 aliquot
480 3315 572 3346 codd.
600 3318 668 3348 τῶν
695 3313 788 3358 ἐμῶν
818 3324 855 3347 τε
886 3312 1067 3359 φιλτάτων,

109 3359 151 3391 o‘d
170 3360 209 3391 in
224 3360 320 3392 -Flor.
341 3357 368 3394 Γ
391 3362 595 3403 adscriptum
619 3365 672 3393 est
695 3363 843 3402 praefixo
867 3372 943 3406 γρ.;
978 3362 1072 3394 modo

21 2278 32 2313 ⁰.
55 2277 181 2326 τούμὸν
201 2285 338 2315 σκοπῶν
358 2282 411 2313 Ai.
427 2278 505 2313 124.
527 2282 569 2314 cf.
585 2278 686 2313 1313.
718 2279 824 2327 ῥᾷστα
840 2279 936 2327 κάγὼ
955 2280 1079 2316 διοίσω

333 397 389 432 56.
434 397 575 433 οἴκοισιν
593 398 650 431 OR
665 395 746 431 250.
788 396 965 444 τυράννοις
984 394 1073 430 1095
1110 407 1175 440 quo
1192 399 1226 430 in
1238 395 1470 484 ἵεσόὲφαλος
1494 407 1641 439 agemus.
1686 399 1725 430 In
1751 397 1806 431 00
1825 394 1894 430 902
1910 398 1989 429 olim
2007 396 2054 434 ὡς
2074 397 2122 441 μὴ

1257 457 1313 490 μψ

1109 442 1219 491 γέλως
1350 443 1416 490 ένῳ
1430 442 1585 491 γένωμαι
1599 444 1699 488 τῷδε,
1718 449 1808 477 recte
1821 446 1917 477 Brck.
1934 445 2063 485 primus
2081 453 2120 475 ex

1109 492 1202 524 codd.
1228 492 1254 524 13
1273 493 1299 524 Τ
1326 490 1409 538 ἐγώ
1444 494 1593 533 reposuit
1626 489 1723 536 [item
1750 493 1806 524 LA
1831 489 1912 537 PF].
1957 491 2045 524 Num
2061 491 2121 523 Ph.

1108 535 1178 571 498
1204 537 1332 583 τούμὸν
1368 538 1402 573 ἐν
1439 538 1576 585 σμικρῷ
1602 537 1706 585 μέρος
1733 536 1931 583 ποιούμενοι
1955 548 1997 570 an
2028 536 2123 584 μέρει

1110 587 1314 627 exquisitius
1330 587 1511 627 legendum
1529 588 1590 624 sit.
1620 598 1651 618 v.
1674 584 1789 631 μέρος.
1836 586 1900 619 Sed
1918 587 1953 621 iu
1973 584 2058 618 Cris.
2080 586 2119 617 fr.

1111 630 1190 665 331.
1236 631 1335 678 φάρει
1357 627 1439 678 τῷδ’
1457 633 1504 671 ὡς
1522 632 1596 680 ἐμῷ
1613 631 1831 678 καλύπτομαι
1848 634 1914 665 iam
1931 633 2028 665 Brck.
2050 633 2123 664 iure

1111 682 1255 712 correxit
1277 680 1332 718 ὡς
1359 679 1471 726 ἐμοί.
1807 678 1842 724 (1
1863 690 1897 722 p.
1919 677 1987 712 585
2005 681 2027 711 Ι.
2051 677 2126 722 11.)

1174 729 1342 783 ἼΞμπα,
1372 737 1502 785 ἔμπας,
1531 737 1645 784 ἔμπης
1670 741 1814 772 omnino.
1868 739 1948 772 Lob.
1971 739 2066 770 Path.
2091 736 2120 778 1,

1114 783 1190 818 143.
1219 783 1254 826 2,
1275 783 1355 819 205.
1402 787 1555 819 Doederl.
1587 787 1640 819 Gl.
1663 787 1705 818 H.
1735 795 1768 818 n.
1799 782 1844 818 23
1874 783 1922 830 1.]
1955 786 2063 818 Schol.
2086 787 2124 818 ad

1110 833 1164 865 Ai.
1190 830 1273 865 122:
1305 825 1421 871 Ἴωνες
1439 831 1553 879 ἔμπης
1571 832 1672 880 φασίν
1685 860 1693 874 ,
1717 828 1865 867 Ἀττικοὶ
1883 831 1920 867 δὲ
1938 830 2049 878 ἔμπας
2066 832 2124 866 καὶ

1111 878 1216 924 ἔμπα.
1260 881 1395 913 Plenior
1426 882 1484 912 illa
1510 882 1613 913 forma
1646 884 1734 912 certe
1760 884 1854 912 extat
1878 881 1960 912 Ant.
1988 877 2057 912 845
2075 890 2119 912 m.

1110 925 1221 972 ἔμπας
1239 924 1480 973 ξυμμάρτυρας
1504 922 1588 973 ὔμμ’
1614 926 1825 972 ἐπικτῶμαιε
1847 937 1954 969 paene
1971 928 2043 968 pari
2059 927 2124 960 fide

1109 979 1161 1006 est
1178 971 1290 1020 ἔμπας
1316 973 1397 1008 ὄντα
1420 969 1543 1008 τοιόνδ’
1569 973 1647 1019 ἐμοί
1668 976 1722 1006 Αἰ.
1748 972 1837 1007 1338
1852 971 1910 1018 [de
1928 975 2075 1006 dictione
2092 985 2120 1006 c.

1110 1023 1225 1063 partie.
1257 1033 1288 1053 v.
1317 1023 1442 1055 Heind.
1473 1023 1513 1054 ad
1538 1023 1623 1054 Plat.
1648 1022 1771 1055 Phaed.
1794 1032 1826 1063 p.
1850 1019 1934 1064 156)
1954 1022 2012 1054 ubi
2030 1019 2124 1066 ἔμπα

1111 1069 1182 1108 LA,
1205 1078 1223 1100 σ
1239 1069 1351 1101 addito
1369 1071 1408 1101 ab
1421 1071 1453 1109 S,
1475 1066 1587 1114 ἔμπας
1597 1069 1683 1101 Flor.
1705 1066 1744 1108 Θ,
1767 1066 1879 1114 ἔμπης
1898 1069 1984 1101 Flor.
2007 1064 2032 1103 Γ
2049 1069 2125 1101 alii-

1110 1126 1174 1157 que
1193 1117 1357 1148 nonnulli.
1391 1117 1443 1148 Ex
1461 1117 1562 1149 schol.
1580 1118 1737 1148 restituta
1754 1121 1806 1148 est
1823 1127 1842 1149 a
1856 1117 1952 1148 Brck.
1974 1117 2010 1148 in
2028 1114 2125 1149 ἐποι-

1109 1161 1235 1208 κτείρω
1259 1161 1298 1197 δέ
1322 1174 1371 1196 νιν
1397 1162 1562 1209 δύστηνον
1589 1161 1700 1208 ἔμπας
1724 1164 1778 1195 Ai.
1803 1160 1869 1196 122
1893 1163 1982 1204 quod
2006 1163 2120 1196 Herm.

1109 1220 1186 1243 cum
1210 1210 1373 1243 adiectivo
1398 1212 1591 1252 coniungit,
1622 1211 1751 1243 Schaef.
1780 1221 1856 1242 cum
1880 1212 1993 1242 verbo.
2046 1207 2127 1254 [Sed

1110 1267 1186 1290 cum
1212 1258 1313 1299 Soph.
1343 1269 1374 1290 V.
1403 1255 1472 1290 563
1495 1261 1628 1305 τροφῆς
1651 1255 1778 1293 ἄοκνον
1802 1255 1897 1303 ἔμπα
1920 1256 1975 1291 κεί
1997 1256 2041 1291 τὰ
2065 1259 2124 1291 νῦν

1108 1301 1271 1350 τηλωπὸς
1289 1303 1400 1352 οίχνεῖ
1417 1305 1555 1347 spondei
1582 1305 1709 1338 vitandi
1734 1315 1833 1337 causa
1857 1306 2041 1337 breviorem
2059 1306 2127 1337 for-

1111 1362 1197 1383 mam
1222 1354 1420 1394 protulerit,
1448 1353 1595 1385 dubitari
1621 1356 1732 1394 potest
1755 1362 1797 1384 an
1821 1353 1877 1384 hic
1901 1362 2052 1394 quoque,
2086 1357 2125 1384 ut

1110 1399 1183 1431 fieri
1201 1400 1285 1432 solet
1302 1401 1338 1432 in
1356 1400 1614 1441 penthemimeri
1627 1426 1634 1440 ‚
1664 1399 1854 1432 trochaeum
1880 1400 2126 1442 praeoptaverit

1110 1457 1141 1478 v,
1172 1447 1251 1478 Lob.
1280 1447 1320 1479 ad
1343 1448 1398 1479 Ai.
1425 1458 1457 1479 ν.
1481 1444 1558 1480 121.
1588 1444 1667 1479 441.
1720 1447 1837 1488 Neque
1854 1447 1999 1488 Hesych.
2026 1447 2123 1479 aliam

1110 1497 1278 1526 enotatam
1302 1495 1440 1527 exhibet
1471 1495 1609 1527 formam
1640 1498 1773 1535 praeter
1806 1491 1900 1539 ἔμπα
1925 1498 1959 1526 et
1982 1491 2126 1539 ἔμπαν]

1111 1540 1163 1573 Cf.
1193 1541 1323 1574 Sohaef.
1353 1543 1430 1573 mel.
1459 1552 1503 1574 cr.
1532 1552 1565 1583 p.
1590 1539 1668 1574 163.
1714 1542 1856 1574 Boeckh.
1887 1544 1956 1573 not.
1984 1542 2057 1574 crit.
2085 1542 2125 1574 ad

1111 1587 1210 1619 Pind.
1226 1598 1260 1629 p.
1276 1586 1355 1620 477.
1387 1589 1495 1622 Schol.
1516 1598 1580 1621 rec.
1603 1599 1678 1620 cum
1696 1590 1816 1621 scribat
1834 1585 1995 1633 ἔμπαξ,
2018 1599 2122 1635 φρον-

1109 1633 1245 1680 τιστής,
1268 1640 1301 1668 et
1318 1636 1464 1675 Hesyoh.
1487 1635 1688 1682 ἐμπαστῆ
1701 1647 1794 1681 ρας,
1822 1634 2011 1676 πιστωτάς,
2034 1634 2123 1681 μάρ-

1108 1688 1229 1727 τυρας,
1260 1683 1339 1715 Lob.
1367 1684 1446 1715 olim
1474 1681 1585 1728 ἔμπαξ
1610 1685 1645 1715 in
1670 1684 1786 1715 multis
1810 1683 1878 1714 illis
1904 1683 2008 1715 semel
2025 1683 2123 1715 dictis

1110 1729 1263 1770 Sophocli
1280 1731 1451 1763 vocabulis
1468 1740 1542 1763 esse
1560 1732 1785 1763 existimabat.
1804 1748 1845 1754 —
1861 1731 1914 1762 De
1931 1734 2009 1763 tono
2026 1740 2123 1773 prae-

1109 1777 1192 1817 cipit
1217 1777 1329 1818 Apoll.
1358 1778 1398 1810 de
1424 1778 1499 1810 adv.
1534 1789 1567 1820 p.
1598 1774 1686 1818 564,
1715 1774 1780 1819 243
1817 1778 1934 1810 vitiose
1959 1778 2122 1820 scriptum

1110 1821 1222 1869 ἐμπάς
1240 1824 1303 1856 ΕΜ
1319 1834 1354 1865 p.
1376 1822 1433 1865 63,
1452 1822 1509 1857 21.

1180 1876 1411 1926 Ἐμπαίζω
1442 1883 1530 1916 ludo.
1591 1881 1729 1931 ἄμαχος
1762 1881 1826 1928 γὰρ
1861 1880 2019 1927 ἐμπαίζει
2043 1880 2123 1920 θεὸς

1109 1922 1299 1975 Ἀφροδίτα
1316 1931 1398 1962 Ant.
1419 1927 1488 1963 800
1505 1931 1556 1963 ch.
1591 1931 1700 1964 Schol.
1728 1928 1867 1976 ἥδεται,
1893 1927 2025 1977 χαίρεις
2054 1940 2124 1963 me-

1109 1978 1176 2008 lius
1195 1977 1291 2009 ludos
1308 1977 1402 2017 facit.

1181 2029 1385 2080 Ἔμπαίω
1411 2036 1531 2068 incido.
1569 2035 1710 2081 ἐμπαίει
1734 2035 1766 2070 τί
1785 2047 1844 2081 μοι
1860 2035 1958 2083 ψυχῇ
1979 2034 2124 2082 σύνηθες

1110 2079 1209 2126 ὄμμα
1225 2083 1278 2115 ΕΙ.
1300 2080 1369 2115 902
1393 2085 1511 2124 species
1528 2086 1638 2116 animo
1655 2084 1817 2116 obversari
1833 2085 1929 2116 solua
1945 2093 1977 2116 se
1993 2084 2122 2117 obtulit.

1110 2129 1242 2161 Fortius
1274 2134 1327 2162 est
1359 2141 1459 2171 quam
1483 2128 1662 2175 ἐμπίπτω,
1696 2132 1791 2164 velut
1821 2129 1968 2165 εἰσπαίω
1991 2132 2125 2172 gravius

1110 2186 1214 2209 sensu
1231 2187 1331 2218 quam
1349 2175 1528 2211 εἰσπίπτω.

1197 2232 1407 2280 Εμπᾶλιν
1439 2240 1608 2269 retrorsus.
1658 2235 1689 2270 εἰ
1718 2231 1747 2269 δ’
1771 2235 1787 2270 ἐ
1814 2234 1882 2282 θρά
1904 2235 2122 2280 (somniorum

1110 2281 1255 2327 omina),
1285 2285 1359 2317 τοῖς
1380 2281 1555 2330 ἐχθροῖσιν
1573 2281 1722 2328 ἔμπαλιν
1739 2246 1845 2328 μέέες
1862 2285 1917 2317 ΕΙ.
1938 2281 2006 2316 647
2022 2288 2122 2317 retor-

1110 2339 1170 2370 que
1194 2332 1230 2361 ἱπ
1252 2332 1412 2362 inimicos.
1457 2331 1541 2363 Inde
1573 2335 1686 2363 contra
1718 2334 1814 2373 atque
1842 2335 1917 2364 ante
1943 2332 2118 2372 significat.

1110 2374 1258 2421 ἔμπαλιν
1274 2375 1365 2422 λέγει
1384 2379 1439 2410 Tr.
1461 2375 1540 2410 358.
1579 2378 1673 2416 Quod
1690 2388 1743 2419 ap.
1764 2379 1887 2418 Phryu.
1907 2379 1996 2420 App.
2018 2379 2118 2420 Soph.

1109 2434 1142 2465 p.
1164 2421 1196 2465 4,
1220 2421 1262 2456 16
1279 2425 1424 2464 legitur,
1454 2422 1535 2458 αὐτὸ
1552 2422 1742 2470 τοῦμπαλιν
1759 2423 1879 2472 λέγεις,
1900 2427 2061 2458 Valcken.
2083 2426 2123 2457 ad

1109 2471 1213 2512 Hipp.
1236 2468 1304 2503 388
1329 2476 1388 2503 aut
1410 2473 1508 2503 illum
1532 2477 1590 2504 aut
1615 2473 1826 2514 deperditum
1850 2474 1997 2514 aliquem
2016 2472 2117 2514 Soph.

1109 2527 1243 2549 versum
1261 2522 1411 2559 spectare
1429 2520 1580 2560 putabat.
1609 2537 1649 2542 —
1675 2520 1776 2566 χώρᾳ
1793 2514 1821 2552 δ’
1838 2517 1986 2564 ἔμπαλιν
2003 2530 2122 2553 κατοι-

1108 2568 1172 2598 κιῶ
1190 2565 1245 2597 00
1263 2563 1332 2597 637
1351 2567 1492 2605 praemii
1517 2570 1551 2598 et
1574 2569 1719 2598 muneris
1741 2566 1926 2599 redommdz·
1950 2567 2123 2607 adsignifi-

1107 2613 1239 2644 catione
1251 2613 1445 2653 praeditum
1455 2617 1517 2645 est.
1544 2613 1614 2645 Hoc
1628 2622 1693 2645 non
1707 2614 1977 2646 animadvertens
1991 2614 2118 2654 Musgr.

1108 2659 1203 2690 inani
1215 2660 1456 2699 coniectatione
1469 2661 1550 2692 lusit
1564 2658 1719 2704 ἔμπολιν,
1732 2662 1868 2701 probata
1877 2665 1988 2693 tamen
1999 2659 2117 2705 [Dind.

1110 2703 1158 2749 et]
1183 2706 1349 2746 Reisigio,
1385 2708 1444 2747 qui
1475 2704 1620 2751 ἔμπαλιν
1652 2718 1766 2739 rwrsus
1790 2709 1976 2748 significare
2001 2709 2122 2740 debere

1109 2753 1174 2785 sibi
1191 2754 1427 2793 persuasisset.
1447 2756 1499 2786 ¹V.
1520 2754 1637 2785 Valck.
1659 2755 1699 2786 ad
1715 2755 1853 2797 Hippol.
1875 2752 1955 2788 388.

1179 2803 1384 2856 *”Εμπαξ
1409 2823 1440 2844 v,
1470 2810 1581 2856 ἔμπα,
1605 2810 1727 2857 ἔμπας.
1839 2812 1870 2856 (1
1887 2823 1921 2855 p.
1943 2811 2049 2846 5861.
2071 2811 2124 2857 5.]

1174 2861 1400 2914 ’Έμπεδος
1426 2872 1550 2912 firmus.
1594 2868 1666 2904 ἴσθι
1689 2869 1756 2905 τόδ’
1783 2870 1930 2916 ἔμπεδον
1947 2873 2008 2905 Ph.
2030 2869 2121 2904 1197

1108 2926 1153 2948 m.
1183 2914 1285 2949 πόνον
1304 2915 1451 2962 ἔμπεδον
1470 2915 1608 2964 εἴχομεν
1625 2918 1680 2950 00
1701 2916 1790 2951 1674
1808 2929 1852 2951 m.
1894 2922 2049 2960 perpetuo
2067 2920 2120 2950 la-

1107 2963 1302 2995 boravimus.
1348 2962 1462 2997 οὐκέτι
1487 2963 1685 3010 συντρόφοις
1711 2964 1828 3012 ὀργαῖς
1852 2964 2017 3011 ἔμπεδος,
2045 2960 2122 2999 ἀλλ’

1107 3007 1206 3047 ἐκτὸς
1223 3008 1339 3054 ὁμιλεῖ
1365 3012 1417 3043 Ai.
1439 3009 1507 3044 640
1525 3012 1575 3043 ch.
1601 3012 1771 3044 descivisse
1795 3024 1816 3044 α
1840 3023 1905 3045 sese
1928 3014 2015 3046 Aiax
2033 3014 2118 3045 dici-

1107 3061 1173 3088 tur.
1217 3051 1291 3090 τάδ’
1316 3055 1428 3103 ὀρθῶς
1455 3056 1589 3103 ἔμπεδα
1613 3058 1806 3104 κατουρίζει
1832 3061 1886 3092 Tr.
1909 3058 1978 3093 827
1995 3061 2047 3092 ch.
2077 3061 2117 3093 cle

1106 3107 1224 3135 eventu
1240 3105 1394 3136 fatorum.
1439 3105 1603 3150 μένοντας
1621 3104 1783 3150 ἐμπέδοις
1801 3106 2015 3153 φρονήμασιν
2034 3108 2114 3140 Ant.

1109 3147 1175 3183 169
1193 3150 1286 3193 fidoe.
1323 3148 1461 3198 [λόγους
1486 3150 1656 3197 ἐμπέδους
1685 3152 1860 3200 εἰρηκέναι
1884 3155 1940 3187 Tr.
1967 3151 2035 3187 487
2061 3164 2120 3196 pro

1107 3195 1140 3230 λ.
1160 3195 1321 3242 ἐμπέδως
1338 3197 1378 3231 εἰ.
1408 3200 1511 3231 Dind.
1533 3210 1560 3231 c.
1582 3198 1685 3244 ch.]

1178 3254 1223 3300 [‘?]
1257 3253 1474 3301 Εμπέδως
1497 3259 1643 3300 firmiter.
1687 3257 1811 3306 λόγους
1841 3258 2000 3304 ἐμπέδως
2024 3259 2120 3307 εἰρη-

1108 3302 1204 3336 κέναι
1222 3303 1278 3335 Tr.
1300 3301 1370 3336 487
1386 3302 1478 3348 [libri
1494 3317 1501 3336 :
1531 3306 1589 3337 sed
1607 3304 1777 3350 ἐμπέδους
1793 3305 1895 3351 Nek.]

1173 3354 1187 3368 ''
1196 3358 1224 3395 E
1235 3374 1260 3406 μ
1269 3372 1293 3394 π
1302 3373 1318 3395 ε
1329 3373 1338 3395 ι
1349 3373 1366 3408 ρ
1377 3375 1394 3396 ο
1403 3374 1419 3400 ς
1445 3367 1603 3404 expertus.
1648 3366 1756 3399 τοῖσιν
1774 3363 1983 3412 ἐμπείροισιν
2000 3366 2058 3399 OR
2075 3364 2119 3399 44

36 3400 150 3471 ’ζ”ζιοᾱ
166 3416 203 3452 γε
220 3408 430 3439 emendatius
447 3418 490 3440 ex
516 3409 586 3441 cod.
607 3409 694 3448 Aug.
715 3410 736 3440 b
762 3409 994 3448 corrigendum
1012 3409 1067 3440 sit.
1107 3409 1150 3448 gl.
1179 3410 1253 3446 τοῖς
1278 3407 1313 3442 ἐν
1330 3407 1431 3457 πείρᾳ
1448 3408 1564 3458 πολλῇ
1578 3410 1762 3459 γεγονόσιν.
1800 3411 1839 3448 οὐ
1857 3411 2118 3460 γάμωνιέμπει-
