2288 3600
61 158 280 206 975-977.]

17 242 27 305 ⁴⁷
40 269 64 301 1.
86 278 102 301 ε
122 265 200 308 158,
228 277 314 308 quae
338 268 554 308 restringitur
571 269 686 309 regula
702 269 741 301 ad
759 270 922 302 exeuntia
938 270 974 302 in

68 315 108 348 ad
132 312 153 348 λ
178 311 260 347 454.
287 324 312 361 χ
337 311 400 361 67:
430 316 510 347 item
538 315 603 348 ΕΜ
627 326 661 357 p.
682 313 762 357 436,
788 313 841 348 12.

0 375 202 426 δέ’·Κολεός
227 387 360 425 υαρὶηα.
403 388 521 432 χεροῖν
552 384 684 420 κολεῶν
711 385 835 431 ἐρυστὰ
860 385 974 420 διεπε-

50 429 97 478 ῡη
130 429 211 478 ξίφη
236 433 291 465 Ai.
317 429 396 464 730.
441 434 481 465 ln
499 434 592 466 codd.
614 434 786 466 nonnullis
803 431 970 474 κουλεῶν,

51 481 171 512 ericam
197 480 395 521 scripturam
421 482 556 521 secutiS,
585 479 753 526 ἀμέτρως.
777 499 818 505 -
845 482 895 513 De
920 491 975 513 ao-

0 526 63 568 'stu
88 527 251 568 praecipit
275 526 456 559 Herodian.
485 538 521 560 π.
544 539 578 572 μ.
601 525 633 561 λ.
661 538 694 569 p.
716 525 771 568 37,
795 525 851 560 30.
892 529 969 560 Arc.

0 569 72 614 3²38,
97 570 139 606 18
164 577 198 605 et
221 574 315 605 iubet
342 574 390 605 sic
415 574 487 606 fieri
512 573 708 620 περιεκτικὴ
733 574 839 612 τάσις.

0 633 207 687 ξΚόλπος
233 645 336 676 sinus.
367 639 479 692 Δῃοῦς
497 643 532 678 ἐν
550 643 692 683 κόλποις
710 646 791 678 Ant.
811 642 897 677 1121
919 630 970 679 ch.

0 696 29 735 ῳ
54 691 95 723 de
122 692 200 723 sinu
225 692 305 723 deae
331 692 454 733 ipsius,
485 693 543 724 sed
568 693 609 724 de
636 693 807 733 Saronico,
837 694 891 724 cui
916 693 974 725 ad-

0 739 88 779 flebat
113 739 248 770 Eleusis
273 740 441 777 mysteriis
468 740 626 779 celebris,
647 750 787 781 quorum
806 738 974 786 πάρεδρος

0 779 40 822 ἥς
64 785 214 825 Iacchus,
242 795 341 827 saepe
367 796 442 817 cum
468 787 595 819 Baccho
614 787 772 819 Thebano
798 788 969 820 confusus.

0 823 242 878 Ι[ῥΤυρσηνικὸς
266 830 397 870 κόλπος
423 834 530 874 Tript.
553 835 593 866 fr.
616 831 696 875 527,
718 831 749 866 3.
773 853 812 858 --
841 835 971 867 Accen-

0 882 34 923 μ
57 880 186 912 notavit
211 881 288 912 Arc.
316 889 350 920 p.
372 877 429 920 67,
450 877 483 913 4.
588 889 591 894 “

0 925 200 987 ξ’]Κολχίς
232 937 351 970 Colcha
374 938 513 979 femina.
543 950 573 970 v.
596 935 748 987 Κόλχος.

0 993 126 1076 tp}
163 1007 207 1081 Z}
233 996 414 1086 ξζξξῗδὲτ.
426 993 1048 1094 15(ἑέᾏοῖκὶἷᾷῗλέᾅῖῗξοῖεηὶἒζέζ(18
1080 1025 1215 1056 homine
1244 1026 1390 1063 dictum,
1419 1027 1478 1067 qui
1502 1027 1656 1063 iubetur.
1685 1037 1750 1068 quo
1776 1029 1878 1069 velit,
1908 1030 2018 1062 abire:

51 1090 202 1123 ‘bebatur
227 1091 339 1123 fabum
365 1091 484 1133 soph*
513 1094 610 1124 cums
627 1097 707 1125 sunt
724 1103 777 1134 αρ’
800 1094 868 1125 Din
897 1120 903 1127 '
925 1095 967 1127 fr'
988 1118 1081 1150 {hinc
1106 1119 1213 1159 aufer.
1238 1137 1278 1143 —
1306 1120 1481 1152 Primitiva
1505 1122 1608 1161 igitur
1633 1122 1773 1154 curandi
1794 1128 1828 1155 et
1843 1124 2023 1164 recipiendi

2 1134 174 1182 ϊ-320.]
202 1138 388 1171 Accentum
414 1150 445 1171 V.
467 1150 519 1181 ap.
540 1141 618 1172 Arc.
639 1150 673 1182 p.
694 1137 751 1179 84,
772 1137 829 1172 29.

5 1190 219 1242 Κολώνη
245 1199 402 1237 tumulus,
433 1202 468 1230 et
492 1200 683 1239 sepulcralis
708 1200 854 1240 quidem.
901 1198 970 1245 ὁρῶ

10 1253 117 1288 ·νης
149 1239 185 1281 ἐξ
217 1240 324 1290 ἄκρας
357 1243 557 1292 νεορρύτους
582 1244 694 1291 πηγὰς
719 1244 888 1291 γάλακτος
914 1248 966 1280 El.

6 1290 37 1325 '0
81 1291 132 1323 De
157 1295 297 1323 accentu
324 1302 354 1323 v.
375 1293 472 1325 Eust.
494 1303 527 1334 p.
549 1290 628 1333 351,
650 1290 683 1325 2.
713 1291 793 1335 880,
814 1291 871 1327 28.

2 1319 9 1366 ¹]
23 1343 87 1384 ’Κο
97 1346 209 1383 λωνό
221 1360 236 1387 ς
253 1359 287 1381 n.
309 1359 359 1391 pr.
387 1345 478 1384 τόνδ’
497 1350 642 1398 ἱππότην
661 1348 826 1387 Κολωνὸν
845 1350 968 1400 εὔγον-

11 1458 37 1490 ,ῃ
57 1466 60 1469 .
93 1443 194 1475 libros
218 1454 237 1476 τ
257 1455 288 1477 ν.
317 1444 574 1478 Commonstrari
599 1450 711 1478 autem
738 1448 791 1478 vel
809 1451 965 1488 statuam,

4 1485 37 1517 '⁴²
55 1490 185 1531 ·isigio,
214 1492 269 1523 vel
300 1492 428 1532 locum,
458 1503 558 1534 quem
591 1497 707 1526 tenere
737 1495 791 1526 vel
816 1496 968 1527 tenuisse

58 1537 154 1570 heros
185 1539 385 1580 putabatur,
414 1544 453 1572 ut
476 1540 670 1573 Hermanno
695 1542 822 1582 placet,
853 1544 967 1574 sensui

67 1589 119 1616 est
143 1588 272 1626 aptum.
316 1586 485 1619 Accentus
511 1588 707 1629 appellativi
731 1589 866 1621 videtur
890 1599 969 1622 con-

81 1633 216 1664 servari.
369 1633 374 1636 ”
711 1633 743 1679 (1
760 1646 793 1677 p.
815 1633 896 1677 976,
913 1634 968 1681 25)

9 1688 39 1726 Ψ
67 1687 236 1729 ολωνός
261 1693 418 1732 tumulus,
449 1698 483 1724 et
508 1694 586 1725 hinc
612 1693 699 1726 demi
717 1695 824 1726 Attici
849 1696 966 1737 appel-

86 1736 143 1771 τὸν
169 1737 302 1784 ἀργῆτα
328 1733 492 1773 Κολωνόν
519 1740 574 1773 OC
597 1737 666 1773 670
683 1741 735 1773 ch.
779 1737 848 1788 θεῷ
875 1737 965 1776 τοῦδ’

9 1795 28 1825 j..
49 1782 115 1832 ἄτῃ
141 1781 310 1820 Κολωνοῦ
336 1782 417 1818 889.

6 1831 52 1886 Γ
64 1842 86 1883 ,ό
99 1854 154 1890 μη
181 1854 284 1876 coma.
329 1842 443 1902 κόμην
470 1839 575 1879 σπῶσ’
600 1844 812 1892 ἀμφιδεξίως
837 1845 967 1893 ἀκμαῖς

22 1903 31 1931 2
57 1886 138 1923 243.
182 1889 276 1936 κόμη
311 1885 351 1924 δι’
385 1903 491 1937 αυρας
523 1891 719 1931 ἀκτένιστος
749 1886 887 1940 ᾅσσεται
911 1895 966 1928 OC

13 1949 30 1976 χ’
49 1961 56 1969 .
85 1936 197 1984 κόμην
218 1936 396 1984 συλλαβὼν
413 1937 491 1986 γερί
507 1941 561 1972 Ai.
577 1937 657 1972 310.
687 1939 721 1974 ἐν
739 1944 855 1988 χεροῖν
875 1940 966 1989 ἔγων

14 1977 34 2022 Ϊῗ,
64 2024 67 2025 ⁷
95 1982 181 2030 ἐμὰς
211 1984 270 2019 καὶ
293 1983 397 2031 τῆσδε
424 1980 524 2020 1174.
570 1984 622 2020 ἀεὶ
647 1990 807 2026 πυκιναῖς
834 1984 966 2034 δρόσοις

14 2030 152 2076 ’μενος
177 2030 288 2077 κόμας
316 2030 406 2065 1209
428 2034 480 2066 ch.
524 2033 636 2079 κόμης
662 2033 788 2072 πένθος
816 2037 892 2076 Tyr.
922 2037 962 2068 fr.

16 2075 88 2115 1.
111 2097 152 2102 —
183 2078 298 2125 κόμης
325 2078 361 2113 δὲ
387 2078 508 2115 λευκὸν
535 2079 659 2126 μυελὸν
687 2081 726 2116 ἐκ
750 2080 834 2116 αίνει
861 2082 965 2128 μέσου

10 2121 75 2173 §ic
93 2123 335 2172 διασπαρέντος
350 2125 495 2173 αἵματός
510 2126 532 2162 θ
556 2127 644 2173 ὁμοῦ
664 2130 719 2161 Tr.
753 2127 809 2162 81.
841 2132 961 2164 Heath.

19 2180 75 2212 ῑςιις
101 2171 139 2206 δὲ
163 2171 286 2207 λευκόν
313 2179 347 2206 et
370 2173 412 2208 κό
442 2187 484 2222 ης
503 2173 758 2221 διασπαρέντος,
780 2179 868 2219 quod
889 2189 964 2210 cum

13 2219 119 2259 ,jum
144 2222 207 2261 sit,
236 2221 382 2254 Brunck.
435 2220 656 2268 ιασπαρέντος
682 2221 827 2268 αἵματος
852 2223 965 2271 κόμης

15 2302 25 2315 ›
40 2310 42 2312 .
58 2268 110 2300 οῦ,
146 2268 320 2300 Librorum
347 2270 511 2311 scriptura
536 2275 571 2302 et
595 2272 635 2302 ab
659 2271 785 2303 Athen.
815 2273 966 2304 firmatur

83 2313 180 2346 Eust.
209 2325 243 2356 p.
265 2311 354 2356 976,
374 2314 396 2348 8
421 2321 456 2348 et
483 2313 590 2354 1193,
629 2319 709 2350 item
742 2320 965 2359 explicatione

16 2363 47 2396 ''{›
63 2364 159 2394 stae.
188 2361 364 2394 Praeterea
379 2363 461 2396 Eur.
484 2365 600 2397 Troad.
625 2362 714 2397 1173
732 2366 965 2399 similitudinis

22 2396 39 2412 Ὶ
75 2409 114 2440 ab
139 2409 264 2440 Athen.
293 2410 489 2443 adiunctum
515 2413 670 2452 exemplo
697 2412 878 2453 Sophocleo
903 2424 964 2445 ex-

778 151 963 207 Κολεός
986 181 1056 189 --
1080 151 1234 208 Κοπίς

16 1393 150 1441 ’-σφίσιν
184 1393 226 1443 ἀρ
252 1396 336 1443 ηγὸν
370 1395 455 1432 εἶναι
488 1398 543 1431 OC
570 1395 625 1431 59.
672 1400 818 1432 Brunck.
849 1391 988 1439 Elmsl.;

1927 159 2021 207 391

1011 266 1085 303 εἷπε
1118 267 1272 315 κομίζειν
1297 270 1347 302 Ph
1378 267 1443 304 841
1466 281 1509 305 m.
1554 271 1691 319 πέμψον
1715 272 1927 319 ἀμέμπτως,
1957 273 2028 310 ἕνθ’

1011 315 1034 362 ἠ
1061 315 1194 362 μεγάλη
1212 313 1332 363 Μοῖρα
1348 316 1483 363 κομίζει
1503 316 1592 352 1466
1610 322 1655 352 irc
1673 321 1771 353 iubet.
1799 320 1858 355 καὶ
1875 320 1927 363 σὺ,
1949 325 2024 364 παῖ,

1010 362 1133 421 κόμιζέ
1157 364 1283 422 gre-91³
1299 361 1380 398 444.
1395 364 1583 423 ’κομιζέτω
1610 365 1697 413 δῆτα
1722 365 1802 401 445.
1830 370 1937 424 κεῖνοι
1962 381 2027 403 κο-

1011 410 1119 466 μιζειν
1152 421 1228 466 κεισ
1259 410 1501 467 ιάιναγκαζουσι
1533 425 1575 459 με
1601 414 1656 447 OC
1681 411 1760 469 589.
1806 416 1939 448 Primus
1964 417 2025 471 hoc

1010 459 1181 491 intellexit
1207 459 1356 500 R8181g.,
1385 470 1417 502 q.
1440 471 1494 500 v.,
1523 471 1598 493 cum
1624 463 1778 503 plerique
1804 473 1832 494 c.
1858 463 2025 496 Brunckio

1011 510 1044 537 et
1069 506 1271 538 Doederlino
1296 507 1561 548 interpretentur
1585 511 1700 540 reverti
1726 510 1778 542 vel
1803 509 1920 542 redire.
1959 510 2026 544 Sed
2079 528 2081 530 ·

1009 551 1213 597 κομίζεσθαι
1246 563 1304 596 pro
1335 551 1485 599 κομίζειν
1516 556 1655 588 minime
1681 557 1815 589 dicitur.
1860 555 1951 591 ἀλλά
1973 569 2024 591 νιν

1009 597 1159 644 κομίζετ’
1184 598 1268 633 ε’ίσω
1293 602 1374 632 Ant.
1396 599 1477 634 578.
1506 600 1561 635 κεῖ
1576 613 1651 636 τινα
1670 606 1812 647 στρατοῦ
1832 601 1944 642 θέλεις
1961 615 2025 638 κο-

1010 645 1115 692 μίζειν
1142 648 1196 679 Ai.
1221 644 1321 680 1397.
1344 666 1385 671 —
1413 648 1525 681 Semel
1549 649 1590 681 de
1613 650 1792 690 pecudibus
1817 651 1940 683 dicitur
1960 663 2024 685 κο-

1011 692 1180 739 μίζεσθαι,
1208 694 1317 727 media
1341 695 1430 727 verbi
1455 696 1578 736 forma,
1598 700 1638 729 ut
1654 698 1699 729 sit
1715 707 1824 730 secum
1841 698 2002 731 adducere
2013 710 2023 729 .-

1010 739 1157 786 ποίμνας
1174 752 1210 774 τε
1228 740 1336 779 πάσας
1354 741 1401 780 είς
1420 740 1546 787 δόμους
1563 743 1742 788 κομίζεται
1758 746 1812 777 Ai.
1826 742 1883 778 63.
1914 747 2024 779 Semel

1010 793 1183 830 praeterea
1208 789 1354 821 medium
1374 790 1498 830 legitur
1514 791 1555 823 de
1572 792 1666 823 rebus
1681 792 1741 824 sibi
1757 794 1867 832 qratia
1883 794 1934 825 vel
1947 803 2024 834 pre-

1009 836 1098 868 cibus
1122 837 1374 877 comparandis:
1400 834 1439 870 ἃν
1466 830 1488 883 ᾖ
1515 834 1666 872 θέλουσα
1690 836 1786 872 πάντ’
1812 838 1898 884 ἐμοῦ
1919 838 2025 886 κομί-

1010 881 1101 922 ζεται
1125 883 1183 915 OR
1209 881 1288 916 580.
1319 901 1360 907 —
1398 883 1592 916 Passivum:
1619 884 1654 925 ἐξ
1679 880 1819 920 Ὠλένου
1846 890 1910 933 γῆς
1936 898 2024 934 φορ-

989 923 1113 974 Ξβάδος
1145 929 1335 976 κομίζομαι
1360 931 1506 973 Hippon.
1537 933 1576 964 fr.
1606 929 1675 966 285
1709 934 1809 966 dubia
1837 936 2020 967 sententia.

1008 978 1069 1009 Est
1094 979 1184 1010 enim
1210 983 1268 1010 aut
1292 980 1388 1010 venio
1413 984 1471 1010 aut
1497 979 1637 1012 discedo.
1666 980 1777 1013 Semel
1793 983 2024 1022 pereleganter

1009 1070 1048 1105 σὺ
1084 1070 1146 1116 μὲν
1179 1070 1335 1116 κομίζοις
1369 1069 1409 1106 ἂν
1437 1073 1577 1107 σεαυτὸν
1604 1066 1625 1120 ᾖ
1647 1071 1760 1113 θέλεις
1785 1077 1866 1108 Ant.
1896 1073 1967 1108 444
1992 1079 2022 1108 te

1007 1170 1173 1207 potestate
1198 1176 1263 1199 non
1290 1167 1423 1208 legitur.

1763 1170 1794 1213 (1
1811 1179 1844 1211 p.
1867 1167 1947 1211 977,
1964 1168 2018 1215 5.)

1077 1233 1303 1282 Κομπάζω
1335 1239 1468 1278 ylorior.
1524 1237 1562 1272 οὐ
1602 1233 1768 1285 πατρῴαν
1799 1239 1863 1285 τὴν
1894 1239 2020 1287 τέχνην

1006 1282 1206 1328 ἐκόμπασας
1242 1285 1292 1316 El.
1324 1282 1425 1318 1:300.
1476 1284 1519 1331 μέ
1541 1280 1549 1292 '
1581 1284 1621 1320 ἄν
1653 1297 1685 1319 τι
1717 1286 1931 1332 κομπάσειας
1962 1289 2017 1321 Ai.

1008 1327 1109 1363 1122.
1137 1328 1222 1382 [Τὸν
1242 1328 1486 1378 Νεοπτόλεμον
1506 1297 1592 1378 ἔοις),
1614 1331 1671 1376 (fr.
1693 1335 1760 1366 inc.
1781 1331 1866 1378 731)
1887 1334 1946 1368 καὶ
1961 1333 2019 1369 τὸν

1005 1374 1208 1424 Εὐρύπυλον
1235 1377 1398 1416 ὁπλίσας·
1434 1374 1622 1425 Ἐκόμπασ’
1647 1379 1873 1428 ἀλοιδόρητα,
1902 1379 2016 1428 φησίν,

1006 1423 1195 1472 ἐρρηξάτην
1221 1424 1270 1463 είς
1293 1424 1408 1460 κύκλα
1427 1425 1592 1485 χαλκέων
1615 1426 1731 1462 ὅπλων
1750 1438 1802 1470 ap.
1822 1429 1912 1461 Plut.
1933 1429 2015 1462 Mor.

1004 1483 1038 1514 p.
1059 1470 1128 1506 458
1146 1470 1195 1518 e.]
1220 1484 1251 1504 v.
1274 1472 1496 1518 ἐκκομπαζω.

1075 1528 1135 1567 Κο
1179 1530 1266 1566 πέω
1291 1533 1424 1573 ςιονίον,
1450 1535 1546 1566 iacto.
1575 1532 1607 1567 τί
1632 1532 1684 1567 δεῖ
1737 1532 1820 1581 άτην
1844 1537 2014 1580 κομπεῖν,

1004 1578 1059 1612 OC
1075 1576 1140 1611 114
1169 1604 1175 1610 .
1195 1581 1344 1623 κομπεῖν
1363 1573 1391 1612 δ’
1409 1578 1486 1627 οὐχὶ
1505 1579 1608 1624 βούλο
1639 1579 1703 1614 αι1
1731 1579 1787 1614 09.
1804 1599 1845 1606 -
1865 1582 1902 1615 C.
1924 1592 2015 1615 acc.:

1002 1627 1110 1660 ταῦτα
1141 1624 1211 1660 ἔστι
1245 1638 1303 1672 μοι
1327 1630 1476 1671 κομπεῖν
1503 1626 1592 1660 001
1623 1626 1680 1661 45.
1723 1631 1872 1674 κομπεῖν
1898 1623 1927 1662 δ’
1952 1627 2018 1664 ἔστ’

1003 1670 1108 1719 ἀτελῆ
1152 1671 1210 1707 σὺν
1250 1671 1406 1720 ψεύδεσιν
1448 1673 1588 1722 αίσγρὸν
1622 1673 1751 1714 ὄνειδος
1784 1676 1846 1708 Ph.
1875 1673 1944 1710 842
1968 1687 2014 1710 m.

1004 1720 1202 1762 Quanquam
1233 1722 1425 1762 ambiguum
1460 1717 1531 1763 est',
1561 1720 1665 1767 ἀτελῆ
1700 1733 1782 1755 num
1806 1725 2017 1756 accusativus

1003 1769 1182 1809 singularis
1216 1769 1279 1809 sit,
1309 1779 1350 1800 an
1384 1770 1536 1810 pluralis.
1580 1764 1707 1804 τοσόνδ’
1736 1769 1795 1804 ἐκό
1826 1781 1881 1804 πει
1907 1767 2017 1816 μῦθον

1002 1816 1057 1847 Αἰ.
1079 1812 1158 1847 770.
1209 1813 1232 1860 ἦ
1259 1826 1324 1849 που
1351 1813 1391 1849 ἂν
1418 1811 1523 1863 ὓψήλ’
1548 1815 1711 1862 ἐκόμπεις
1738 1782 1829 1850 123ιο
1862 1818 1909 1851 sic
1934 1828 2019 1851 non-

1004 1862 1090 1894 nulli
1121 1860 1197 1894 libri
1231 1867 1266 1894 et
1290 1864 1393 1895 schol.
1423 1865 1595 1905 Aristoph.
1625 1865 1708 1896 Ach.
1738 1861 1826 1898 638:
1864 1863 2018 1911 έφρόνεις

1006 1910 1063 1941 LA
1079 1919 1128 1951 pr.
1152 1909 1244 1942 Suid.
1274 1920 1304 1941 ν.
1323 1908 1552 1956 ὑψηλοτέρας.
1575 1929 1615 1935 -
1642 1909 1786 1958 ἐφώνεις
1805 1912 1863 1944 LA
1882 1923 1925 1944 m.
1948 1922 2013 1945 rec.

1005 1957 1098 1998 Lips.
1116 1968 1144 1988 a.
1162 1958 1211 1988 b.:
1233 1958 1394 1998 quomodo
1411 1959 1641 1998 corrigendum
1659 1960 1804 1991 affirmat
1818 1959 1907 1992 Pors.
1925 1960 2013 1992 Adv.

1002 2014 1036 2044 p.
1060 2000 1137 2044 197,
1159 2012 1225 2035 non
1243 2008 1282 2035 ut
1299 2004 1451 2046 Sophocli
1470 2007 1679 2038 obtrudatur.

1074 2058 1258 2107 Κόμπος
1284 2064 1448 2103 yloriatio.
1478 2061 1567 2102 Ζεὺς
1592 2063 1656 2110 γὰρ
1683 2063 1835 2111 μεγάλης
1858 2063 2016 2112 γλώσσης

1001 2107 1157 2155 κόμπους
1182 2107 1426 2157 ὑπερεγθαίρει
1441 2112 1521 2143 Ant.
1547 2109 1612 2144 127
1630 2122 1676 2144 m.
1698 2130 1739 2136 —
1766 2111 1900 2157 κόμπος
1926 2111 2017 2158 πάρ-

1002 2167 1071 2190 εστι
1096 2155 1184 2190 κούκ
1209 2152 1425 2203 ἀπαρνοῦμαι
1449 2158 1487 2192 τὸ
1515 2157 1563 2204 μή
1591 2160 1644 2191 Ai.
1667 2155 1711 2191 96
1736 2161 1870 2199 ylorior,
1898 2163 1928 2192 et
1946 2162 2016 2192 iure

1002 2204 1131 2245 quidem
1147 2204 1260 2236 videor
1276 2206 1424 2244 yloriun'.
1449 2224 1488 2229 -—
1515 2207 1645 2238 Tonum
1662 2207 1792 2238 notavit
1808 2207 1885 2239 Arc.
1907 2217 1941 2248 p.
1955 2203 2012 2248 67,

1001 2248 1034 2283 2.
1064 2251 1126 2283 EM
1144 2262 1177 2293 p.
1200 2248 1278 2292 527,
1301 2249 1357 2285 46.

1071 2305 1292 2356 Κομψεόω
1317 2320 1447 2342 exorno.
1476 2309 1629 2357 κόμψευε
1654 2313 1713 2345 νῦν
1723 2311 1795 2346 ’‘c->v
1814 2309 1911 2351 δόξαν
1929 2313 2010 2346 Ant.

1002 2353 1070 2389 324
1103 2355 1176 2400 [alii
1208 2358 1285 2389 libri
1319 2355 1471 2403 δόκησιν.
1507 2369 1539 2391 V.
1572 2369 1672 2400 supra
1696 2369 1730 2400 p.
1763 2329 1856 2401 177].
1901 2360 2010 2392 Schol.

1002 2401 1218 2450 σεμνολόγει,
1245 2404 1308 2449 τὴν
1335 2402 1474 2450 δόκησιν
1499 2403 1684 2452 περιλάλει.
1722 2407 1814 2438 Bene
1840 2407 2009 2439 Brunck.:

65 2454 106 2487 ,10
143 2457 324 2497 satim-3¹01„⁷
361 2461 400 2489 ut
431 2456 547 2503 κόμης
583 2456 729 2504 ἐκραίνει
765 2461 966 2500 copulentur
1001 2451 1040 2482 de
1057 2453 1240 2492 suspicione
1258 2455 1411 2492 aryutare
1429 2454 1651 2493 quamtumvis.
1680 2454 1761 2485 Nam
1781 2458 1890 2486 custos
1910 2455 2014 2486 multa

15 2534 19 2541 ἢ
42 2516 71 2529 .,
115 2502 302 2544 disputavit
332 2505 370 2536 L·
403 2504 559 2546 Spengel⁸
588 2507 622 2537 jn
649 2506 766 2539 Philol·
799 2504 898 2539 1864·
927 2518 960 2549 p·
1001 2499 1102 2530 verba
1133 2499 1275 2538 fecerat,
1304 2502 1343 2530 ut
1369 2509 1443 2531 sese
1468 2500 1682 2532 innocentem
1709 2502 1862 2542 probaret
1886 2502 2014 2533 refuta-

16 2647 36 2685 31„
92 2640 180 2687 ὁμοῦ
207 2642 354 2689 ἐκραίνει
380 2643 517 2689 μυελόν,
546 2646 671 2692 κρατὸς
698 2645 960 2693 διασπαρέντοςε

105 2688 176 2735 κόμ
202 2700 218 2727 ς
249 2693 314 2736 τῆς
347 2691 552 2738 αἱματηρᾶς.
597 2694 667 2726 Ηοο
695 2695 834 2727 fortasse
859 2697 966 2728 voluit

98 2746 133 2778 p.
157 2734 180 2768 2
205 2734 247 2777 9,
275 2739 449 2771 obscurius
473 2741 530 2772 ille
556 2742 655 2773 verba
680 2751 892 2783 componens.
924 2761 964 2766 -

133 2794 164 2815 v.
185 2786 262 2816 Arc.
291 2795 325 2826 p.
348 2783 425 2826 110,
450 2784 504 2819 11.

13 2835 242 2888 {fcit-nvnc
257 2845 428 2883 pinnatus.
457 2843 615 2891 κομήτην
636 2844 685 2880 ἰόν
704 2847 759 2879 Tr.
774 2844 853 2880 567.
875 2848 965 2880 Tan-

18 2916 61 2931 ,.
85 2889 291 2935 παρώνυμον
324 2893 541 2932 penacuitur,
572 2894 614 2924 cf.
640 2893 740 2926 schol.
768 2896 808 2926 Il.
838 2906 854 2927 ε
883 2892 960 2928 158.

26 2959 31 2973 ,7
55 2948 70 2973 ,·
87 2931 142 2975 61,
165 2934 221 2968 55.
250 2937 392 2969 Philem.
413 2948 446 2979 p.
472 2935 525 2970 12.

16 2991 205 3038 „op-itm
231 2995 322 3035 fere,
350 3000 456 3036 porto.
503 2998 555 3028 De
579 3007 632 3029 rc:
660 2996 769 3032 σκῦλα
881 2999 964 3046 πρὸς

41 3045 63 3082 ,τ’
98 3039 186 3085 έμῆν
213 3040 333 3086 κόμιζε
358 3043 420 3074 Ph.
449 3040 549 3076 1433.
593 3042 625 3077 τί
651 3043 788 3090 μέλλεις
813 3045 964 3091 κομίζειν

34 3120 50 3124 ,Δ
71 3057 184 3135 τόνδ’
209 3086 295 3130 ἔσω,
323 3089 381 3121 OR
399 3086 465 3122 679
484 3091 535 3122 ch.
565 3088 713 3132 ἔπαινος,
731 3091 768 3126 ὃν
785 3092 964 3139 κομίζετον

63 3135 65 3137 '
102 3130 179 3179 δρός
196 3134 252 3167 OC
271 3132 358 3167 1411
379 3147 478 3177 quam
497 3137 590 3177 fertis
608 3139 750 3174 laudem.
772 3141 796 3172 i.
812 3149 840 3173 e.
863 3151 962 3183 quam

56 3185 77 3223 ζ’
94 3181 128 3212 ¹³.
170 3176 300 3228 λείψαν’
326 3180 362 3216 ἐν
396 3181 519 3231 βραχεῖ
546 3182 662 3231 τεύχει
691 3184 879 3230 κομίζομεν
905 3189 958 3220 El.

18 3234 19 3248 ³
47 3243 123 3272 -4—
152 3229 233 3260 Fero
258 3230 359 3261 etiam
385 3230 426 3262 de
451 3231 601 3271 infante,
637 3233 696 3273 qui
720 3235 863 3266 nutricis
887 3245 963 3276 por-

18 3307 20 3320 ,
66 3271 220 3316 'achiis3
242 3277 285 3308 cf.
305 3276 400 3309 Voss.
422 3278 462 3309 ad
481 3278 604 3317 Hymn.
627 3278 700 3311 Cer.
721 3277 802 3312 443.
822 3291 856 3323 p.
874 3279 958 3314 128:

18 3352 20 3358 ,
64 3325 66 3354 ζ
87 3322 155 3354 νῦν
181 3333 239 3366 μοι
264 3321 372 3356 παῖδα
387 3323 443 3357 τὸν
462 3323 546 3368 ἐμόν
565 3326 620 3357 Ai.
640 3323 719 3358 530.
763 3325 822 3360 καὶ
840 3325 882 3373 δὴ
899 3339 962 3362 κο-

19 3375 21 3410 ‘3
60 3369 82 3410 ,ζ’
102 3365 280 3412 ροσπόλων
310 3366 358 3402 ὅδ’
384 3367 523 3417 ἐγγύθεν
549 3369 628 3404 544.
668 3390 709 3395 -
752 3374 802 3405 De
836 3375 962 3407 homine

131 3414 263 3457 ducere,
301 3416 478 3459 adducere,
516 3418 693 3451 abducere:
730 3421 850 3455 τοῦτον
883 3419 961 3459 θεὸς

38 2546 142 2581 :fied
161 2546 303 2594 αἵματός
321 2544 354 2584 θ’
370 2550 459 2596 ὁμοῦ
475 2553 591 2594 inepte
608 2554 685 2584 addi
703 2554 812 2585 visum
826 2556 965 2587 minime
1000 2549 1118 2586 retque
1135 2547 1224 2586 regis
1241 2547 1477 2586 suspicionem.
1499 2547 1539 2578 V.
1559 2548 1695 2579 Ruhnk.
1716 2548 1756 2579 ad
1775 2547 1861 2579 Tim.
1882 2558 1916 2589 p.
1931 2545 2009 2580 154.

22 2598 101 2641 ..g-t
117 2596 232 2628 Herm.
262 2597 371 2630 Verba
389 2600 435 2630 sic
453 2601 696 2640 componenda:
726 2599 837 2646 κόμης
856 2599 966 2646 α’ίμα-
1000 2594 1125 2625 1³00bs·
1153 2594 1193 2624 ad
1218 2592 1373 2626 PhilOStl'·
1402 2604 1435 2635 P·
1457 2590 1536 2626 283-

1071 2647 1101 2685 K
1116 2649 1206 2688 όνῐς
1224 2649 1321 2696 [Lob.
1343 2652 1437 2683 Path.
1463 2649 1492 2691 1,
1515 2649 1597 2697 470]
1614 2655 1737 2692 pulvis.
1767 2653 1902 2694 Proprie
1920 2654 2013 2685 nulla

1002 2707 1037 2730 re
1070 2698 1316 2738 adsignificata:
1350 2696 1435 2731 κάπὶ
1467 2697 1576 2745 χρωτὶ
1603 2697 1715 2745 διψίαν
1740 2697 1831 2733 κόνιν
1857 2696 2011 2738 παλύνας

1001 2746 1081 2777 Ant.
1102 2742 1183 2777 247.
1216 2746 1258 2778 cf.
1278 2744 1394 2792 χερσὶν
1411 2744 1512 2784 εὐθὺς
1531 2744 1643 2792 διψοὶδΊ
1670 2745 1810 2792 ἐμφέρει
1834 2745 1926 2779 κόνιν
1943 2743 2012 2779 429

1001 2802 1031 2823 v.
1054 2790 1165 2837 διψάς.
1202 2790 1310 2838 λεπτὴ
1330 2787 1357 2826 δ’
1376 2791 1462 2839 ἐπῆν
1479 2792 1572 2830 κόνις
1589 2790 1669 2826 256.
1707 2795 1818 2827 πᾶσαν
1835 2792 1928 2826 κόνιν
1945 2793 2011 2840 σή-

1003 2849 1118 2883 ραντες
1136 2835 1215 2871 409.
1244 2838 1336 2877 κόνις
1355 2833 1382 2872 δ’
1400 2837 1472 2874 ἄνω
1489 2834 1640 2885 ’φορεῖτο
1658 2841 1711 2872 ΕΙ.
1725 2838 1804 2872 714.
1828 2858 1868 2864 -
1897 2838 2012 2872 Solum

1001 2886 1184 2926 significat:
1206 2883 1229 2930 ἢ
1249 2889 1404 2920 πνοαῖσιν
1421 2884 1445 2932 ἢ
1466 2884 1684 2932 βαθυσκαςιεῖ
1700 2886 1792 2921 κόνει
1803 2885 1933 2933 κρύψον
1951 2888 2006 2919 El.

1001 2929 1068 2965 435
1094 2936 1152 2964 aut
1173 2935 1278 2965 ventis
1300 2933 1446 2974 disperye
1463 2938 1520 2966 aut
1539 2936 1574 2966 in
1592 2938 1678 2966 terra
1697 2935 1825 2974 defode.
1854 2935 1944 2966 Hinc
1960 2935 2011 2966 di-

1001 2985 1091 3012 ctum
1117 2980 1158 3012 de
1185 2980 1371 3012 humando:
1398 2979 1421 3026 ἠ
1442 2980 1501 3014 καὶ
1518 2986 1727 3015 κατασκιῶσι
1744 2978 1879 3026 Θηβαίᾳ
1895 2979 2005 3022 κόνει,

1001 3025 1055 3058 OC
1074 3023 1159 3064 406;
1191 3028 1232 3059 de
1255 3028 1428 3068 operiendo
1441 3054 1448 3068 ‚
1478 3029 1706 3068 adsignificata
1722 3029 1904 3060 inferorum
1924 3029 2010 3060 loco-

1000 3082 1074 3104 rum
1092 3075 1245 3106 notione:
1275 3073 1412 3114 ἐδέξατο
1429 3073 1704 3119 (Amphiaraum)
1721 3073 1860 3120 ραγεῖσα
1877 3071 2019 3120 Θηβαία,

999 3118 1092 3157 κόνις
1117 3122 1157 3152 fr.
1179 3122 1244 3152 inc.
1267 3119 1345 3161 781,
1369 3119 1400 3153 1.
1444 3119 1609 3168 νερτέρων
1635 3119 1707 3167 ἀμᾷ
1729 3121 1821 3159 κόνις
1839 3122 1919 3154 Ant.
1941 3118 2010 3154 602

999 3167 1050 3198 ch.
1081 3178 1111 3199 v.
1133 3165 1248 3212 ἀμάω.
1268 3187 1315 3191 -
1340 3170 1391 3200 De
1407 3172 1484 3201 tono
1502 3180 1532 3201 ν.
1554 3170 1630 3201 Arc.
1652 3179 1685 3210 p.
1699 3166 1803 3209 32,8.
1824 3170 1875 3200 De
1893 3169 2010 3200 ultima

999 3215 1156 3255 producta
1174 3216 1303 3255 primus
1317 3216 1427 3247 Bentl.
1445 3217 1576 3248 monuit
1589 3217 1624 3247 in
1639 3217 1718 3247 diss.
1731 3216 1861 3248 Phalar.
1877 3226 1911 3257 p.
1928 3212 2006 3248 135.

1072 3267 1216 3317 [Κοπή
1243 3275 1358 3314 sectio,
1388 3276 1545 3306 contu-32¹0.
1591 3253 1758 3353 φλοξιξοὲ
1783 3272 1869 3318 μετὰ
1895 3272 2008 3319 κοπήν

999 3319 1122 3350 Palam.
1156 3321 1197 3351 fr.
1230 3317 1318 3360 380,
1348 3318 1380 3352 3.
1415 3331 1467 3361 ap.
1497 3321 1594 3354 Eust.
1622 3331 1654 3362 p.
1707 3318 1730 3353 2
1776 3322 1873 3353 libri:
1901 3319 2008 3354 κόπον

999 3364 1164 3410 Brunck.]

1071 3421 1147 3468 [¹⁸⁴⁸]
1178 3420 1318 3464 Κοπίς
1351 3425 1495 3466 yladius.
1541 3423 1707 3471 μαλθακὴ
1737 3423 1838 3464 κοπίς
1866 3427 1907 3458 fr.
1938 3426 2006 3459 inc.
