2288 3600
2 135 39 200 „³⁵⁵
105 174 140 208 p.
159 156 377 208 οτι-2η]

0 229 19 251 ,ᾖ
36 235 48 252 s

0 253 199 319 {fidutia
227 271 263 303 et·
284 268 381 302 modo
405 271 565 302 recentem
587 269 764 301 clamorem
788 269 976 309 significare
993 277 1052 310 po—

165 316 312 350 certiora
327 316 410 348 haec
434 318 534 349 sunt:
566 314 651 363 πρὸς
668 316 768 349 ποῖον
787 311 828 348 ἂν
844 309 933 349 τόνδ’
949 313 1051 353 αὐτὸς

1 358 26 392 ³⁴
41 351 223 402 bbssuoeebe
241 361 357 404 ἔπλει;
387 363 449 396 Ph.
470 359 550 396 572.
579 363 651 404 quis
668 363 722 395 ille
739 362 854 403 fuerit,
883 372 977 404 quem
992 373 1049 395 ar-

40 412 213 444 muitum
228 411 387 452 mviyet?
417 411 518 444 ποῖον
544 407 633 457 ἐρεῖς
657 406 727 443 τόδ’
754 407 856 451 ἔπος;
894 406 984 443 1204
1001 419 1045 442 m.

42 457 122 500 quid
143 457 202 490 hoe
226 458 291 491 tato
313 457 413 498 dieis,
440 458 464 489 1.
485 466 517 489 e.
545 455 623 499 quid
639 459 686 488 est
703 456 805 496 ειιιια,
833 456 918 498 quod
942 456 1050 488 dicis?

0 542 4 544 ,
40 506 141 539 ποῖον
156 501 255 547 τόδε;
275 514 322 537 sc.
339 501 450 551 λέγω;
469 504 527 537 ΟΒ
535 501 616 537 571.
644 501 773 537 ποίαισι
789 501 933 548 τόλμαις
948 505 1048 538 ταῖσ-

41 549 78 585 δε
96 563 158 593 ...;
186 552 242 584 Ai.
263 548 320 584 46.
342 568 384 575 -
410 550 450 585 τί
474 549 599 591 τόδε,
628 561 705 583 cum
727 548 760 584 τί
784 551 951 591 significat
975 561 1046 591 cur,

39 599 133 632 velut
158 598 219 632 Ph.
239 595 304 631 201
325 608 380 631 an.
407 598 462 631 OG
480 595 551 631 212
575 607 642 630 non
667 602 721 631 est
736 598 840 629 huius
857 598 932 630 loci.
958 595 1049 635 τίνος

0 643 2 645 ’
39 639 69 679 δ’
85 639 256 693 Ἀτρεῖδαι
279 642 370 679 τοῦδ’
394 642 479 692 ἄγαν
498 643 588 680 οὕτω
632 643 721 692 ρόνῳ
738 642 860 690 τοσῷδ’
885 642 1048 702 ἐπεστρέ-

39 703 144 740 φοντο
161 690 360 740 πράγματος
376 691 494 750 χάριν;
514 693 575 725 Ph.
589 692 610 726 5
636 691 670 726 8.
690 690 763 726 τίνα
774 685 865 725 τόνδ’
882 691 1048 738 ἐπηρασω

14 774 17 776 ,
37 737 79 774 λό
102 750 157 781 ον;
189 740 242 771 El.
262 736 343 772 388.
369 738 429 773 τιν’
454 738 554 778 εἶπας
644 737 744 773 τόνδε
769 750 828 785 μοι
844 736 967 786 λόγον;
988 739 1044 771 Tr.

0 810 3 812 —
40 783 83 820 18
109 811 116 819 .
136 783 170 819 τί
185 780 256 820 τόδ’
281 784 498 832 ἑπέπληξας;
527 787 584 820 OC
603 783 693 820 1730
710 797 756 818 m.
784 796 850 818 non
868 796 927 818 cur
937 795 1048 818 mones

1 837 6 881 J
37 832 269 874 absterritum,
298 835 357 866 sed
382 834 460 876 quid
475 837 523 866 est
540 834 626 866 illud
638 859 646 875 ,
666 833 752 876 quod
767 842 892 866 mones.
920 831 952 867 τί
968 831 1047 867 τόδε

38 874 120 926 μάλ’
143 878 263 922 αὖθις;
294 878 381 913 1731
400 891 446 914 m.
800 901 804 908 .

107 928 132 960 f.
153 927 168 970 ΙΙ
185 928 317 961 Deinde
335 932 417 960 sunt
432 929 597 970 quaedam
615 927 894 960 adverbiascentes
920 928 1047 960 formu-

37 975 101 1016 lae,
129 975 302 1007 relativam
318 977 525 1017 pronominis
541 976 611 1008 vim
627 985 706 1017 prae
733 985 769 1007 se
783 976 944 1007 ferentes.
973 978 1047 1012 πῶς

37 1019 98 1056 οὖν
122 1020 142 1056 ὁ
166 1019 297 1069 λῃστὴς
320 1021 357 1060 ἐς
379 1017 450 1056 τόδ’
475 1019 515 1056 ἂν
531 1020 665 1068 τόλμης
684 1020 768 1068 ἔβης
788 1022 846 1054 OR
864 1019 942 1054 125.
972 1023 1047 1054 Du-

37 1069 132 1102 bium
149 1074 201 1101 est
217 1073 341 1111 autem,
361 1071 525 1111 quomodo
542 1068 591 1108 εἰς
605 1066 672 1103 τόδ’
695 1066 893 1110 ἐξελθόντος
910 1067 1046 1102 ἀνόσιον

0 1115 10 1154 J*
38 1114 150 1161 στόμα
165 1116 220 1149 OC
238 1113 304 1149 981
324 1118 582 1157 intelligendum
599 1119 655 1158 sit,
674 1117 743 1150 etsi
761 1117 978 1149 verisimilius
994 1120 1047 1148 est

3 1189 5 1192 Α
36 1160 115 1197 τόδε
141 1161 276 1197 ἀνόσιον
303 1161 414 1209 στόμα
437 1165 608 1205 coniungi.
639 1181 680 1188 —
707 1162 756 1201 εἰς
778 1157 849 1197 τόδ’
871 1160 963 1220 ἥξεις
989 1164 1047 1196 OB.

41 1206 141 1242 1158.
163 1211 210 1243 ita
227 1210 286 1242 tibi
300 1211 366 1252 fiet,
388 1211 471 1244 illud
494 1211 552 1243 tibi
569 1211 705 1244 accidet.
731 1208 764 1243 τί
789 1203 864 1256 δῆτ’
882 1222 922 1244 αν
940 1210 988 1248 ὧς
1005 1208 1046 1244 ἐκ

0 1262 3 1267 “
36 1251 134 1291 τῶνδ’
158 1254 199 1291 ἂν
225 1255 400 1304 ὠφελοῖμί
423 1269 480 1300 ce,
508 1259 564 1290 Ai.
585 1255 666 1291 537.
693 1258 743 1290 his
765 1258 872 1290 rebus.
901 1255 1045 1297 ἐξίκοιτο

0 1334 5 1340 ,
36 1301 138 1338 τοῦδέ
153 1298 183 1351 γ’
199 1301 325 1339 οὔνεκα
349 1305 404 1338 ΕΙ.
425 1303 504 1338 387.
534 1307 562 1338 si
585 1315 655 1338 non
669 1304 766 1337 aliud
789 1308 835 1337 cst
852 1305 1041 1346 quidquam,

0 1363 8 1390 Q
35 1352 167 1384 utinam
182 1353 305 1384 veniat.

0 1395 12 1429 ι

0 1450 8 1498 i

106 1395 140 1430 4.
161 1397 176 1441 ΙΙ
194 1398 279 1431 Cum
295 1400 371 1433 aliis
383 1399 634 1441 pronominibus
651 1399 916 1432 demonstrativis
939 1400 1044 1432 socia-

14 1450 18 1456 ·
37 1448 94 1478 tur
118 1443 204 1479 ὅδε.
234 1447 279 1478 Et
295 1456 372 1479 cum
395 1444 495 1485 οὗτος
517 1448 665 1489 quidem,
694 1447 782 1488 quod
799 1447 1045 1487 significatione

796 144 907 200 Ὅδε
936 176 996 188 —-
1019 138 1319 218 Ὃδοιπορέω.

1999 150 2093 198 511

1088 264 1197 314 ἅσπερ
1221 265 1360 313 εἰσορᾷς
1389 267 1541 313 χωροῦσι
1563 264 1648 313 πρός
1671 275 1707 299 σε
1735 266 1790 298 Tr.
1810 262 1892 298 283.
1920 267 2033 303 κεῖνος
2057 263 2100 300 τὰ

1087 313 1201 348 κείνου
1215 314 1303 357 [libri
1315 308 1344 347 τ’
1359 310 1488 356 ἐκεῖνα]
1508 311 1687 370 στεργέτω,
1710 311 1808 360 κάγὼ
1823 310 1906 346 τάδε
1923 313 1978 345 Ai.
1993 309 2095 346 1039.

1086 371 1144 402 eyo
1159 372 1247 402 mea,
1275 362 1329 393 ille
1345 371 1418 393 sua.
1455 365 1530 398 πῶς
1562 354 1636 406 οῆτ’
1670 357 1738 407 ἐγὼ
1770 357 1850 394 κεῖν’
1887 356 1928 393 ἂν
1962 357 2100 405 λάβοιμ’

1087 406 1184 455 ἀφεὶς
1207 407 1309 450 τάδε;
1345 408 1403 440 ΟΒ
1423 404 1504 440 599.
1533 417 1614 449 quae
1639 417 1730 440 nunc
1752 406 1913 448 possideo.
1948 406 2033 453 γυνὴ
2061 405 2098 440 δὲ

1088 456 1205 503 μήτηρ
1221 453 1285 501 ἥδε
1300 460 1368 490 τῶν
1385 453 1499 489 κείνου
1515 454 1645 488 τέκνων
1663 451 1743 487 928.
1771 454 1800 487 Ε
1819 455 1947 486 Iocasta
1960 455 2094 496 Oedipi.

1085 502 1125 538 τὸ
1161 500 1282 536 κείνων
1312 501 1420 536 κακὸν
1455 499 1543 548 τῷὂε
1578 499 1700 549 κέρδος
1733 499 2000 547 μετατιθέμενος
2031 502 2093 533 Ph.

1086 548 1152 583 511
1165 551 1217 582 ch.
1239 550 1435 582 Atridarum
1452 553 1488 581 et
1505 549 1725 581 Philoctetae.
1753 546 1877 586 κείνοις
1895 546 1936 582 ἂν
1953 546 2094 595 ἤλγουν,

1083 595 1199 632 τοῖσδε
1217 591 1245 630 δ’
1263 595 1327 631 οὐκ
1344 594 1535 642 ἀλγύνομαι
1552 597 1634 629 Ant.
1655 592 1735 628 468.

1154 645 1221 678 Sed
1239 647 1274 676 et
1299 646 1336 676 in
1352 644 1465 676 eadem
1481 654 1516 675 re
1531 642 1754 685 siqnificanda
1777 644 1904 675 arctius
1923 643 2098 685 copulatur

1085 702 1161 724 cum
1178 693 1254 724 aliis
1272 692 1526 733 pronominibus
1544 688 1619 731 8523
1642 700 1706 731 quo
1725 691 1760 721 in
1772 700 1896 730 genere
1910 691 2097 722 cavendum

1085 749 1128 772 ne
1146 739 1226 780 quid
1243 739 1419 771 abundans
1437 743 1471 770 et
1487 747 1775 780 supervacaneum
1791 747 1969 778 agnoscere
1984 738 2096 769 videa—

1085 797 1171 818 mur.
1205 783 1298 830 κάμέ
1322 797 1374 819 τοι
1398 783 1518 819 ταύτὸν
1542 782 1611 818 τόδ’
1637 782 1714 818 ὄὼει
1739 782 1873 830 δρῶντα
1897 785 1958 817 Ph.
1983 781 2092 816 1256:

1085 833 1170 866 illud
1188 835 1313 874 ipsum,
1344 832 1430 874 quod
1455 836 1492 864 tu
1514 831 1612 873 sacis.
1640 818 1695 877 ἥδ’
1721 829 1786 865 ἔστ’
1813 829 1927 877 ἐκείνη
1954 828 2096 878 τοῦργον

1084 878 1108 926 ἡ
1132 877 1365 927 ’ξειργασμένη
1392 881 1473 912 Ant.
1495 876 1575 912 384.
1604 889 1644 910 επ
1661 880 1766 911 illam.
1795 875 1844 912 ὅδ’
1864 877 1964 919 ἐστίν,
1991 879 2093 918 ὦταν,

1082 930 1215 968 κεῖνος,
1246 925 1282 964 ὃς
1306 921 1375 960 τότ’
1399 925 1442 972 ῆν
1466 925 1543 964 νέος
1568 926 1626 958 ΟΒ.
1646 923 1747 958 1145.
1781 922 1829 959 ὅδ’
1852 920 1922 971 εἴμ’
1947 924 2016 972 ἐγώ
2043 936 2095 959 σοι

1083 977 1196 1012 κεῖνος
1228 975 1289 1006 Ph.
1317 971 1397 1006 261.
1427 984 1468 1006 en
1490 975 1585 1006 illum
1608 983 1669 1005 me.
1699 970 1748 1006 ὅδ’
1781 971 1912 1011 ἐκεῖνος
1947 971 2015 1019 ἐγώ
2039 973 2095 1005 OC

1086 1020 1153 1054 137
1170 1031 1225 1055 an.
1251 1019 1317 1066 ἥδε
1341 1031 1394 1055 σοι
1417 1018 1515 1067 κείνη
1542 1018 1634 1067 πάρα
1657 1021 1710 1052 El.
1733 1017 1812 1052 665.
1850 1021 1941 1053 Haec
1958 1021 2095 1062 quidem

1083 1067 1260 1106 δεικτικῶς
1273 1069 1549 1108 adverbiascunt;
1572 1068 1630 1100 sed
1640 1068 1731 1099 aliud
1741 1072 1793 1100 est
1803 1065 1873 1101 τόδ’
1887 1062 1950 1101 ἔστ’
1967 1066 2091 1107 ἐκεῖνο,

1081 1115 1142 1150 καὶ
1155 1110 1236 1162 μάλ’
1252 1113 1384 1153 ἀθλίως
1398 1114 1489 1162 ἔχων
1506 1114 1626 1159 (σῶμα
1642 1111 1841 1162 Ἠλέκτρας,
1857 1116 1898 1147 de
1912 1125 1979 1157 quo
1991 1124 2095 1156 quae-

1083 1165 1207 1196 siverat
1224 1162 1378 1207 Orestes)
1396 1161 1499 1195 1178.
1520 1162 1616 1202 illud,
1637 1162 1676 1194 de
1692 1172 1755 1203 quo
1771 1164 1913 1203 quaeris,
1937 1163 1994 1194 hoc
2010 1165 2067 1194 est.

1153 1209 1187 1243 5.
1216 1211 1405 1252 Aliquando
1430 1207 1499 1243 ὅδε
1524 1210 1577 1241 bis
1608 1210 1768 1251 deinceps
1795 1211 1933 1251 ponitur
1962 1210 2094 1250 signill-

1082 1268 1162 1290 cans
1179 1258 1323 1290 diversa.
1349 1255 1410 1291 καὶ
1435 1259 1495 1290 νῦν
1518 1255 1576 1290 ὅδε
1599 1255 1684 1303 πρὸς
1712 1259 1775 1302 τῆς
1806 1254 1918 1303 τύχης
1949 1254 2093 1297 ὄλωλεν,

1082 1303 1162 1339 οὐδὲ
1178 1299 1271 1339 τοῦδ’
1288 1302 1353 1338 ὕπο
1371 1305 1429 1337 OR
1445 1302 1515 1337 948
1533 1314 1581 1346 sq.
1605 1301 1675 1338 ὅδε
1700 1304 1848 1344 Polybus
1867 1302 1938 1349 ests,
1966 1302 2095 1337 τοῦδε

824 1350 874 1396 (11
890 1363 926 1394 p.
945 1349 1047 1396 275.)
1082 1352 1260 1394 Oedipum,
1282 1353 1341 1393 qui
1358 1361 1516 1393 praesens
1534 1352 1659 1392 aderat,
1681 1355 1821 1393 spectat.

1152 1396 1186 1432 6.
1213 1400 1372 1432 Notabile
1397 1403 1451 1431 est
1474 1397 1579 1432 τάδε
1603 1399 1784 1440 aliquando
1809 1399 1850 1431 de
1867 1409 1939 1431 una
1955 1401 2045 1430 certa
2060 1407 2096 1430 re

1081 1447 1209 1480 dictum
1225 1448 1378 1488 reperiri.
1407 1443 1459 1493 ἄρ’
1476 1444 1543 1494 οὐχ
1556 1444 1650 1493 ὕβρις
1666 1444 1766 1486 roffi-:3
1795 1445 1850 1478 OC
1866 1443 1947 1478 887.
1970 1443 2095 1480 οὔκουν

0 1502 7 1533 ζ
37 1493 190 1534 proxime
204 1494 353 1535 attingit,
369 1494 469 1535 longe
486 1496 594 1526 rarius
612 1495 661 1526 ita
677 1495 901 1535 coniungitur,
924 1498 963 1526 ut
979 1494 1046 1526 dif-
1079 1491 1164 1535 τάδ’,
1193 1493 1221 1528 ὦ
1244 1496 1308 1527 παῖ
1333 1492 1445 1533 δεινοί,
1482 1493 1540 1527 τὸν
1563 1491 1730 1540 Λαερτίου
1756 1487 1810 1537 ἔμ’
1827 1490 1962 1527 ἐλπίσαι
1988 1491 2095 1532 δεῖξαι

0 1540 13 1590 ζ’
38 1541 159 1581 ferant,
178 1550 280 1582 quam
297 1545 336 1573 ut
353 1542 457 1574 simili
474 1545 642 1583 potestate
659 1542 833 1582 dicantur,
860 1542 901 1573 de
919 1551 986 1583 qua
1010 1551 1044 1573 re
1080 1541 1166 1579 νεὼς
1198 1539 1311 1587 ἄγοντ’
1341 1539 1377 1575 ἐν
1410 1534 1578 1586 Ἀργείοις
1603 1541 1741 1586 μέσοις;
1777 1541 1839 1573 Ph.
1868 1537 1948 1574 628.
1984 1538 2095 1586 λέγεις

36 1588 242 1620 monuimus.
286 1588 322 1621 Si
345 1589 478 1630 quando
501 1589 683 1630 differunt,
712 1586 787 1621 ὅδε
810 1598 878 1621 rem
902 1589 971 1620 loco
993 1590 1045 1620 vel
1079 1585 1140 1623 'Ar
1162 1586 1266 1626 είδαις
1279 1585 1415 1635 ὄφελος,
1431 1586 1455 1632 ἢ
1474 1581 1518 1620 ’π’
1537 1587 1615 1633 ἐμοὶ
1627 1586 1709 1622 τάδε
1726 1585 1814 1630 [τόδε
1826 1588 1929 1620 Dind.
1943 1597 1987 1620 ex
1998 1585 2089 1631 LA];

0 1623 13 1639 ἡ

0 1642 17 1655 Α-

0 1656 11 1668 ,ς

0 1670 6 1677 ι

37 1636 190 1675 temporis
206 1639 369 1668 momento
384 1636 477 1668 nobis
493 1637 751 1668 coniunctiorem
767 1636 952 1676 significat:
982 1644 1044 1667 nec

0 1679 15 1729 ᾗ,
35 1681 84 1713 ita
100 1685 224 1723 tamen,
246 1685 285 1714 ut
302 1682 337 1714 id
354 1683 533 1715 discrimen
550 1693 569 1715 a
585 1686 684 1724 poeta
708 1692 774 1715 non
791 1686 968 1724 spernatur
984 1683 1045 1714 ali-

0 1729 11 1766 {¹
36 1729 181 1770 quando.
209 1727 324 1762 παῦλοὶ
339 1741 391 1764 τοι
407 1734 526 1764 κακῶν
542 1727 628 1776 αὕτη
640 1756 648 1770 ,
676 1727 819 1775 τελευτὴ
845 1727 944 1764 τοῦδε
961 1727 1044 1763 τάν·
1078 1733 1211 1772 proprio
1228 1731 1275 1762 sic
1291 1727 1373 1763 τάδε
1391 1730 1543 1762 additum
1561 1731 1719 1763 habente.
1739 1726 1924 1764 Ἀπόλλων
1941 1723 2014 1763 τάδ’
2030 1727 2086 1775 ἦν,

0 1901 9 1926 [v

36 1772 116 1822 δρός
150 1776 205 1808 Tr.
230 1773 331 1809 1256.
368 1778 452 1809 illud
477 1778 562 1819 quod
594 1777 663 1809 dixi
687 1778 790 1809 finem
815 1778 894 1809 mali
924 1777 1038 1817 affert,

15 1839 17 1842 ·
35 1820 135 1856 τοῦδε
150 1820 293 1869 τάνδρός
309 1823 491 1856 Herculem
507 1825 619 1866 ipsum
630 1849 638 1865 ,
666 1825 724 1865 qui
741 1825 907 1865 loquitur,
936 1824 1042 1864 signi-

5 1853 16 1907 }
36 1869 122 1902 neat.
151 1864 316 1904 sesam*
341 1868 484 1909 ἐνδίκως
510 1869 604 1905 οὗτοι
625 1869 706 1904 τάδε
731 1871 791 1903 Ph.
813 1868 893 1904 372.
922 1872 1044 1903 Achivi

0 1930 6 1958 ᾗ
37 1926 128 1948 arma
149 1917 309 1958 Achillis,
337 1928 426 1960 quae
448 1922 508 1950 aut
531 1923 692 1960 tanquam
716 1919 846 1959 adsint,
872 1928 1043 1950 common-

35 1965 196 2005 strantur,
225 1968 284 1997 aut
301 1966 382 2006 quia
397 1966 506 2006 pluris
523 1970 606 1998 sunt
622 1966 839 2006 Neoptolemo
857 1966 1043 1998 sciscitanti

0 2013 12 2052 ᾗ.
37 2011 85 2042 sic
108 2015 282 2044 vocantur.
311 2010 342 2045 εἰ
365 2009 438 2046 τάδ’
465 2010 501 2045 ἐν
518 2010 653 2050 τούτοις
670 2014 751 2044 Ant.
772 2009 829 2044 39.
850 2015 878 2044 si
903 2013 978 2044 haec
993 2022 1044 2044 res

0 2055 11 2090 {2
35 2065 85 2098 eo,
103 2067 198 2099 quem
211 2061 411 2101 memorasti,
431 2060 499 2092 loco
515 2063 580 2100 εει,-
599 2071 617 2093 ο
629 2058 730 2096 ὖτος
747 2060 888 2092 relative
905 2060 1040 2101 dicitur,

12 2102 19 2119 ³
37 2100 108 2138 ὅδε
132 2105 175 2137 de
200 2115 235 2138 re
259 2115 351 2138 nunc
374 2108 488 2148 ipsum
513 2111 596 2139 acta.
633 2107 734 2139 Paulo
757 2107 855 2139 aliter
879 2108 961 2139 haec
977 2108 1044 2139 duo

0 2162 7 2193 τ,
35 2153 190 2194 exempla
197 2153 342 2185 habent:
358 2151 551 2198 ἀκούσομαι
565 2152 628 2199 μὲν
642 2153 689 2191 ὡς
703 2152 786 2200 ἔφυν
800 2152 918 2188 οἴκτου
928 2151 1043 2191 πλέως

0 2202 15 2243 'i'
34 2197 119 2245 πρὸς
133 2193 224 2233 τοῦδ’
235 2209 243 2216 ·
255 2198 352 2244 ὅμως
366 2198 404 2234 δὲ
415 2195 554 2246 μείνατ’,
581 2199 611 2234 εἰ
626 2199 739 2247 τούτῳ
754 2199 849 2235 δοκεῖ
862 2202 923 2234 Ph.
938 2199 1039 2234 1075.

0 2248 5 2258 “
35 2255 82 2279 το
91 2246 111 2279 ὖ
121 2243 140 2278 δ
151 2257 167 2279 ε
192 2247 329 2279 Ulixem
341 2252 482 2290 spectat,
503 2259 523 2281 τ
531 2259 549 2281 o
559 2245 577 2281 ύ
587 2259 608 2281 τ
616 2260 645 2293 ῳ
662 2248 885 2290 Philocteten,
903 2258 1044 2290 quorum

0 2294 12 2338 ζῇ
36 2296 179 2335 uterque
195 2303 355 2335 praesens
371 2295 484 2335 adest;
515 2295 575 2327 sed
591 2293 648 2329 ὅδε
666 2295 793 2328 dictum
803 2297 844 2328 ob
857 2305 941 2337 eam,
958 2306 1043 2337 quae

37 2338 74 2371 in
91 2341 223 2380 negotio
239 2342 435 2374 facessendo
451 2342 546 2374 Ulixi
565 2346 599 2374 et
615 2342 832 2384 Neoptolemo
849 2343 1041 2382 intercedit,

0 2391 7 2428 ξ,
36 2387 242 2420 societatem.
272 2387 324 2422 σοὶ
348 2387 466 2423 ταῖσδέ
488 2386 516 2422 τ’
541 2387 640 2423 οὐδὲν
666 2387 830 2436 εἴργεται·
856 2388 998 2428 τούτους
1016 2383 1044 2422 δ’

5 2466 13 2473 ,,
38 2430 79 2468 ἔα
94 2434 151 2466 Tr.
164 2431 245 2468 344.
273 2435 422 2468 Nuntius
439 2446 515 2468 cum
532 2437 692 2469 Deianira
708 2437 899 2478 colloquens
915 2439 1044 2471 ταῖσ-
1078 2443 1195 2480 aptum
1227 2442 1318 2471 esset
1345 2439 1387 2470 ad
1418 2440 1634 2479 sententiam,
1665 2439 1725 2472 Ph.
1749 2435 1851 2470 1003.
1885 2434 1986 2470 1246.
2017 2437 2086 2470 OG.

0 2518 2 2520 ,
39 2477 83 2514 δε
107 2481 189 2514 dicit
212 2482 253 2514 de
278 2483 478 2516 mulieribus
496 2483 684 2516 Trachiniis
707 2493 751 2515 ex
775 2484 897 2525 quibus
923 2484 1042 2516 chorus

0 2529 3 2531 ⁴
36 2528 254 2571 efficiebatur,
275 2540 322 2563 ro
334 2527 434 2564 ύτου
445 2542 461 2567 ς
485 2531 528 2562 de
545 2531 753 2572 captivorum
770 2531 1043 2563 Oechaliensium

0 2599 7 2611 ,.
37 2576 188 2618 agmine3
217 2576 286 2608 illis
303 2578 395 2609 enim
412 2581 448 2610 et
464 2578 505 2610 ob
517 2579 610 2610 urbis
626 2579 756 2619 patriae
774 2579 1042 2611 communionem

0 2642 17 2664 .·
37 2625 72 2655 et
88 2623 258 2655 sentiendi
276 2625 441 2656 rationem
464 2626 566 2656 unice
583 2626 804 2657 conveniebat
828 2625 944 2658 audire
970 2635 1042 2658 ser-

36 2677 169 2702 monem
186 2679 254 2703 non
271 2672 427 2704 omnibus
443 2672 662 2712 vulgandum.
683 2689 724 2696 ——
742 2672 808 2706 Sed
825 2672 906 2705 haec
922 2673 1043 2705 discri-

37 2717 131 2748 mina
146 2721 320 2759 poetarum
346 2719 485 2751 licentia
507 2719 669 2751 confundi
693 2719 842 2752 ostendit
865 2721 960 2752 locus
983 2719 1038 2752 Ai.

0 2783 11 2805 ³.
39 2759 141 2796 1032.
169 2761 268 2802 οὗτος
286 2761 310 2796 δ’
333 2762 462 2799 ἐκείνου
480 2763 582 2810 τήνδε
601 2763 730 2813 δωρεὰν
749 2765 840 2814 ἔχων
854 2765 939 2813 πρὸς
951 2764 1043 2800 τοῦδ’

3 2811 15 2838 3'
37 2804 160 2844 ὄλωλε.
181 2808 307 2849 οὗτος
324 2812 412 2844 Aiax
428 2816 463 2844 et
479 2810 658 2850 ἐκεῖνος
683 2813 808 2846 Hector
823 2818 913 2846 recte
930 2818 1043 2846 contra

0 2887 2 2890 .
36 2861 221 2900 ponuntur,
248 2856 326 2903 τήν
338 2857 381 2891 δε
399 2857 529 2906 δωρεάν
541 2859 688 2900 gladium
700 2861 797 2893 Aiaci
810 2861 894 2893 dono
911 2862 1040 2902 datum,

0 2911 15 2921 ·“
37 2903 74 2937 in
97 2914 199 2946 quem
222 2906 438 2946 incubuerat,
467 2907 661 2947 significans
679 2917 745 2940 non
762 2908 875 2940 minus
892 2911 972 2950 apte
988 2909 1041 2940 di-

35 2954 140 2992 ctum,
162 2952 220 2984 sed
235 2962 283 2985 το
294 2950 367 2986 ΰὸε
391 2962 459 2985 non
477 2957 604 2986 constat
621 2963 682 2986 sua
698 2955 836 2996 ratione,
859 2955 930 2987 sive
947 2951 1042 3000 ξίφος

36 2998 107 3044 sive
141 2994 278 3046 Εκτορα
302 3000 492 3033 subaudias.

105 3045 191 3078 Cum
218 3043 288 3080 ἐκε
297 3048 336 3081 ῖν
346 3058 364 3080 ο
375 3058 391 3084 ς
409 3047 634 3080 consociatum
653 3045 671 3082 ὅ
680 3046 698 3081 δ
708 3059 724 3081 ε
740 3058 808 3081 rem
819 3052 878 3081 aut
893 3049 971 3081 locis
983 3051 1041 3081 aut

36 3095 175 3133 tempore
197 3097 257 3126 aut
279 3095 443 3134 yravitate
466 3095 559 3127 nobis
585 3097 841 3128 coniunctiorem
857 3096 1036 3137 significat,

37 3146 148 3180 neque
165 3140 301 3173 videtur
318 3140 403 3173 illud
420 3141 601 3174 discrimen
618 3143 743 3182 negligi
768 3143 858 3184 apud
874 3143 1033 3183 tragicos;

23 3190 115 3218 v<narn
131 3187 173 3219 de
199 3188 359 3228 prosaicis
376 3189 594 3230 scriptoribus
615 3199 649 3222 v.
670 3189 867 3222 Stallbaum.
895 3190 937 3222 ad
951 3190 1037 3222 Plat.

0 3226 177 3270 ijPhaedr.
197 3244 231 3276 p.
250 3231 308 3266 28.
328 3231 555 3281 ἀπήλλαγμαι
570 3233 680 3282 φόβου
697 3234 780 3282 πρὸς
796 3232 891 3289 τῆσδ’
909 3234 1041 3270 ἐκείνου

8 3283 74 3324 'ste
90 3280 144 3313 El.
159 3277 241 3313 784.
261 3282 302 3312 de
317 3282 449 3314 Electra
465 3286 500 3314 et
515 3282 646 3315 Oreste.
667 3280 786 3328 ἐκείνῳ
802 3281 887 3330 τῃδέ
901 3292 939 3316 τε
955 3284 1037 3316 Ant.

6 3323 116 3374 ⁴{j-1570.
136 3327 178 3360 de
194 3327 365 3360 Haemone
381 3332 417 3360 et
431 3329 613 3370 Antigona.
642 3327 750 3363 αἰτίαν
774 3341 812 3375 γε
835 3327 943 3363 τῶνδε
974 3327 1041 3363 κά-

30 3370 157 3410 κείνων
185 3372 277 3420 ἔχων
296 3371 397 3408 1312.
434 3375 475 3407 de
507 3377 742 3417 praesentibus
771 3381 806 3409 et
822 3378 900 3409 olim
929 3378 1037 3409 sactis.

77 3421 143 3454 ῖνοι
171 3418 210 3454 δὲ
230 3415 355 3455 “Αιδου
383 3419 506 3460 πάντες
535 3416 597 3455 ε’ίσἱ
625 3421 813 3470 οἰκήτορες,
887 3421 989 3457 τάσδε
1013 3417 1042 3457 δ’

1083 1633 1125 1667 13
1177 1661 1184 1668 .
1206 1638 1248 1669 V.
1263 1636 1380 1667 Valck.
1401 1636 1466 1668 and
1483 1636 1610 1669 Phoen.
1632 1633 1713 1668 430.
1735 1635 1907 1668 Schaefer.
1929 1635 1970 1667 ad
1987 1635 2091 1666 Dion.

1081 1684 1156 1716 Hal.
1178 1684 1219 1715 de
1236 1692 1264 1714 c.
1279 1694 1310 1714 v.
1332 1693 1365 1724 p.
1386 1680 1443 1714 80.
1465 1684 1626 1724 Inprimis
1639 1683 1884 1716 observandum
1904 1682 1945 1714 de
1962 1684 2095 1714 nomine

1079 1773 1274 1817 Ἀπόλλων,
1295 1774 1389 1823 φίλοι
1405 1777 1462 1810 OR
1478 1774 1567 1810 1329
1580 1788 1625 1810 m.
1646 1779 1711 1820 Ap.
1733 1776 1835 1818 Soph.
1855 1777 1916 1809 hoc
1933 1777 2094 1808 huiusce-

1080 1826 1169 1858 modi
1193 1834 1301 1857 unum
1326 1828 1440 1856 exstat
1463 1826 1677 1867 exemplum,
1705 1825 1803 1866 plura
1827 1833 1879 1865 ap.
1908 1824 2087 1865 Euripid.:

1080 1870 1119 1907 ού
1144 1871 1226 1906 τάδε
1244 1868 1398 1916 Βρόμιος
1415 1871 1504 1912 Cycl.
1527 1869 1584 1905 63.
1606 1870 1722 1906 οὐκέτι
1738 1868 1767 1905 Τ
1790 1869 1845 1905 οία
1870 1868 1951 1904 τάδε
1969 1871 2088 1903 Troad.

1083 1917 1159 1952 100.
1179 1918 1217 1954 οὐ
1232 1916 1296 1965 γὰρ
1311 1916 1382 1953 ἔσθ’
1393 1911 1532 1966 <Έκτωρ
1548 1917 1629 1952 τάδε
1639 1920 1745 1952 Andr.
1784 1915 1840 1950 68.
1856 1918 1909 1951 cf.
1929 1916 1988 1952 καὶ
2002 1914 2095 1951 ταῦτ’

1078 1961 1259 2005 Ὀδυσσεύς
1271 1966 1373 1999 Rhes.
1385 1964 1467 1999 858.
1482 1967 1524 1998 V.
1537 1967 1655 1999 Matth.
1669 1967 1710 1999 ad
1721 1966 1838 1999 Troad.
1859 1966 1882 1998 1.
1896 1975 1924 1998 c.
1941 1965 2089 1998 Meinek.

1079 2015 1121 2046 ad
1136 2015 1313 2046 Menandr.
1341 2023 1375 2054 p.
1399 2010 1478 2045 129.
1507 2015 1670 2054 Krueger.
1698 2014 1740 2046 ad
1758 2015 1859 2046 Dion.
1879 2013 1957 2045 Hal.
1986 2013 2094 2045 histo-

1079 2063 1177 2102 riogr.
1204 2072 1240 2103 p.
1259 2058 1318 2093 22.
1354 2060 1392 2093 G.
1413 2061 1467 2093 Fr.
1488 2061 1674 2094 Hermann.
1705 2061 1746 2093 ad
1772 2062 1912 2093 Lucian.
1941 2060 1983 2091 de
2005 2060 2088 2093 hist.

1078 2119 1207 2141 conscr.
1235 2119 1270 2150 p.
1291 2105 1372 2140 201.
1401 2107 1467 2141 Sed
1489 2109 1720 2141 diversissima
1749 2108 1871 2141 miscet
1895 2108 2016 2139 Blomf.
2044 2107 2089 2147 gl.

1079 2157 1200 2189 Aesch.
1221 2157 1313 2189 Pers.
1336 2153 1368 2188 1.

1150 2201 1183 2235 7.
1217 2203 1362 2235 Versum
1394 2203 1518 2244 plurali
1544 2201 1648 2237 τάδε
1679 2212 1781 2244 quam
1815 2202 1978 2243 singulari
2012 2199 2091 2236 τόδε

1079 2251 1238 2283 maluisse
1263 2250 1403 2282 finire
1420 2251 1561 2291 tragicos
1574 2251 1762 2283 observavit
1774 2249 1889 2282 Valck.
1906 2250 1947 2281 ad
1959 2249 2087 2281 Phoen.

1079 2295 1160 2330 430.
1187 2295 1290 2331 τόδε
1316 2307 1369 2339 ap.
1390 2297 1506 2339 Soph.,
1535 2302 1574 2330 ut
1599 2296 1680 2331 τάδε
1706 2307 1772 2329 non
1800 2298 1914 2329 minus
1931 2299 2022 2329 recte
2039 2297 2091 2328 di-

1080 2348 1223 2386 ceretur,
1243 2348 1355 2376 exstat
1379 2343 1440 2376 Ph.
1460 2342 1561 2377 1362.
1590 2345 1645 2377 OC
1661 2341 1719 2377 22.
1741 2341 1822 2376 961.
1853 2345 1909 2376 Tr.
1931 2340 2011 2376 367.
2031 2344 2087 2375 El.

1082 2389 1150 2424 132
1174 2402 1219 2424 m.
1258 2388 1360 2424 1029.
1399 2388 1499 2423 1257.
1542 2390 1647 2426 τάδε
1680 2395 1804 2432 autem,
1840 2401 1917 2423 cum
1949 2395 1984 2423 et
2011 2388 2090 2424 τόδε

1081 2483 1182 2518 1031.
1203 2487 1285 2518 Ant.
1302 2482 1382 2518 521.
1403 2486 1458 2518 El.
1477 2482 1579 2518 1449.
1600 2487 1656 2518 Tr.
1673 2483 1752 2519 581.
1774 2485 1882 2525 Tynd.
1899 2486 1940 2517 fr.
1958 2482 2038 2526 572,
2052 2482 2086 2525 6,

1079 2543 1165 2574 quae
1196 2534 1393 2566 nominativi
1433 2534 1590 2574 exempla
1621 2537 1717 2574 sunt;
1771 2533 1952 2564 accusativi
1984 2532 2085 2564 haec:

1078 2581 1140 2612 Ph.
1161 2577 1241 2612 537.
1270 2577 1350 2612 597.
1380 2576 1460 2613 980.
1489 2577 1570 2613 994.
1601 2577 1702 2613 1235.
1727 2577 1828 2611 1242.
1858 2576 1960 2612 1250.
1984 2575 2085 2611 1366.

1081 2624 1183 2660 1384.
1203 2623 1350 2659 03223.
1366 2624 1447 2660 401.
1469 2624 1548 2660 568.
1564 2624 1644 2660 599.
1661 2624 1742 2659 646.
1761 2624 1842 2659 850.
1862 2623 1963 2659 1050.
1984 2622 2086 2658 1064.

1081 2671 1181 2706 1476.
1203 2673 1259 2707 OC
1271 2671 1351 2706 342.
1371 2671 1452 2706 418.
1473 2671 1553 2707 478.
1574 2671 1654 2707 497.
1674 2671 1756 2707 820.
1776 2671 1858 2706 852.
1879 2670 1959 2706 987.
1982 2669 2084 2706 1128.

1081 2718 1182 2754 1513.
1215 2722 1297 2754 Ant.
1319 2717 1376 2753 66.
1405 2718 1462 2753 87.
1489 2718 1570 2754 219.
1590 2718 1671 2754 248.
1698 2718 1779 2754 294.
1801 2718 1881 2753 302.
1901 2717 1982 2752 442.
2003 2716 2085 2752 447.

1077 2764 1158 2801 450.
1180 2765 1261 2801 685.
1283 2765 1384 2800 1073.
1406 2768 1462 2800 Tr.
1478 2765 1556 2801 190.
1577 2765 1657 2801 355.
1678 2765 1758 2800 891.
1780 2765 1861 2800 928.
1878 2765 1958 2800 935.
1982 2764 2084 2799 1247.

1080 2812 1182 2847 1257.
1209 2815 1265 2847 Ai.
1285 2812 1343 2847 22.
1365 2812 1444 2848 368.
1465 2812 1545 2847 733.
1567 2812 1647 2848 797.
1671 2812 1771 2847 1039.
1795 2812 1897 2847 1280.
1925 2814 1981 2848 El.
2001 2811 2081 2846 465.

1079 2858 1158 2894 795.
1179 2859 1259 2894 921.
1282 2859 1383 2894 1025.
1407 2859 1508 2895 1124.
1530 2860 1623 2906 [τόδε
1639 2863 1742 2894 Dind.
1764 2872 1791 2894 c.
1814 2862 1873 2894 LA
1889 2858 1960 2905 pr.]
1980 2858 2080 2893 1180.

1078 2909 1170 2941 Haec
1195 2910 1350 2950 exempla
1377 2910 1448 2941 fere
1464 2911 1575 2942 omnia
1591 2910 1709 2942 tertiae
1731 2910 1825 2941 illius
1842 2910 1912 2940 sive
1928 2910 2085 2940 relativae

1077 2956 1333 2996 significationis
1350 2960 1442 2997 sunt,
1468 2957 1523 2988 cui
1540 2966 1616 2989 cum
1633 2958 1683 2988 ita
1698 2966 1766 2988 non
1783 2956 1864 2987 satis
1882 2956 2022 2988 definite
2038 2955 2088 2986 lo-

1077 3012 1229 3045 quamur,
1251 3004 1373 3035 melius
1390 3004 1553 3044 singulari
1569 3005 1708 3045 pluralis
1733 3012 1895 3035 numerus
1912 3002 2080 3035 convenit.

1142 3066 1242 3127 ᾫδῦ
1251 3083 1271 3107 τ
1313 3084 1329 3111 ς
1353 3075 1471 3107 viator.
1517 3070 1643 3107 ὁπόταν
1670 3071 1709 3107 δὲ
1726 3071 1816 3122 μόλῃ
1841 3071 1950 3111 δεινὸς
1967 3070 2085 3119 ὁδίτης

1075 3118 1166 3154 τῶνδ
1193 3118 1234 3153 ἐκ
1252 3131 1293 3166 με
1319 3118 1435 3166 άθρων
1449 3121 1510 3153 Ph.
1526 3118 1593 3153 147
1603 3130 1657 3153 an.
1677 3121 1889 3154 Philocteten
1902 3121 1984 3153 dicit
1996 3119 2084 3152 antri

1076 3168 1229 3208 incolam,
1258 3170 1318 3210 qui
1341 3171 1415 3200 tum
1431 3168 1568 3210 quidem
1585 3169 1708 3200 aberat.
1731 3184 1772 3192 -—
1790 3169 1960 3201 Accentus
1978 3166 2086 3199 nomi-

1077 3215 1205 3246 nalium
1221 3219 1291 3246 est:
1321 3225 1353 3246 v.
1375 3210 1566 3261 ἀγρώστης.
1861 3212 1914 3258 (ΙΙ
1929 3224 1964 3256 p.
1984 3209 2087 3256 277.)

1140 3280 1211 3319 ‘05
1222 3295 1239 3318 ο
1251 3294 1261 3317 ι
1271 3295 1323 3318 πο
1334 3294 1352 3331 ρ
1363 3283 1429 3319 έω.
1457 3285 1471 3327 ΙΙ
1495 3285 1631 3327 Proprie
1648 3285 1776 3318 dictum
1791 3285 2007 3318 intransitive
2025 3285 2086 3316 iter

1076 3330 1199 3371 facere,
1220 3333 1396 3364 transitive
1409 3342 1586 3372 perayrare
1603 3333 1779 3373 significat.
1810 3333 1872 3364 Illo
1890 3332 1984 3364 modo
2000 3331 2086 3371 legi-

1077 3382 1132 3410 tur
1155 3375 1203 3411 8r'
1224 3376 1250 3434 ᾖ
1273 3376 1442 3413 κελεύθου
1466 3371 1562 3424 τῆσδ’
1588 3376 1779 3425 ὁδοιπορῶν
1803 3377 1910 3416 πέλας
1927 3378 1985 3411 OR
2001 3375 2083 3410 801.

1078 3422 1117 3458 οὐ
1140 3422 1205 3470 γὰρ
1230 3437 1270 3458 αν
1295 3423 1378 3470 ὑμῖν
1402 3419 1577 3470 ἀντέκυρσ’
1606 3422 1796 3473 ὁδοιπορῶν
1821 3425 1876 3459 OC
1894 3422 1950 3458 99.
1980 3423 2032 3458 σοὶ
2057 3419 2086 3458 δ’
