2288 3600
295 201 394 251 418

295 314 386 350 1268
409 327 450 349 ne
474 319 649 349 minimum
666 317 808 359 quidem.
851 319 1005 350 Fortasse
1023 319 1125 350 etiam
1158 318 1216 350 ΟΒ
1241 314 1311 349 292

293 363 405 398 πάντα
430 362 493 410 γὰρ
522 369 639 398 σκοπῶ
672 363 773 410 λόγον
800 366 848 397 sio
881 370 1010 407 oportet
1032 366 1191 405 intelligi.
1220 364 1294 406 -11

302 412 401 443 Verba
418 412 616 444 dicta-rebus
634 411 732 452 factis
757 415 923 444 contraria
950 414 1135 453 significat,
1163 413 1309 444 maxime

294 469 371 491 oum
390 457 487 505 ἔργον
513 460 711 500 opponitur,
735 460 793 491 sed
811 469 878 492 non
897 469 1034 492 necesse
1052 460 1138 491 fieri.
1160 470 1192 491 v,
1214 459 1304 491 Pors.

294 507 334 538 ad
352 507 436 539 Eur.
463 507 589 538 Phoen.
611 503 692 538 512.
720 507 838 538 Elmsl.
868 507 909 539 ad
932 508 1065 539 Heracl.
1095 505 1126 538 5.
1172 507 1304 547 Pflugk.

293 554 334 585 ad
353 554 429 585 Hel.
454 551 555 586 1051.
585 555 658 585 coll.
680 554 796 586 Herm.
818 555 859 586 ad
876 556 947 586 Ion.
978 551 1067 586 1312
1094 551 1304 598 [Lob.Paral.

294 611 326 642 p.
348 597 444 645 526].
476 619 516 624 -
537 598 616 634 ὅταν
634 598 726 647 λόγῳ
746 598 859 635 θανὼν
880 600 1007 648 ἔργοισι
1032 599 1136 634 σωθῶ
1164 601 1218 632 ΕΙ.
1247 597 1304 633 59.

296 650 406 690 μισεῖς
424 646 486 692 μὲν
511 645 626 694 λόγῳ,
656 646 744 694 ἔργῳ
772 647 809 681 δὲ
831 651 905 686 τοῖς
932 651 1071 695 φονεῦσι
1094 650 1154 681 τοῦ
1183 646 1308 693 πατρὸς

294 693 383 734 ξύνει
400 692 478 727 357.
508 695 570 729 κού
588 693 682 741 λόγῳ
709 693 806 734 δείξω
833 694 957 741 μόνον·
984 694 1091 743 τάχος
1116 693 1180 741 γὰρ
1208 693 1308 742 ἔργου

295 741 353 775 καὶ
378 740 494 775 ποδῶν
513 737 571 788 ἅμ’
589 739 706 787 ἕψεται
722 744 776 774 Ai.
793 740 873 775 813.
918 741 1067 789 λόγοισιν
1086 739 1145 775 εἴτ’
1164 740 1309 789 ἔργοισιν

293 787 342 826 εἰς
359 787 491 834 βλάβην
511 788 614 836 φέρον
633 789 691 821 OR
713 787 793 822 517.
830 788 966 836 ἁγνείαν
991 788 1104 836 λόγων
1133 788 1241 836 ἔργων
1273 800 1310 822 τε

293 835 430 870 πάντων
448 833 518 868 864
535 838 586 868 ch.
624 834 716 870 ταῦτ’
734 835 798 870 οὐκ
814 834 961 883 ἀριθμός
988 836 1076 870 ἔστιν
1090 863 1097 877 ,
1134 837 1162 869 ὦ
1188 835 1306 882 πάτερ,

293 881 424 929 λόγων,
462 879 537 916 ἀλλ’
564 883 645 930 ἔργα
663 881 755 917 δεινά
779 885 834 916 OC
853 882 934 916 382.
970 882 1063 931 λόγῳ
1091 883 1153 929 μὲν
1189 882 1309 923 ἐσθλά,

294 934 383 964 τοῖσι
401 925 429 964 δ’
447 929 464 964 ἔ
486 942 591 977 γοισιν
611 929 704 964 κακά
728 929 809 963 782.
853 930 896 965 τά
918 943 972 965 τοι
999 936 1117 968 κακῶς
1145 929 1313 978 ηῦρημέν’

295 977 378 1024 ἔργα
401 977 452 1024 τῷ
467 941 562 1026 ςιόγῳ
592 976 758 1024 μηνύεται
786 976 888 1011 1188.
935 976 1012 1012 οὔτε
1042 977 1186 1024 νικήσας
1218 977 1311 1025 λόγω

295 1019 363 1059 οὔτ’
380 1023 429 1063 εἰς
446 1023 523 1072 ἔλεγ
552 1037 589 1059 ον
614 1025 730 1072 χειρὸς
757 1020 826 1059 οὐδ’
845 1025 945 1072 ἔργου
972 1024 1088 1071 μολών
1116 1022 1218 1058 1296.
1270 1012 1312 1059 τὰ

295 1068 323 1105 δ’
345 1071 426 1119 ἔργα
441 1070 522 1110 τοὺς
563 1071 663 1119 όγους
681 1071 935 1118 εύρίσκεταιΕΙ.
950 1070 1029 1105 625.
1059 1071 1173 1119 λόγοις
1190 1071 1312 1106 ἀπώλ-

293 1118 354 1157 λυς
374 1114 442 1167 ἔργ’
460 1119 478 1153 ἔ
505 1132 552 1153 ων
570 1118 692 1165 ἥδιστα
713 1117 814 1152 1360.
844 1117 930 1154 ὅπου
948 1119 1043 1167 λόγοι
1069 1118 1227 1154 σθένουσι
1243 1125 1311 1153 τῶν

296 1166 404 1214 ἔργων
421 1165 525 1201 πλέον
551 1168 670 1208 Eriph.
708 1169 749 1200 fr.
779 1164 860 1209 209,
889 1165 922 1200 2.
976 1168 1153 1200 Omittitur
1179 1178 1311 1209 compa—

296 1217 379 1247 ratio
403 1212 508 1261 λόγου
538 1220 572 1246 et
598 1213 716 1261 ἔργου;
760 1213 829 1260 ἤδη
854 1213 917 1260 γὰρ
951 1213 1040 1249 εἶδον
1070 1212 1163 1260 λόγῳ
1199 1214 1310 1259 μάτην

296 1260 507 1307 θνήσκοντας
525 1263 579 1293 ΕΙ.
601 1260 657 1295 63.
695 1260 786 1307 πλὴν
811 1260 904 1308 λόγῳ
930 1256 959 1309 γ’
984 1260 1183 1308 ἠσκημένον
1206 1259 1306 1294 1217.

294 1307 508 1350 κάπέδειξαν,
529 1307 567 1342 ού
583 1307 676 1356 λόγῳ
697 1308 799 1354 μόνον
821 1307 921 1342 1453.
949 1307 1068 1356 λόγοις
1096 1308 1229 1343 ἐλεοῦσι
1249 1308 1310 1354 μέν

295 1357 354 1388 ΡΙ).
375 1354 456 1389 307.
502 1354 595 1396 ξένος
621 1355 713 1403 λόγῳ
742 1355 901 1401 μέτοικος
929 1357 986 1389 OR
1013 1355 1082 1389 452
1111 1357 1198 1388 dicto
1223 1358 1245 1388 i.
1277 1366 1306 1388 e.

296 1405 399 1444 specie
415 1407 519 1436 tenus.
548 1402 668 1449 λόγοις
687 1399 712 1437 δ’
732 1403 800 1450 ἐγὼ
818 1402 983 1450 φιλοῦσαν
1012 1402 1050 1437 οὐ
1079 1403 1208 1450 στέργω
1225 1405 1307 1435 Ant.

294 1448 374 1483 543.
404 1450 432 1484 ὦ
450 1448 563 1485 πολλὰ
581 1449 598 1483 δ
642 1449 700 1485 καὶ
717 1448 830 1497 θερμὰ
843 1450 905 1485 κού
923 1449 1016 1497 λόγῳ
1042 1449 1135 1485 κακὰ
1169 1447 1311 1497 μοχθή-

294 1507 354 1535 σας
388 1497 456 1545 ἐγώ
482 1499 538 1530 Tr.
562 1496 604 1530 10
631 1495 663 1530 6.
717 1499 823 1537 Quod.
853 1499 923 1531 Cic.
953 1500 1053 1531 Tuse.
1083 1496 1125 1540 2,
1153 1496 1176 1530 8
1210 1500 1311 1530 vertit

293 1545 386 1576 dictu
402 1547 531 1587 ρταυὶα,
552 1555 617 1578 non
636 1547 817 1587 persuadet
834 1547 994 1578 librorum
1012 1547 1212 1587 script-uram
1237 1543 1311 1578 καί

293 1597 406 1624 veram
423 1602 515 1631 esse,
542 1597 580 1624 ut
604 1597 694 1625 recte
720 1593 874 1625 videatur
900 1593 994 1626 Both.
1023 1594 1207 1625 correxisse
1230 1590 1306 1626 κού.

295 1639 431 1672 Graecis
449 1638 509 1673 καὶ
525 1638 618 1687 λόγῳ
636 1638 727 1673 κακά
745 1640 830 1672 nihil
847 1642 914 1672 nisi
939 1642 1042 1681 specie
1059 1642 1175 1681 yravia
1193 1650 1310 1672 sonare

292 1688 416 1728 potuit.
453 1684 478 1732 ἡ
495 1684 628 1734 λόγοισι
645 1685 780 1734 γενναία
797 1686 882 1733 γυνή
910 1688 963 1719 ΕΙ.
985 1685 1066 1720 287.
1114 1687 1160 1725 ὡς
1185 1686 1247 1733 μὲν
1275 1685 1309 1720 ἐν

292 1732 407 1780 λόγοις
431 1732 554 1780 [λόγωι
581 1735 654 1775 LA,
676 1735 732 1766 sed
750 1745 802 1776 pr.
823 1745 868 1768 Π).
890 1745 1057 1777 supersor.
1078 1733 1144 1779 οισ]
1171 1733 1310 1781 ἀλγεινά

295 1779 374 1814 761.
419 1782 506 1814 Aliis
533 1783 726 1814 notionibus
742 1780 846 1828 λόγος
862 1784 1055 1824 opponitur.
1085 1781 1102 1814 δ
1114 1793 1130 1828 ρ
1141 1781 1168 1814 ώ
1181 1793 1305 1826 μενα;

295 1827 333 1862 οὐ
344 1826 407 1876 γὰρ
416 1826 547 1887 λόγοισι
555 1828 613 1862 τὸν
626 1827 697 1874 βίον
712 1828 949 1875 σπουδάζομεν
962 1827 1121 1875 λαμπρὸν
1136 1826 1310 1862 ποιεῖσθαι

322 1873 426 1910 ἄλλον
460 1887 484 1922 η
507 1878 583 1913 τοῖς
616 1875 805 1922 δρωμένοις
831 1877 886 1909 OC
914 1874 1015 1908 1143.
1070 1875 1305 1923 πράσσειν;

294 1887 387 1961 ξένος
406 1922 468 1968 μὲν
486 1925 546 1956 τοῦ
563 1921 668 1970 λόγου
706 1922 781 1960 ένος
799 1922 836 1957 δὲ
853 1925 913 1957 τοῦ
931 1921 1148 2004 πραχγβέντος
1158 1924 1216 1956 OR
1225 1919 1306 1955 219.

293 1973 463 2016 χεῖρεςτ
493 1968 524 2004 εἴ
545 1981 596 2008 τις
625 1968 803 2017 ὑπέροπτα
826 1969 940 2018 χερσὶν
965 1969 989 2017 ἢ
1042 1969 1112 2017 όγῳ
1129 1969 1310 2018 πορεύεται

294 2019 352 2049 0R
376 2015 522 2064 88401).
568 2014 742 2055 σθένοςε
781 2015 881 2056 οὗτος
915 2017 952 2051 δὲ
976 2015 1026 2056 τίς
1058 2015 1150 2075 λόγῳ
1183 2029 1220 2051 τε
1251 2015 1310 2051 καὶ

295 2062 561 2113 σθένεικρατεῖ;
583 2064 637 2097 OC
657 2061 713 2097 68.
743 2062 843 2145 ξίαι
874 2065 921 2102 ὡς
940 2064 979 2098 ἐκ
1008 2064 1083 2110 βίας
1114 2078 1138 2109 μ
1173 2062 1310 2103 ἄξοντες

294 2109 318 2157 ἢ
336 2110 452 2170 λόγοις
469 2109 591 2152 πάλιν;
613 2113 673 2144 Ph.
696 2109 740 2144 56
769 2138 775 2144 .
804 2111 983 2159 κράτος;
1011 2110 1034 2158 ἢ
1059 2110 1153 2158 λόγῳ
1171 2109 1309 2145 πείσαν-

295 2170 350 2196 τες
376 2157 478 2200 αξειν,
498 2156 522 2203 ἢ
543 2157 627 2207 πρὸς
652 2157 693 2192 {cr
712 2157 770 2197 ύος
794 2158 919 2206 κράτος
945 2160 1005 2191 Ph.
1029 2156 1107 2192 593.
1158 2158 1309 2204 βιάζε-

297 2205 381 2240 σθα
394 2217 423 2240 ιε
452 2204 568 2253 λόγοις
585 2170 755 2246 κολάξὲιν,
777 2199 805 2252 ᾧ
827 2204 1003 2252 βιάζεσθαι
1021 2206 1117 2253 παρῇ
1133 2208 1188 2240 Ai.
1204 2203 1305 2239 1160.

295 2251 453 2300 αἰχμήε
473 2251 604 2287 κακοὺς
620 2251 719 2291 ὄντας
737 2253 820 2301 πρὸς
839 2252 982 2301 αἰχμήν,
998 2252 1033 2287 ἐν
1052 2252 1090 2287 δὲ
1106 2256 1180 2287 τοῖς
1195 2252 1310 2299 λόγοις

295 2299 434 2338 &mesic
451 2301 512 2333 ΡΙ).
535 2298 637 2333 1307.
666 2298 901 2340 ξυνουσίαι
933 2300 972 2334 οὐ
990 2299 1105 2348 λόγοις
1128 2295 1304 2346 τιμώμεν’,

295 2311 386 2381 ἀλλὰ
400 2345 446 2396 τῇ
462 2345 620 2394 ξυνουσίᾳ
637 2348 691 2381 OC
710 2345 766 2381 62.

365 2396 404 2426 Β.
441 2395 494 2427 Ad
523 2397 720 2427 'rationis
752 2399 790 2427 et
821 2398 980 2428 mentis
1013 2396 1080 2427 vim
1115 2397 1310 2427 referuntur

298 2443 379 2475 haec
394 2453 404 2472 :
422 2441 437 2484 ΙΙ
453 2444 614 2474 rationem
630 2443 739 2483 ipsam
758 2444 934 2483 significat.
956 2441 1060 2489 λόγου
1071 2440 1098 2474 τ’
1115 2440 1214 2476 ἄνοια
1225 2444 1306 2474 Ant.

298 2486 366 2522 603
384 2490 485 2521 oh.—
504 2489 518 2532 11
536 2491 702 2530 οορὶιαίἱο,
718 2492 813 2531 ratio,
840 2500 939 2531 quam
956 2493 1027 2531 quis
1044 2492 1105 2522 im‘t
1123 2490 1213 2530 apud
1230 2500 1306 2522 sese.

297 2535 327 2570 εἰ
345 2534 431 2570 διδοί
459 2547 475 2573 ς
493 2537 606 2569 σαυτῶ
619 2534 720 2582 λόγον
740 2537 797 2570 OR
814 2534 895 2570 583.
932 2534 1024 2582 λόγῳ
1051 2539 1216 2571 σκοποῦσι
1245 2535 1309 2582 τὴν

296 2581 403 2617 πάλαι
418 2596 438 2629 γ
457 2595 537 2622 νους
555 2569 687 2630 φθοράν
705 2583 760 2616 OC
780 2581 863 2623 369.
883 2602 924 2608 —
944 2584 958 2626 ΙΙ
975 2585 1184 2625 existimatio,
1205 2586 1306 2624 locus,

300 2641 362 2672 quo
380 2631 458 2672 quid
483 2635 643 2671 censetur,
677 2635 900 2672 momentum,
927 2633 1071 2672 pretium
1087 2633 1143 2663 rei.
1190 2629 1228 2665 ού
1246 2629 1310 2678 γὰρ

295 2671 351 2758 ᾖδ’
384 2675 466 2724 ἕδρα
493 2680 637 2725 σμικροῦ
668 2676 773 2724 λόγου
806 2678 861 2711 OG
891 2675 992 2710 1163.
1038 2677 1088 2723 μὴ
1123 2681 1224 2724 φῦναι
1251 2677 1309 2712 τὸν

304 2723 432 2759 ’παντα
458 2724 534 2770 νικᾷ
550 2723 651 2771 λόγον
679 2722 769 2757 1225
794 2726 847 2757 ch.
892 2723 1042 2772 φρούδου
1067 2723 1131 2773 γὰρ
1155 2723 1199 2771 ἥδ
1249 2727 1309 2759 τοῦ

297 2774 406 2805 κακοῦ
453 2770 530 2806 είων
547 2770 650 2819 λόγος
667 2773 722 2804 Ai.
742 2768 823 2804 264.
853 2770 917 2806 οὐκ
934 2769 975 2805 ἂν
993 2771 1156 2819 πριαίμην
1176 2770 1214 2807 ού
1238 2771 1311 2809 ενὸς

297 2817 402 2865 λόγου
445 2817 553 2867 ροτόν,
575 2817 666 2856 ὅστις
682 2821 832 2853 κεναῖσιν
851 2817 981 2852 ἐλπίσιν
999 2816 1216 2865 θερμαίνεται
1227 2817 1307 2851 477.

299 2863 518 2946 ἕῖἕθοὲἆῖρ
529 2864 647 2945 ἕέῖἷίἶές
667 2863 1313 2954 {33533635522212‘3332233&AEss

300 2961 476 3001 significat.
520 2958 619 3007 ἄρχει
641 2971 692 2997 τις
711 2954 835 3000 αύτῶν,
861 2957 886 3005 ἢ
903 2956 951 2993 ’πὶ
973 2959 1025 3006 τῷ
1042 2958 1170 3006 πλήθει
1185 2958 1306 3007 λόγος,

299 3007 354 3040 OC
373 3004 429 3039 66.
448 3026 489 3032 ——
507 3007 522 3050 11
545 3008 651 3039 Causa
667 3008 851 3048 rationalis,
873 3008 944 3039 sive
961 3017 1060 3048 quam
1077 3010 1153 3049 quis
1170 3008 1259 3050 apud
1276 3017 1312 3040 se

300 3056 463 3087 rationem
480 3055 629 3086 ineundo
647 3059 706 3086 aut
721 3055 838 3096 probat
855 3058 915 3086 aut
931 3056 1132 3096 assequitur.
1163 3055 1215 3087 Of.
1227 3055 1308 3087 Lob.

302 3101 343 3133 ad
361 3103 414 3134 Ai.
439 3098 527 3133 1276
545 3102 676 3141 Pflugk.
706 3103 747 3134 ad
771 3101 853 3133 Eur.
873 3102 979 3133 Andr.
1001 3098 1080 3134 549.
1117 3099 1149 3135 τί
1166 3100 1209 3146 δή
1234 3095 1310 3136 ποθ’

301 3145 358 3182 ὧδ’
382 3146 418 3188 ἐξ
441 3146 578 3185 οὐδενὸς
606 3145 710 3194 λόγου
740 3147 887 3193 σιωπᾷς,
915 3148 977 3180 ΡΙ).
999 3145 1080 3181 731.
1120 3146 1219 3194 φίλον
1254 3147 1312 3182 σὺν

301 3193 323 3228 ἀ
352 3196 427 3229 ανεῖ
447 3192 540 3241 λόγῳ
566 3193 682 3239 [λόγον
710 3196 767 3227 LA
784 3193 855 3239 pr.]
889 3188 916 3227 σ’
946 3193 1068 3240 ἄτιμον
1103 3193 1222 3240 βαλεῖν
1256 3195 1313 3227 OR

302 3238 322 3274 6
349 3238 371 3273 7
396 3242 447 3274 ch.
490 3240 528 3275 τὸ
545 3239 607 3289 γὰρ
627 3240 755 3275 δίκαιον
774 3240 837 3275 οὐκ
855 3240 927 3288 ἔχει
944 3239 1046 3288 λόγον
1072 3240 1167 3276 δυοῖν
1194 3240 1312 3289 ἐρίζειν

302 3289 357 3320 ΕΙ.
392 3285 461 3321 466
502 3288 611 3328 Scalig
635 3290 719 3320 coni.
755 3286 917 3335 λόγοιν.
964 3290 1070 3320 Locus
1103 3290 1248 3329 Maltbyo
1272 3290 1312 3321 ad

301 3335 430 3367 Morell.
451 3345 485 3377 p.
507 3332 575 3367 356
599 3335 748 3367 difficilis
772 3337 865 3368 visus
892 3337 976 3367 nihil
1002 3337 1156 3378 impediti
1190 3337 1307 3368 habet:

303 3381 389 3422 quod
415 3384 537 3413 iustum
560 3385 616 3422 est,
637 3384 798 3414 rationem
820 3392 889 3414 non
914 3382 1022 3423 habet,
1052 3393 1110 3415 eur
1134 3385 1206 3424 quis
1238 3393 1311 3415 eum

302 3427 427 3460 duobus
443 3429 631 3468 contendat,
652 3430 675 3460 i.
696 3439 725 3461 e.
747 3439 813 3461 non
832 3433 884 3461 est
901 3439 959 3461 cur
984 3430 1137 3462 Electrae
1162 3433 1197 3462 et
1219 3431 1312 3462 vobis

302 3475 418 3506 cedere
435 3476 550 3506 nolim.
573 3478 665 3523 σαφῆ
686 3470 800 3522 σημεῖ’
818 3474 937 3510 ἰδοῦσα
951 3474 1036 3522 τῷδε
1053 3474 1201 3510 πιστεύω
1218 3474 1311 3523 λόγῳ

1099 199 1261 269 Λόγχη
1294 230 1354 237 -
1385 198 1558 255 Λοιπός

2063 205 2112 256 [11
2135 219 2170 252 p.
2191 203 2288 247 35-4

1347 314 1416 350 886
1442 317 1501 348 hac
1526 318 1616 349 nitor
1636 318 1785 348 ratione:
1812 317 1879 348 nisi
1896 316 1939 348 ad
1955 317 2003 348 rei
2027 315 2169 348 creditae
2192 316 2288 357 signi!

1348 365 1475 396 tionem
1491 365 1577 396 velis
1596 365 1733 396 referre.
1761 381 1802 387 —
1827 364 1917 396 Hinc
1942 368 1976 395 et
1997 366 2205 404 praetextum
2229 367 2264 396 et
2284 370 2288 402 ς

1347 413 1451 443 ciosas
1467 413 1611 443 rationes
1629 412 1785 452 quamvis
1801 411 1895 452 fictas
1903 410 2081 451 significat.
2109 408 2153 443 τὰ
2170 407 2288 461 ‹325th

1346 456 1438 505 δόρει
1457 455 1675 492 διασκεδῶσιν
1696 456 1735 491 ἐκ
1761 459 1905 504 σμικροῦ
1923 455 2028 504 λόγου
2046 457 2102 490 OO
2126 454 2206 490 620.
2250 457 2288 501 1η

1346 507 1414 538 bris
1433 506 1606 538 nonnullis
1622 503 1763 553 χρόνου,
1790 506 1826 536 in
1852 505 1927 537 aliis
1946 505 2053 545 magis
2078 505 2185 537 adhuc
2209 513 2288 543 corr]

1347 551 1387 586 ἐκ
1405 555 1537 600 μακροῦ
1554 551 1681 599 χρόνου
1699 553 1836 593 legitur.
1858 550 1949 586 κάπὸ
1967 550 2093 586 παντὸς
2110 548 2150 586 ἂν
2169 546 2288 610 φέρωπέ

1345 611 1406 647 γου
1426 598 1556 633 δικαίου
1577 598 1771 646 μηχάνημα
1789 596 1943 633 ποικίλον
1961 595 2042 632 762.
2079 602 2288 646 μηχανημαῖ

1345 659 1406 693 γου
1419 645 1550 680 δικαίου
1560 648 1794 686 coniungenda
1804 657 1870 679 sec.
1884 647 2055 687 Doederl.‚
2069 646 2129 678 sed
2138 643 2288 686 vertendi

1345 705 1383 726 ea:
1402 696 1516 736 quavis
1532 704 1566 726 re
1583 694 1704 726 callide
1722 696 1869 735 aliquam
1887 695 2030 726 iustitiae
2054 696 2192 734 speciem
2209 682 2288 734 prad

1347 741 1420 773 dere
1445 745 1560 774 sciens.
1605 742 1719 773 Etiam
1736 739 1829 787 λόγῳ
1848 739 1886 775 δὲ
1913 745 1989 787 χρῶ
2013 739 2130 787 τοιῷδε
2150 741 2203 772 El.
2224 734 2288 787 445}

1348 789 1389 821 de
1406 799 1562 829 sermone,
1585 789 1642 820 sed
1661 790 1738 830 ficta
1762 790 1920 820 sermonis
1945 789 2048 830 specie
2070 787 2243 828 intellig03
2276 784 2288 847 1

1347 835 1401 882 χώ
1420 834 1523 882 λόγος
1540 834 1646 873 καλός
1664 838 1795 882 προσῆν
1812 861 1820 876 ,
1857 834 1888 868 εἰ
1904 833 1986 868 τάπὶ
2010 831 2119 882 Τροίᾳ
2143 832 2252 881 πέργα
2280 847 2288 867 *2

1350 882 1489 929 ρήσοιμι
1506 884 1567 915 ΡΙ).
1579 881 1666 925 352;
1688 884 1748 915 hac
1766 883 1858 915 enim
1883 883 1995 924 specie
2013 882 2183 972 prop0(sita
2200 845 2288 966 legg?

1420 997 1478 1034 Λό
1490 1011 1542 1047 γχ
1549 1012 1572 1045 η
1591 1002 1756 1041 spiculum
1774 1001 1903 1040 hastae,
1923 1000 2005 1032 inde
2021 1001 2139 1031 lancea
2154 1000 2238 1040 ipsa.
2272 1026 2278 1031 .

1349 1049 1422 1089 prie
1441 1048 1590 1079 dictum:
1621 1045 1663 1080 ἰὼ
1677 1045 1819 1080 κελαινὰ
1836 1045 1948 1093 λόγχα
1973 1044 2157 1093 προμάχου
2175 1045 2214 1080 δο
2237 1044 2284 1082 64,

1349 1092 1417 1128 856
1436 1095 1487 1126 ch.
1519 1095 1668 1127 Tralate:
1690 1093 1803 1142 λόγχη
1821 1093 1939 1131 πεδιάς
1960 1091 2051 1127 1058
2075 1095 2178 1126 schol.
2213 1057 2236 1139 g
2259 1091 2286 1130 εξ

1349 1141 1456 1187 πεδίῳ
1481 1140 1697 1188 βαλλομένη,
1735 1152 1801 1174 non
1826 1147 1940 1174 tamen
1962 1145 2098 1183 propter
2121 1150 2226 1183 pugn
2245 1154 2260 1168 ιε

1348 1194 1462 1231 putat,
1501 1200 1577 1221 cum
1604 1189 1780 1221 Centauris
1806 1191 1841 1220 in
1868 1190 1992 1230 campis
2017 1189 2276 1221 Thessaliaei

1350 1235 1406 1276 ξὺν
1425 1235 1512 1270 ἑπτὰ
1528 1234 1658 1275 τάξεσιν
1677 1234 1734 1274 ξὺν
1753 1235 1840 1269 ἑπτά
1856 1247 1892 1269 τε
1917 1234 2059 1283 λόγχαις
2084 1234 2123 1269 τὸ

1350 1282 1419 1317 δίον
1437 1282 1632 1330 ἀμφεστᾶσι
1649 1284 1705 1316 OC
1734 1281 1824 1316 1312
1842 1284 1976 1315 videtur
1993 1286 2139 1316 armatos
2162 1293 2189 1314 α
2242 1278 2277 1319 ν’,

1348 1333 1466 1363 arcitus
1500 1332 1597 1363 duces
1630 1332 1820 1371 significare
1861 1328 1920 1375 [of.
1957 1331 2077 1370 Bergk.
2114 1331 2151 1361 in
2177 1330 2240 1361 Rh.
2259 1341 2261 1343 ¹

1348 1376 1518 1422 (1848)p.
1534 1376 1627 1423 150].
1658 1377 1862 1425 ἀμφιχανὼν
1876 1376 2018 1424 λόγχαις
2037 1374 2234 1411 ἑπτάπυλον
2258 1394 2261 1402 -

1348 1427 1430 1458 Ant.
1455 1423 1521 1457 119
1541 1426 1592 1457 ch.
1639 1417 1809 1483 δικρατεῖς
1843 1423 1972 1472 λόγχας
2006 1423 2172 1470 στήσαντε
2206 1421 2238 1455 1
2258 1424 2276 1451 ί.

1348 1471 1430 1511 τόξα
1455 1471 1514 1506 καὶ
1538 1471 1668 1519 λόγχας
1696 1470 1846 1518 ρόπαλόν
1863 1483 1901 1505 τε
1917 1470 2084 1505 τινάσσων
2119 1472 2175 1503 Tr.
2205 1467 2263 1503 51

1349 1517 1435 1565 Σοφ.
1456 1519 1520 1566 τὴν
1538 1518 1670 1566 λόγχην
1687 1518 1751 1566 τὴν
1771 1517 1906 1565 μακρὰν
1925 1517 2078 1552 αὐλῶπιν
2102 1517 2195 1552 εἶπεν
2227 1551 2230 1556 ,
2261 1519 2281 1563 ᾗ

1348 1565 1415 1599 851
1436 1578 1489 1608 ap.
1511 1569 1657 1607 Hesych.
1686 1585 1731 1591 --
1749 1569 1801 1599 De
1819 1571 1958 1599 accentu
1977 1571 2092 1599 monet
2107 1568 2185 1598 Am.
2214 1573 2260 1607 pt

1347 1612 1403 1648 24.
1433 1615 1532 1647 Eust.
1554 1615 1595 1647 ad
1612 1616 1651 1646 Il.
1672 1625 1705 1657 p.
1730 1611 1831 1655 1291,
1851 1611 1908 1646 46.
2268 1625 2270 1629 ·

1418 1682 1447 1719 Λ
1460 1697 1477 1719 ο
1491 1683 1562 1731 ιβή
1582 1685 1709 1718 libatio.
1730 1682 1866 1730 [λοιβήε
1889 1682 2031 1730 σπονδή.
2060 1680 2165 1720 θυσία
2180 1680 2263 1722 οἷνι

1349 1730 1460 1776 sych'.]
1509 1734 1560 1764 De
1587 1734 1715 1764 actione
1732 1733 1859 1764 libandi
1876 1733 1948 1774 ipsa
1968 1733 2097 1764 dictum
2122 1730 2229 1769 videri
2255 1731 2258 1734 ’

1349 1780 1376 1814 ὦ
1403 1779 1519 1826 πρῷρα
1542 1777 1664 1825 λοιβῆς
1692 1777 1786 1822 ἑστία
1810 1780 1852 1811 fr.
1883 1778 2001 1819 Chrys.
2031 1775 2138 1811 650b.
2167 1787 2220 1820 ap.
2247 1793 2252 1826 γ

1347 1828 1445 1859 Pind.
1468 1828 1563 1859 Nem.
1587 1825 1642 1868 11,
1664 1824 1696 1858 7.
1742 1827 1911 1859 Usitatius
1933 1827 1974 1859 de
1997 1828 2121 1867 liquore
2137 1825 2236 1864 libato
2257 1835 2267 1853 ιἸ

1348 1872 1470 1920 λοιβῆς
1488 1873 1571 1919 ἧμιν
1591 1871 1669 1907 οὔτε
1688 1871 1855 1919 θυμάτων
1873 1877 1986 1920 παρῆν
2006 1871 2146 1919 ἑκήλοις
2163 1882 2252 1918 προ·

1348 1922 1408 1954 ΡΙ).
1425 1920 1458 1954 8.
1486 1920 1615 1966 τύμβον
1633 1919 1782 1966 λοιβαῖσι
1792 1925 1928 1966 πρῶτον
1938 1919 1998 1955 καὶ
2009 1918 2219 1966 καρατόμοις
2243 1921 2267 1963 ξ’

1347 1968 1530 2014 στέψαντες
1563 1969 1617 2000 ΕΙ.
1648 1965 1693 2000 52
1730 1966 1793 2014 [sic
1815 1969 1893 2010 LA,
1925 1979 1962 2002 τε
1991 1978 2094 2010 super
2110 1964 2238 2012 λοιβαῖ

1347 2027 1428 2057 reo„
1449 2014 1586 2061 λοιβαῖς
1602 2027 1639 2049 τε
1658 2016 1744 2048 Flor.
1767 2012 1792 2049 Γ
1816 2018 1855 2046 ut
1871 2017 1948 2048 libri
1964 2016 2131 2057 plerique.
2169 2013 2242 2059 (514.¹

1346 2061 1383 2096 ὃν
1403 2062 1460 2096 ἐπὶ
1478 2062 1628 2108 σπονδῆς
1645 2060 1772 2107 λείβειν
1789 2059 1812 2107 ἢ
1839 2062 1931 2108 χέειν
1949 2060 2073 2096 εἰπεῖν·
2100 2059 2143 2105 ἧς
2160 2058 2225 2106 ὁμο
2239 2087 2241 2090 ,

1348 2108 1461 2143 ἕνεκεν
1487 2109 1545 2143 καὶ
1570 2108 1592 2155 ἡ
1616 2109 1757 2156 νεκρικὴ
1786 2110 1855 2157 χοὴ
1881 2108 1983 2156 λοιβὴ
2010 2107 2102 2165 παρὰ
2120 2106 2205 2155 Σοφ.
2246 2141 2262 2157 ·‚

1345 2156 1476 2203 τύμβον
1494 2156 1643 2203 λοιβαῖσι
1661 2156 1775 2203 στέψω
1791 2157 1872 2202 (sic)
1889 2158 1987 2190 Eust.
2009 2168 2042 2199 p.
2057 2153 2138 2198 b92‚
2160 2151 2242 2200 58].ἱ
2273 2158 2275 2161 ’

1346 2204 1458 2238 στίους
1475 2203 1664 2238 σπένδοντα
1681 2202 1801 2250 λοιβάς
1819 2202 1898 2238 270.

1349 932 1509 963 dicuntur
1525 931 1781 972 Neoptolemum
1794 931 1907 970 legati.

1417 2273 1475 2309 Λο
1488 2274 1586 2320 ιμός
1600 2277 1798 2316 pestilentia.
1827 2273 1947 2321 λοιμὸς
1965 2272 2124 2322 ἔχθιστος
2141 2274 2200 2306 OR
2219 2274 2233 2297 t
2248 2312 2288 2323 2

1346 2327 1425 2355 tono
1450 2334 1482 2354 v.
1507 2324 1584 2356 Are.
1612 2333 1645 2363 p.
1669 2320 1724 2363 60,
1749 2320 1792 2355 10
1824 2324 1921 2364 isque
1943 2328 1985 2363 ‚ut
2005 2324 2041 2354 in
2067 2321 2192 2354 verbali
2216 2334 2218 2337 ·
2286 2325 2288 2335 ⁴

1346 2371 1481 2410 regulae
1508 2372 1734 2402 conveniens:
1773 2381 1791 2401 a
1815 2368 2003 2415 λέλειμμαι
2028 2371 2120 2401 enim
2144 2369 2244 2417 (1υῇ
2286 2407 2288 2417 2

1347 2418 1445 2449 Eust.
1473 2427 1507 2458 p.
1524 2414 1581 2458 49,
1605 2414 1660 2449 37.
1697 2414 1753 2458 56,
1775 2414 1832 2450 27.

1416 2483 1579 2525 Λοιπός
1597 2489 1753 2529 reliquus.
1775 2487 1789 2530 ΙΙ
1807 2488 1964 2520 adiective
1981 2488 2120 2520 dictum.
2157 2482 2239 2531 τὸνζῗ
2254 2498 2256 2501 ·

1373 2533 1471 2580 ρόνον
1490 2535 1551 2566 ΡΙ).
1573 2532 1618 2566 84
1667 2534 1755 2580 *τὴν
1776 2533 1933 2580 βασιλίδα
1958 2532 2088 2580 μούνην
2115 2531 2168 2568 λοι
2284 2533 2288 2566 J

1346 2547 1412 2615 641
1433 2592 1477 2613 m.
1501 2593 1531 2614 v.
1554 2579 1695 2626 βασιλίς.
1730 2581 1788 2615 τὸν
1807 2580 1927 2615 λοιπὸν
1948 2580 2060 2626 βίοτον
2087 2582 2142 2613 Tr.
2171 2577 2213 2612 81

1346 2629 1435 2676 ἤπερ
1454 2629 1492 2662 δο
1517 2627 1659 2675 ίληπτος
1675 2624 1720 2662 ἔτ’
1737 2628 1779 2674 ἦν
1805 2627 1910 2674 λοιπή
1936 2623 2001 2661 Ai.⁴
2016 2625 2083 2661 146
2099 2637 2154 2660 an.
2206 2635 2233 2675 ιζ’
2257 2635 2267 2657 ἢ

1347 2679 1413 2711 ποῦ
1438 2687 1565 2724 χρονου
1598 2677 1651 2708 El.
1680 2673 1760 2708 817.
1808 2676 1863 2723 χώ
1887 2674 2008 2713 λοιπὸς
2031 2674 2156 2723 χρόνος
2209 2674 2226 2698 ’¹
2270 2678 2272 2682 “

1348 2723 1509 2771 φίλτατον
1536 2725 1707 2769 μνημεῖον
1734 2720 1927 2767 ἀνθρώπων
1956 2721 2034 2769 ἐμοὶ
2059 2722 2176 2771 ψυχῆς
2195 2714 2224 2751 Ἰ
2247 2728 2271 2744 Ψ

1346 2770 1466 2805 λοιπόν
1493 2768 1594 2802 1127.
1623 2789 1665 2794 —-—
1684 2770 1698 2812 ΙΙ
1715 2771 1935 2810 substantive,
1973 2771 2118 2807 maxime
2143 2769 2233 2813 plu-
2267 2781 2274 2811 ζ

1347 2829 1450 2851 mero.
1492 2815 1590 2864 ἔργον
1619 2815 1688 2863 ἤδη
1715 2817 1772 2851 σὸν
1802 2816 1845 2851 τὰ
1873 2814 1962 2862 λοίφ’
1995 2814 2188 2863 ὑπηρετεῖν,
2217 2818 2225 2848 ,ἵ
2244 2815 2271 2834 ”

1346 2863 1411 2899 κᾶν
1428 2863 1471 2898 τὰ
1487 2859 1579 2910 λοίφ’
1597 2862 1688 2898 οὕτω
1707 2876 1729 2910 φ
1754 2877 1789 2898 ον
1798 2865 1834 2910 ῖς
1855 2861 1944 2896 1159
1969 2865 2007 2896 de
2025 2865 2145 2896 ceteris.
2212 2857 2267 2889 1²5²

1346 2914 1407 2947 τοῦ
1425 2923 1486 2946 πικ
1510 2915 1548 2946 οῦ
1568 2910 1640 2957 βίου
1660 2912 1717 2944 OR
1727 2876 1827 2945 1482.
1858 2912 2027 2952 Singulari
2044 2919 2231 2956 numero-:4

1351 2971 1409 3004 μοι
1425 2958 1463 2993 τὸ
1487 2922 1606 2993 λοιπὸν
1632 2957 1731 2992 οὐδὲν
1756 2957 1842 2993 ἄλλο
1868 2959 1922 2991 OC
1949 2955 2081 2991 573.—-—
2097 2957 2113 3000 ΙΙ
2129 2955 2211 2989 adv'
2253 2997 2255 3000 .

1350 3011 1389 3039 ut
1407 3007 1577 3047 significet
1594 3007 1628 3037 in
1640 3010 1819 3047 posterum,
1842 3006 2053 3047 infuturum.
2087 3003 2126 3038 τὸ
2150 3000 2192 3044 λο

1349 3051 1496 3098 λάξομαι
1513 3054 1574 3085 ΡΙ).
1594 3050 1674 3085 454.
1721 3050 1853 3099 Σκῦρος
1888 3050 2078 3099 ἐξαρκοῦσά
2112 3061 2169 3096 μοι
2191 3048 2227 3091 „2³

1349 3099 1468 3135 λοιπόν
1486 3097 1567 3134 460.
1613 3098 1647 3133 ἐν
1666 3099 1777 3145 σκότῳ
1794 3099 1832 3133 τὸ
1858 3098 1978 3133 λοιπὸν
2004 3097 2157 3145 ὀψοίατο,
2177 3092 2268 3143 *ᾗῇ-’π’

1349 3145 1407 3181 ἵνα
1422 3147 1461 3182 τὸ
1480 3145 1600 3181 λοιπὸν
1618 3144 1640 3180 ἁ
1663 3145 1793 3192 πάζητε
1812 3149 1891 3178 Ant.
1913 3144 1993 3178 311.
2040 3142 2179 3189 bariona
2212 3139 2216 3148 “

1352 3192 1514 3239 σέλμασιν
1552 3192 1765 3227 ναυτιλλεται
1799 3192 1878 3225 717.
1942 3192 2008 3226 *τὸ
2041 3190 2173 3230 λοιπὸν,
2209 3199 2215 3202 “
2247 3188 2269 3239 '4

1349 3239 1515 3286 ἀλυπήτῳ
1536 3239 1657 3286 βίῳΤΥ.
1681 3238 1746 3273 168
1763 3239 1857 3285 [secl.
1881 3237 2002 3284 Dobr.]
2027 3237 2088 3277 τὰς
2105 3236 2166 3273 ἄπ
2196 3233 2257 3260 -³

1348 3286 1468 3322 λοιπὸν
1487 3287 1603 3324 οὐσίας
1621 3285 1700 3320 911.
1744 3287 1783 3321 τὸ
1807 3285 1924 3321 λοιπὸν
1949 3285 2020 3366 iffa-g
2071 3284 2208 3332 αίρετεψμ
2228 3312 2265 3335 μ’,

1348 3333 1466 3368 λοιπὸν
1485 3333 1555 3368 εἰσό
1565 3334 1671 3368 maiia
1688 3332 1783 3372 θεοῖς
1800 3332 1905 3367 εἴκειν
1922 3335 1977 3366 Ai.
2023 3298 2078 3367 66.
2114 3330 2158 3366 ὄπ
2176 3348 2179 3357 ·
2202 3329 2249 3378 fs

1350 3381 1410 3415 ,τὸν
1430 3380 1529 3415 αὐτὸν
1548 3380 1780 3427 αφνεωτέραις
1791 3380 1894 3438 χερσὶ
1911 3379 2088 3427 στέφωμεν
2112 3379 2166 3412 El.
2191 3358 2263 3432 {g

1347 3429 1386 3463 τὸ
1403 3426 1523 3462 λοιπὸν
1539 3425 1562 3472 ἢ
1583 3430 1771 3486 φρονοῦσαν
1788 3440 1811 3474 η
1831 3428 1948 3474 μώραν
1962 3425 2066 3485 λέγγγς
2082 3423 2160 3459 890.

1348 3474 1451 3510 καλεῖ
1466 3473 1504 3509 τὸ
1520 3473 1639 3509 λοιπον
1655 3472 1716 3507 971
1727 3501 1734 3508 .
1764 3475 1812 3512 ὡς
1830 3472 1889 3508 σὺν
1917 3473 1968 3508 σοὶ
1993 3485 2089 3508 κατω
2113 3469 2184 3510 ναί,
2200 3474 2234 3521 23'
