2288 3600
92 133 193 183 928]

0 240 147 289 ’.ἰκρήξει
165 241 274 288 μάχη.
304 243 419 275 Herm.
435 252 498 284 per
513 252 578 284 me,
609 245 772 285 quantum
788 244 825 275 in
840 251 891 274 me

49 296 117 330 οδες
155 289 271 322 malim
297 298 356 330 ego
382 299 447 331 qua
467 293 561 330 parte
585 299 646 322 nos
670 291 886 322 constitimus.

21 334 33 343 '¹
44 336 192 373 Bruuck.
208 348 215 368 :
240 337 275 368 in
291 345 373 377 eam,
396 346 494 378 quam
509 345 569 368 nos
585 339 733 369 tutamur
743 339 885 378 partem,

0 380 79 425 Quae
102 391 171 416 non
190 385 398 424 perrumpet,
425 385 524 425 quasi
548 387 688 425 cuperet
710 383 816 423 Aiax,
846 391 889 414 ne

0 427 150 463 ffloulum
167 431 226 462 flat
242 430 283 462 ab
300 429 407 461 hoste.
427 446 475 454 --
490 429 505 472 ΙΙ
522 430 629 462 Prona
645 435 697 462 est
714 441 732 462 a
749 431 829 462 locis
846 429 890 462 ad

0 476 18 508 ν’
34 477 185 517 tralatio;
229 477 383 517 inprimis
407 477 444 509 in
461 477 630 509 locutione
653 470 733 511 καθ’
756 475 890 522 ἡμέραν

0 518 23 564 [²
36 520 113 568 ἦμα
137 548 145 556 .
179 523 229 555 Ea
245 524 299 555 vel
316 523 458 564 quotidie
490 525 657 564 significat
673 528 707 556 et
724 523 890 565 quotidia-

0 570 51 602 vel
68 569 107 602 ho
133 571 160 601 ie
176 574 210 602 et
228 570 441 608 hodiernum
468 571 570 603 etiam
586 570 739 603 interdiu.
779 571 885 602 Illud:

0 626 79 657 ατε,
103 620 177 654 πῶς
201 614 255 650 ἀεὶ
278 614 493 660 καλούμενος
517 614 607 651 οὕτω
631 614 704 651 κατ’
728 615 804 662 ἠμα
850 614 889 650 οὐ

0 660 112 744 ρολεῖν
142 661 243 703 ποτέ,
281 663 341 695 Ph.
370 660 451 696 798.
496 661 677 698 θάλλει
697 658 771 697 κατ’
822 674 890 708 μαρ

9 709 144 757 ρκισσος
167 709 223 743 OC
242 706 311 743 682
327 710 380 743 ch.
423 707 550 748 ἄλλους
575 709 704 745 ἐπαιτῶ
728 709 786 744 τὸν
811 704 890 744 καθ’

0 759 18 790 5·
33 754 105 803 βίον
132 753 234 789 1364.
280 756 326 791 ὧν
354 755 416 802 ἐρᾷ
438 751 518 791 καθ’
542 754 675 804 ἡμέραν
699 759 739 790 fr.
768 757 885 790 Oreus.

2 806 15 836 .”
54 801 94 837 τὸ
118 800 191 837 κατ’
243 814 312 850 μαρ
337 801 515 849 πορσύνων
537 805 611 836 Ter.
633 801 713 846 520,
738 802 767 836 1.
811 800 890 838 καθ’

0 859 11 884 o
34 847 88 884 ἀεί
110 851 177 883 inc.
199 848 221 882 7
245 847 279 891 9,
300 847 333 882 4.
363 851 538 883 Alterum:
567 847 645 884 καθ’
669 846 801 896 ἡμέραν
826 849 890 896 τὴν

0 893 56 931 ²3.
85 898 141 929 Αἱ.
161 893 241 930 801.
285 891 359 931 κατ’
374 895 469 943 ἦμαρ
492 897 530 932 τὸ
547 900 606 932 νῦν
624 899 680 931 Ai.
701 895 782 931 754.
827 898 892 931 Sed

0 952 26 987 ιι7
35 945 147 976 minus
165 945 352 976 omittitur:
372 944 405 979 τί
422 938 497 978 ποτ’
514 942 557 978 αὖ
577 955 636 989 μοι
651 944 690 979 τὸ
703 942 777 979 κατ’
794 943 870 990 ἠμα

0 988 46 1023 ,Ιὶι-
70 987 159 1023 1089
177 1001 222 1023 m.
256 989 350 1025 τελεῖ
365 989 455 1029 Ζεύς
472 1002 504 1024 τι
519 986 594 1025 κατ’
611 989 632 1025 ἆ
664 1003 705 1037 αρ
723 992 779 1025 Oc
800 989 866 1024 107

0 1033 96 1083 pipam
113 1035 264 1085 εὐτυχὴς
280 1031 358 1072 καθ’
375 1037 508 1083 ἡμέραν
526 1039 580 1070 El.
601 1035 622 1070 9
649 1035 681 1071 9.
712 1040 884 1071 Tertium:

0 1083 69 1130 μαρ
88 1083 147 1117 καὶ
162 1082 236 1117 κατ’
256 1082 426 1131 εὐφρόνην
444 1083 496 1118 ἀεί
514 1086 568 1117 El.
589 1083 658 1118 259
676 1085 727 1118 die
745 1090 779 1118 et
794 1089 889 1118 nocte

0 1134 134 1173 npetuo.
163 1130 256 1177 πόνῳ
275 1131 380 1166 πόνον
399 1131 439 1166 ἐκ
455 1132 576 1170 νυκτὸς
594 1130 813 1166 ἀλλάσσουσα
828 1131 886 1166 τὸν

0 1175 104 1231 [πέραν
123 1178 218 1210 Niob.
234 1180 273 1210 fr.
287 1176 368 1219 400,
389 1176 422 1211 3.
453 1180 519 1212 Sed
536 1177 639 1224 μίαν
662 1176 753 1213 καθ’
771 1177 795 1224 ἡ
809 1177 888 1224 μέ·-

0 1221 38 1259 »it
64 1234 131 1256 uno
156 1224 230 1256 die:
257 1226 338 1258 Ant.
366 1223 425 1258 55.
457 1223 534 1258 171.
579 1227 811 1267 Distinguitur
836 1224 888 1272 ἐφ’

0 1280 11 1305 r
25 1273 60 1304 et
75 1265 156 1306 καθ’
172 1269 305 1318 ἡμέραν
323 1272 471 1306 Seidlero
488 1273 530 1305 ad
546 1273 628 1305 Eur.
650 1274 706 1305 El.
726 1270 806 1314 426,
829 1274 888 1305 sed

0 1317 164 1351 liserimen
189 1328 256 1350 non
280 1329 414 1361 semper
437 1320 642 1352 observatur.
666 1338 707 1344 —
733 1320 748 1362 ΙΙ
773 1321 888 1353 Altera

0 1369 113 1409 gur-ate
130 1366 264 1398 dicendi
281 1371 332 1399 est
346 1368 583 1407 significandae
599 1377 708 1399 rerum
725 1367 887 1399 conditio-

0 1411 167 1459 poeedentis
183 1414 399 1455 rationisque,
421 1424 486 1455 qua
502 1414 580 1455 quid
596 1415 633 1455 fit
649 1412 887 1457 (circumstan-

0 1460 94 1503 {uam
110 1464 239 1500 vocant,
265 1458 491 1503 significatio).
537 1459 601 1505 ὅρα
617 1455 696 1495 καθ’
715 1458 817 1495 ὕπνον
837 1460 885 1507 μὴ

0 1501 110 1543 ,καθεὶς
126 1505 214 1552 κυρῇ
230 1507 290 1539 Ph.
311 1504 367 1540 30.
397 1507 566 1549 Compono
582 1505 660 1542 καθ’
680 1505 784 1541 ὕπνον
801 1519 887 1542 κατ-

0 1548 46 1595 {k
74 1557 173 1594 prout
204 1553 400 1586 dormientes
431 1555 547 1588 solent.
590 1552 663 1588 κατ’
688 1553 800 1601 ἀρχὴν
825 1557 885 1588 τοῦ

0 1594 72 1637 >stov
90 1597 210 1633 στόλου
228 1597 309 1632 247.
354 1595 428 1634 κατ’
453 1599 535 1634 αὐτὸ
559 1599 660 1635 τοῦτό
685 1612 723 1647 γε
748 1599 885 1641 ἀναξίου

0 1643 74 1688 &bc
97 1643 303 1691 ἐξερήσομαι
318 1644 388 1681 438
414 1649 472 1680 hac
497 1650 567 1688 ipsa
592 1651 760 1680 occasione
776 1653 882 1680 utens.

0 1690 98 1739 ᾗκατὰ
129 1692 248 1727 σκότον
273 1693 357 1728 ποτὲ
383 1693 553 1741 ὃιεμπολᾷ
578 1694 596 1729 ὁ
619 1693 793 1752 ναυβάτης
818 1693 887 1728 578

0 1735 160 1786 ’ῖόρμᾶται
181 1737 255 1773 κατ’
279 1739 503 1788 ἀμπυκτὴρια
520 1739 647 1775 πώλων
666 1741 813 1787 αμβασις
831 1742 886 1775 OC

0 1784 33 1819 Ιι.
54 1813 58 1819 .
77 1784 165 1832 ἔγνω
189 1784 332 1843 τοῦργον
348 1787 422 1822 κατ’
440 1787 545 1834 ὀργὴν
564 1788 610 1826 ὡς
629 1787 790 1835 ἐφάψειεν
808 1788 886 1823 τόδε

0 1828 151 1881 himma.
186 1832 257 1869 καθ
283 1832 388 1869 ὕπνον
407 1833 488 1869 ὄντα
504 1833 573 1868 970
590 1846 643 1868 an.
682 1834 823 1881 ἔλαφον,
846 1834 884 1870 οὗ

4 1914 5 1917 ,
49 1877 111 1926 γὰς
129 1878 352 1925 ἐκκομπάσας
371 1880 454 1920 ἔπος
470 1893 502 1915 τι
517 1882 679 1930 τυγχάνει
696 1881 811 1927 βαλών
830 1884 882 1915 ΕΙ.

0 1889 82 1964 ΞΝ
106 1931 140 1960 et
164 1929 279 1969 inepte
307 1928 436 1975 σφαγάς
464 1931 620 1970 iugulum
643 1931 886 1972 interpretatus

0 1978 32 2007 B·
53 1975 102 2006 sic
126 1976 299 2016 coniungit
324 1975 413 2009 κατὰ
431 1975 561 2023 σφαγὰς
576 1975 739 2024 τυγχάνει
755 1975 882 2034 βαλών.

0 2020 171 2070 ἠΡωΡοῐιίι
197 2019 236 2055 οὔ
258 2020 365 2063 κάτα,
396 2022 527 2070 σφαγὰς
545 2022 781 2068 ἐκκομπάσας,
803 2035 885 2061 επος
903 2020 905 2064 f

0 2070 32 2110 ’.ᾗ
59 2068 245 2108 elegantius
270 2074 382 2102 tamen
407 2069 630 2117 κατασφαγεὶς
655 2072 754 2103 scribi
779 2075 881 2111 ratus,

0 2107 100 2149 ffldit
111 2139 119 2155 ,
146 2116 393 2156 coniungantur
409 2122 447 2149 ut
464 2115 688 2162 ἐκκομπάσας
705 2128 886 2163 κατασφα-
902 2140 904 2149 ,

0 2153 53 2206 βπ
76 2170 160 2202 nego
183 2163 231 2194 sic
256 2164 432 2196 rotundam
458 2166 548 2196 effici
574 2166 796 2197 sententiam:
827 2166 904 2196 seds

0 2206 145 2248 {uulgata
166 2210 403 2250 praeferenda:
433 2213 526 2243 cuius
552 2213 588 2243 in
612 2211 709 2243 caede
725 2213 886 2252 yloriatus

0 2253 90 2298 mdc
113 2256 240 2287 locutus
264 2259 339 2288 est‘?
364 2258 558 2297 Bernhardy
574 2259 596 2290 1.
619 2268 647 2290 c.
668 2268 701 2299 p.
722 2255 790 2290 239
809 2269 884 2290 cae-

0 2299 54 2346 βιιι
71 2301 326 2344 interpretatur.
354 2305 491 2336 Rectius
510 2309 623 2337 autem
641 2306 716 2346 quis
734 2305 773 2336 de
789 2306 886 2337 caede

0 2344 119 2389 &opter-
135 2350 264 2381 caedem
281 2351 449 2390 gloriatur.
471 2369 512 2375 —
532 2352 546 2394 ΙΙ
563 2353 653 2384 Hinc
670 2357 751 2384 sunt
767 2352 886 2384 adver-

0 2390 192 2444 ssaeutiones:
220 2394 333 2441 στίβου
358 2395 431 2431 κατ’
457 2396 608 2444 ἀνάγκαν
634 2396 797 2444 ἕρποντος
820 2399 881 2432 Ph.

3 2453 28 2486 3.
54 2444 148 2482 9ravi
179 2443 399 2486 laboriosoque
423 2447 550 2477 incessu
574 2446 774 2478 incedentis:
808 2456 886 2478 nam

14 2487 24 2530 'J'
44 2494 133 2520 esset
148 2490 328 2522 secundum
343 2494 578 2524 necessitatem.
611 2491 643 2525 οἱ
661 2491 886 2537 ξυνναυβάται

16 2575 19 2578 .
36 2527 61 2575 ,’
72 2533 184 2581 ὁρμὴν
198 2535 319 2581 δρῶσιν
333 2535 401 2570 566
415 2540 437 2570 i.
451 2549 483 2580 q.
501 2537 541 2617 ὁρ
570 2543 712 2584 ητικῶς,
729 2539 882 2573 studiose.

3 2585 6 2586 ’
36 2580 97 2621 ᾖτὸ
121 2582 284 2627 καρτερόν
311 2585 387 2616 Ter.
418 2586 458 2617 fr.
490 2583 510 2618 5
537 2551 570 2627 4¹,
599 2583 621 2618 2
646 2597 677 2617 v,
705 2585 880 2632 καρτερός.

4 2664 34 2675 Ἴ,
76 2625 144 2662 ὐων
162 2627 235 2663 κατ’
248 2628 345 2676 ὄμμα
358 2632 413 2663 Tr.
425 2629 495 2687 ,102
508 2633 559 2664 ch.
582 2644 612 2664 v.
630 2633 746 2665 Herm.
776 2634 881 2674 Alias,

32 2812 36 2814 ‚
92 2767 151 2802 καὶ
176 2767 274 2815 φύσιν
302 2771 357 2804 Tr.
379 2769 446 2804 379
473 2782 557 2814 quae
582 2773 681 2805 Eust.
710 2774 823 2806 laudat
846 2784 879 2815 p.

12 2813 88 2863 ”t'fl‘
112 2813 177 2861 θέᾳ
202 2815 344 2863 λαμπρά
360 2820 614 2860 interpretatus.
660 2818 808 2865 ὄμμασιν
828 2818 886 2853 δε-

4 2859 102 2905 [3αού
118 2861 206 2896 κατὰ
222 2862 378 2909 γλῶσσαν
397 2863 512 2899 κλύων
532 2867 587 2898 Tr.
609 2864 676 2899 747
694 2877 763 2899 non
780 2867 886 2907 fando

15 2904 75 2941 Q:
92 2910 214 2942 rectius
234 2912 292 2943 hoc
310 2913 499 2953 explicatur
512 2914 694 2946 Abreschio
707 2914 748 2946 ad
760 2914 881 2946 Aesch.

27 2997 37 3002 ..
64 2964 171 2996 quam
194 2957 408 2998 Bernhardyo
437 2959 532 2998 synt.
554 2970 587 3001 p.
608 2957 690 2992 239.
713 2978 754 2984 —
771 2960 786 3003 ΙΙ
811 2962 885 2993 Duo

10 3006 144 3043 sanat,
173 3005 296 3044 quibus
322 3003 434 3038 κατά
459 3008 493 3037 in
516 3007 700 3050 significat,
731 3008 771 3039 de
796 3007 885 3047 facto

10 3047 94 3080 'aad
109 3058 176 3081 non
192 3052 339 3090 genitivo
357 3053 510 3084 iunctum
528 3063 616 3091 casu,
639 3054 726 3095 quod
738 3055 766 3085 is
781 3055 885 3086 solius

15 3109 36 3137 '..
83 3094 213 3129 hostilis
235 3099 339 3130 animi
355 3100 424 3130 vim
440 3100 560 3131 refert:
591 3098 628 3132 σὺ
648 3097 686 3132 δὲ
703 3099 789 3146 ἀνὴρ
807 3095 886 3134 καθ’

6 3137 118 3185 ’Ἶλος
143 3141 190 3176 ὢν
216 3142 376 3178 ἐπίστασο
394 3146 448 3177 Ai.
474 3143 562 3178 1399
583 3146 763 3179 secundum
778 3156 886 3179 meam

2 3190 29 3234 r}
55 3217 57 3219 .
84 3189 184 3221 nimis
201 3190 368 3223 diceretur
383 3193 511 3234 inepte.
548 3193 614 3226 Sed
631 3203 696 3225 non
715 3194 827 3225 differt
845 3196 885 3225 ab

8 3234 11 3237 ’
27 3233 252 3278 vibponendi
270 3239 395 3270 ratione
410 3239 552 3271 Lacaen.
572 3240 613 3271 fr.
632 3237 712 3280 337,
728 3237 751 3272 2
767 3238 887 3285 ἄρξασι

28 3319 72 3369 ¹23⁰
87 3328 204 3361 ndum
221 3335 282 3362 est.
630 3331 663 3376 (Ι
679 3343 712 3375 p.
735 3330 815 3373 927,
832 3331 886 3377 2.)

3 3376 63 3427 ,
98 3373 206 3414 forma
219 3380 249 3408 et
261 3380 434 3418 scriptura.
455 3379 469 3420 ΙΙ
486 3377 624 3419 καταί,
648 3381 736 3421 quod
754 3381 887 3420 agnosci

570 124 858 195 Καταβαίνω
887 154 950 163 --
976 125 1177 193 Κατάδη
1184 126 1264 182 λος

8 3304 11 3310 .
87 3279 160 3314 κατ’
176 3277 352 3329 Ἀργείους
379 3282 485 3331 ὕβριν.
520 3286 595 3318 Nisi
612 3287 695 3319 forte
713 3284 786 3320 κατ’
803 3281 886 3332 Ἀρ-
903 3290 904 3296 ’

1847 129 1944 178 371

926 243 1062 275 videtur
1084 243 1125 275 ab
1148 243 1260 284 Apoll.
1288 243 1329 276 de
1353 247 1442 284 synt.
1472 253 1506 286 p.
1528 240 1607 285 309,
1629 241 1695 284 28,
1722 244 1943 286 Sophocleum

926 293 1016 322 certe
1041 299 1108 322 non
1133 292 1199 330 est3
1230 299 1293 322 nec
1319 291 1400 322 satis
1425 291 1584 323 distincte
1601 291 1757 333 Apollon.
1778 292 1942 334 loquitur.

926 336 1127 378 Quanquam
1150 333 1268 376 καταί,
1298 338 1424 379 quippe
1450 347 1643 370 mensuram
1667 338 1810 370 duarum
1833 348 1943 371 mora-

926 393 1002 415 rum
1033 383 1202 416 excedens
1234 385 1275 416 ab
1308 385 1508 426 anastrophe
1541 385 1691 417 excludit
1724 385 1847 418 Herod.
1885 396 1938 428 ap.

926 431 1041 463 Ioann.
1062 431 1162 462 Alex.
1182 440 1252 463 τον.
1275 441 1422 477 παραγγ.
1442 441 1476 473 p.
1497 428 1555 472 27,
1584 432 1680 464 velut
1705 429 1799 471 ὑπαί,
1821 431 1939 478 παραί,

927 474 1004 518 διαί,
1029 474 1138 522 ὑπείρ.
1162 494 1203 501 —-
1222 477 1236 519 ΙΙ
1261 477 1473 520 Anastrophe
1497 478 1643 511 afficitur
1669 480 1826 511 vocabulo
1853 484 1943 512 recte

925 524 1166 566 postpositum:
1200 520 1386 569 Ἀτρειδῶν
1411 523 1500 558 κάτα
1524 526 1578 557 Ai.
1606 522 1685 557 302.
1729 524 1830 559 τοῦδε
1854 524 1943 560 κάτα

926 567 1007 603 979.
1028 570 1150 604 Contra
1166 571 1404 603 disertissimos
1422 576 1528 604 testes
1543 583 1625 606 κατ
1635 571 1657 605 ά
1673 573 1811 605 reiicere
1824 576 1943 605 tonum

926 618 1016 650 solus
1035 621 1134 658 negat
1152 618 1218 650 EM
1235 627 1268 659 Ρ.
1294 615 1369 659 123,
1391 615 1457 650 24:
1487 629 1574 660 quae
1595 620 1694 651 verba
1712 620 1849 652 fortasse
1868 630 1941 652 cor-

926 668 1025 706 rupta
1041 669 1138 704 sunt;
1170 665 1252 706 quin
1270 666 1292 696 Ι.
1314 675 1342 697 c.
1365 675 1465 697 versu
1482 662 1529 698 34
1545 666 1632 698 alius
1649 667 1883 705 grammaticus
1901 668 1942 699 ab

926 712 1119 752 Etymologo
1137 713 1327 753 exscriptus
1346 712 1570 754 anastrophen
1586 713 1748 753 admittit,
1776 715 1843 745 nisi
1860 714 1942 755 quid

926 759 1015 791 inter
1031 759 1316 800 praepositionem
1332 763 1367 791 et
1383 769 1497 791 casum
1517 761 1751 792 interiiciatur.
1784 760 1849 793 Sed
1867 770 1941 793 cer-

926 807 1028 838 tiores
1044 808 1148 838 testes
1164 810 1246 837 sunt
1261 806 1373 847 Apoll.
1393 806 1434 838 de
1453 810 1542 846 synt.
1563 816 1595 847 p.
1614 803 1681 839 305
1699 811 1733 838 et
1750 804 1830 839 308.
1860 808 1938 840 ΕΜ.

926 862 959 894 p.
979 849 1036 892 42,
1062 850 1116 884 11.
1145 862 1178 894 p.
1201 848 1258 893 94,
1283 850 1336 885 14.
1365 854 1442 885 Arc.
1463 863 1496 894 p.
1521 850 1598 885 130.
1644 854 1674 885 A
1698 855 1798 886 verbo
1824 855 1942 886 seiun-

925 904 1017 931 ctum
1048 902 1083 931 et
1112 900 1336 940 praemissum
1360 904 1527 941 penacute
1551 909 1795 942 nonnunquam
1820 901 1938 933 Herm.

925 947 1077 987 scripsit,
1105 947 1201 978 cuius
1227 947 1258 978 si
1280 956 1365 988 quae
1392 951 1473 979 sunt
1496 948 1661 987 rationes,
1692 952 1804 979 contra
1829 949 1940 980 mani-

923 994 1051 1025 festum
1075 998 1227 1025 veterum
1253 1002 1455 1026 consensum
1470 994 1579 1026 audiri
1596 1003 1663 1026 non
1680 994 1816 1026 debent.
1854 995 1941 1027 Vide

924 1040 1046 1072 Herod.
1068 1049 1122 1081 ap.
1143 1040 1246 1072 schol.
1267 1041 1307 1072 Il.
1330 1052 1351 1073 α
1367 1037 1449 1073 258.
1471 1038 1494 1074 θ
1511 1038 1544 1072 4.
1566 1052 1584 1074 υ
1606 1037 1683 1073 188.
1706 1037 1786 1073 327.
1825 1041 1940 1074 Unum

923 1087 1028 1127 illud,
1054 1087 1142 1128 quod
1159 1088 1336 1128 excipiunt
1347 1113 1354 1127 ,
1384 1088 1413 1119 si
1429 1089 1632 1129 praepositio
1649 1088 1689 1119 ad
1707 1098 1853 1129 sequens
1871 1086 1943 1134 εἰμί

924 1134 1123 1165 trahendum
1155 1140 1245 1166 esset
1276 1133 1326 1177 (v,
1356 1134 1455 1166 schol.
1484 1135 1525 1167 Il.
1554 1147 1573 1180 γ
1598 1131 1701 1179 440),
1739 1144 1807 1167 non
1840 1135 1941 1167 habet

923 1181 1119 1222 exemplum
1145 1181 1235 1222 apud
1259 1181 1468 1222 Sophoclem.
1514 1181 1712 1223 Quanquam
1730 1183 1845 1214 Herm.
1875 1183 1941 1214 sibi

924 1228 1063 1259 minime
1089 1229 1260 1268 constitit,
1290 1229 1439 1260 scribens
1465 1226 1538 1262 κατ’
1564 1225 1607 1262 αὖ
1632 1239 1682 1261 νιν
1710 1227 1823 1275 φοινία
1848 1226 1939 1262 θεῶν

923 1272 997 1320 ἀμᾷ
1013 1272 1104 1312 κόνις
1122 1276 1202 1306 Ant.
1217 1271 1298 1314 597,
1319 1275 1378 1307 sed
1394 1273 1482 1309 κάτα
1500 1273 1538 1308 δὲ
1554 1274 1737 1320 τακόμενοι
1753 1272 1820 1308 965
1834 1288 1840 1307 z
1862 1277 1937 1308 coll.

924 1321 1042 1353 Bacch.
1063 1318 1120 1354 82.
1141 1319 1198 1354 83.

994 1387 1261 1436 Καταβαίνω
1287 1391 1455 1424 descendo.
1485 1392 1538 1424 Ad
1565 1392 1709 1432 inferos:
1735 1389 1853 1428 Ἀίδαν
1872 1404 1940 1427 κα-

922 1435 1065 1484 ταβήσει
1097 1440 1178 1470 Ant.
1209 1435 1278 1471 822
1296 1449 1349 1470 an.
1402 1439 1455 1470 Ad
1481 1448 1655 1480 puynam:
1692 1437 1748 1472 ἐπὶ
1772 1438 1864 1473 τάνδ’
1887 1437 1939 1485 ἄρ’

922 1482 1049 1564 {Bt->1233
1074 1483 1160 1522 τίνες
1185 1484 1353 1531 ἀμφίγυοι
1377 1483 1523 1530 κατέβαν
1551 1485 1615 1532 πρὸ
1641 1484 1760 1532 γάμων
1787 1499 1847 1526 ...ς
1880 1487 1937 1519 Tr.

993 1598 1027 1636 K
1038 1614 1060 1635 α
1068 1612 1088 1634 τ
1097 1600 1145 1647 αβ
1157 1614 1175 1636 ο
1186 1600 1208 1635 ά
1217 1616 1246 1636 ω
1271 1603 1411 1635 clamore
1433 1602 1576 1643 perfero.
1614 1602 1700 1635 Cum
1726 1605 1826 1635 tmesi
1851 1602 1941 1637 κατά

924 1647 1138 1728 ἵὸὲγβόζσον
1169 1647 1306 1696 οἰκτρὰν
1337 1647 1406 1683 ὅπα
1433 1651 1506 1687 τοῖς
1533 1647 1642 1695 ἔνερθ’
1668 1645 1857 1696 Ἀτρείδαις
1883 1651 1935 1682 ΕΙ.

1034 1706 1050 1727 0
1078 1722 1084 1728 .

994 1762 1027 1800 K
1037 1778 1058 1799 α
1067 1777 1086 1799 τ
1095 1778 1116 1799 α
1125 1778 1144 1812 γ
1155 1777 1217 1812 ιγν
1228 1767 1256 1799 ώ
1268 1776 1286 1798 σ
1295 1777 1317 1798 κ
1325 1779 1364 1799 ω.
1385 1769 1602 1811 καταγνῶναι
1614 1779 1620 1798 :
1638 1765 1832 1812 ἐπιγνῶναι,
1848 1765 1942 1811 μέμ-

904 1811 1053 1859 ’ψασθαι
1070 1814 1215 1853 Hesych.
1237 1823 1281 1845 ex
1299 1813 1433 1845 Atham.
1454 1811 1513 1857 (fr.
1533 1810 1582 1857 2).
1613 1820 1617 1824 ·

994 1879 1220 1929 Κάταγμα.
1249 1881 1479 1929 κατάσπασμα
1495 1881 1518 1927 ἢ
1539 1882 1685 1929 μήρυμα
1696 1884 1790 1916 Phot.
1806 1893 1838 1924 p.
1858 1881 1937 1924 135,

926 1928 979 1962 11.
1010 1931 1103 1964 Suid.
1125 1940 1168 1962 ex
1186 1931 1340 1971 Timaeo,
1368 1940 1421 1972 ap.
1444 1940 1545 1972 quem
1570 1932 1689 1963 vitiose
1716 1931 1879 1972 scriptum
1902 1941 1935 1972 p.

925 1974 1011 2010 153:
1042 1975 1134 2022 ἐρίου
1159 1975 1393 2022 κατάσπασμα
1416 1974 1439 2022 ἢ
1463 1976 1620 2023 μήρυμα.
1658 1978 1728 2010 Hoc
1745 1976 1859 2011 κοινόν
1878 1988 1940 2019 ap·

922 2025 1027 2066 pellat
1059 2025 1163 2056 Moer.
1197 2034 1230 2066 p.
1258 2021 1339 2056 215.
1384 2026 1541 2056 Ammon.
1572 2022 1663 2070 ἐρίου
1689 2022 1854 2069 ἕλκυσμα.
1893 2026 1935 2056 V.

923 2071 1037 2103 Valck.
1068 2073 1170 2103 anim.
1199 2081 1232 2112 p.
1265 2068 1342 2103 117.
1373 2071 1510 2103 Ruhnk.
1541 2072 1583 2103 ad
1610 2072 1697 2103 Tim.
1727 2072 1749 2102 Ι.
1780 2081 1807 2103 c.
1831 2089 1872 2095 -
1899 2071 1938 2105 τὸ

921 2117 985 2164 γὰρ
1009 2115 1169 2165 κάταγμα
1191 2116 1352 2164 τυγχάνω
1372 2115 1498 2164 ῥίψασά
1516 2129 1589 2155 πως
1606 2120 1669 2163 τῆς
1688 2116 1757 2155 οἰὸς
1776 2116 1810 2155 ἐς
1829 2117 1938 2164 μέσην

923 2163 1034 2212 φλόγα
1060 2166 1115 2198 Tr.
1137 2161 1215 2197 695.
1245 2166 1341 2197 Eust.
1371 2175 1405 2206 p.
1430 2161 1530 2204 1399,
1552 2162 1607 2197 64.
1640 2162 1739 2205 1414,
1761 2162 1805 2197 28
1831 2175 1940 2205 gram-

922 2214 1060 2244 maticos
1076 2213 1151 2244 illos
1169 2221 1314 2253 sequens
1331 2210 1370 2244 τὸ
1390 2210 1678 2257 κατειργασμένον
1699 2210 1788 2256 ἔριον
1801 2238 1808 2252 ,
1835 2212 1869 2243 id
1887 2217 1940 2244 est

922 2263 1063 2291 tractum
1095 2260 1247 2299 laneum,
1282 2260 1396 2290 lanam
1429 2260 1648 2290 cao-minatam
1679 2260 1934 2300 interpretatur.

923 2306 988 2339 Sed
1006 2316 1071 2338 non
1091 2306 1235 2338 servavit
1248 2307 1411 2337 sermonis
1425 2307 1666 2346 proprietatem
1675 2305 1776 2346 Soph.
1792 2317 1798 2336 z
1820 2307 1940 2337 villam

921 2354 1018 2385 lanae
1035 2353 1248 2393 significavit,
1272 2350 1414 2397 κτησίου
1434 2350 1536 2396 βοτοῦ
1555 2350 1688 2399 λάχνην
1707 2363 1738 2383 v.
1760 2349 1840 2384 690.

993 2406 1268 2456 Κατάγνῦμι.
1314 2409 1390 2456 περὶ
1416 2405 1443 2443 δ’
1462 2409 1540 2455 ἐμῷ
1566 2409 1658 2456 κάρα
1678 2409 1886 2456 κατάγνυται
1902 2410 1941 2444 τὸ

920 2459 1043 2505 τεῦχος
1062 2455 1100 2491 οὐ
1121 2455 1230 2503 μύρου
1249 2455 1350 2491 πνέον
1368 2458 1472 2497 synd.
1492 2458 1533 2489 fr.
1558 2455 1635 2497 147,
1658 2454 1679 2490 3
1698 2458 1836 2489 matula.

994 2511 1183 2561 Κατάγω
1215 2515 1359 2553 deduco,·
1394 2517 1473 2548 inde
1497 2525 1629 2556 meryo:
1665 2514 1819 2561 μολιβδὶς
1851 2515 1938 2549 ὥστε

922 2560 1056 2596 δίκτυον
1082 2565 1211 2608 κατῆγε
1236 2564 1276 2594 fr.
1302 2564 1367 2595 inc.
1389 2560 1476 2602 7833
1515 2564 1544 2594 si
1569 2567 1658 2594 certa
1683 2565 1846 2604 scriptura
1871 2563 1938 2594 EM

921 2620 956 2651 p.
977 2607 1057 2650 590,
1077 2607 1100 2642 8
1123 2607 1231 2654 [unus
1248 2609 1352 2641 codex
1369 2608 1543 2655 κατήγαγε
1561 2611 1756 2651 compendio
1775 2611 1938 2651 scriptum

921 2654 1047 2701 habet}
1085 2656 1170 2688 Nam
1194 2666 1310 2688 versus
1333 2657 1449 2696 tragici
1466 2657 1603 2688 nomine
1622 2666 1688 2688 non
1706 2657 1815 2689 addito
1834 2657 1938 2688 simili

921 2705 1092 2735 sententia
1108 2713 1160 2744 ap.
1183 2704 1271 2735 Plut.
1294 2703 1375 2735 Mor.
1396 2713 1429 2744 p.
1452 2700 1495 2735 75
1513 2704 1534 2734 b
1560 2705 1632 2735 exit
1656 2705 1693 2734 in
1709 2702 1933 2742 κατέσπασεν,

920 2751 1008 2791 quod
1026 2747 1240 2782 seribenduni
1257 2752 1449 2791 suspicatur
1457 2750 1648 2781 Brunckius
1666 2761 1698 2782 v.
1713 2747 1880 2795 μολιβόίς.
1892 2767 1940 2773 -

918 2807 1006 2838 pass.
1027 2801 1080 2829 est
1090 2801 1224 2836 portum
1235 2798 1369 2828 intrare.
1394 2793 1527 2843 Σίγειον
1541 2795 1645 2841 οὐρίῳ
1658 2795 1771 2844 πλάτῃ
1784 2795 1938 2842 κατηγό-

923 2855 991 2889 μην
1010 2844 1070 2875 Ph.
1093 2840 1172 2875 356.
1683 2841 1715 2887 (Ι
1732 2853 1765 2885 p.
1788 2840 1868 2884 928,
1885 2841 1940 2886 2.)

993 2898 1339 2947 Καταδέρκομαι
1366 2903 1504 2933 intueor.
1533 2895 1602 2935 τόδ’
1621 2899 1798 2947 άκῆλητον
1814 2899 1937 2945 μανίας

921 2945 1026 2986 ἄνθος
1043 2946 1292 2995 καταὸεργθεὶς
1310 2949 1365 2980 Tr.
1390 2945 1479 2981 1000
1496 2958 1549 2980 an.
1581 2947 1635 2980 Sic
1652 2949 1725 2980 Erf.
1746 2949 1939 2980 emendavit

921 2996 1095 3036 vulgatum
1123 2988 1422 3041 καταῧερχθῆναι,
1451 2995 1540 3036 quod
1569 2996 1781 3035 ineptissima
1806 2996 1936 3026 ratione

921 3043 1073 3075 defendit
1098 3043 1214 3083 Apitz.
1244 3043 1285 3074 ad
1307 3053 1338 3073 V.
1369 3038 1455 3081 976;
1498 3042 1557 3074 sed
1586 3051 1652 3074 non
1683 3051 1785 3073 sensu
1814 3042 1932 3081 solum,

922 3099 1040 3120 verum
1058 3092 1092 3120 et
1109 3093 1245 3130 propter
1263 3090 1488 3120 necessarlum
1504 3090 1748 3129 paroemiacum
1764 3089 1938 3120 immutari

921 3137 1048 3167 debuit.
1080 3133 1141 3180 [At
1164 3137 1379 3167 retinuerunt
1403 3135 1519 3167 Herm.
1550 3139 1584 3167 et
1609 3136 1729 3172 Dind.,
1760 3136 1857 3166 aliter
1882 3145 1936 3166 sa-

923 3186 1043 3214 nantes
1061 3179 1142 3226 loc.]

994 3236 1028 3274 K
1038 3251 1087 3273 ατ
1097 3238 1118 3273 ά
1129 3238 1146 3272 ὃ
1156 3251 1179 3285 η
1189 3237 1210 3272 λ
1221 3251 1238 3274 ο
1250 3251 1265 3277 ς
1290 3241 1498 3281 manifestus.
1534 3238 1735 3273 σκαιοσυναν
1755 3237 1939 3285 φυλάσσων

923 3285 958 3320 ἐν
977 3285 1056 3331 ἐμοὶ
1072 3285 1267 3333 κατάδηλος
1286 3285 1378 3320 ἔσται
1391 3288 1444 3320 OC
1462 3284 1552 3318 1214
1566 3287 1616 3318 ch.
1638 3295 1688 3317 me
1706 3286 1811 3318 iudice
1828 3288 1939 3318 mani-

923 3333 1044 3373 festam
1061 3335 1235 3366 stultitiam
1249 3333 1372 3374 prodit.
1410 3334 1461 3366 Cf.
1485 3333 1521 3365 C.
1544 3334 1579 3364 F.
1602 3334 1787 3364 Hermann.
1810 3333 1850 3365 ad
1868 3333 1939 3364 Lu·

924 3381 1009 3412 cian.
1032 3381 1072 3412 de
1091 3381 1169 3413 hist.
1193 3390 1317 3412 consor.
1339 3391 1372 3421 p.
1396 3378 1451 3413 96.

1590 3434 1664 3469 24*
