<?xml version="1.0" encoding="UTF-8"?>
<!DOCTYPE html PUBLIC "-//W3C//DTD XHTML 1.0 Transitional//EN"
    "http://www.w3.org/TR/xhtml1/DTD/xhtml1-transitional.dtd">
<html xmlns="http://www.w3.org/1999/xhtml" xml:lang="en" lang="en">
 <head>
  <title>
</title>
<meta http-equiv="Content-Type" content="text/html;charset=utf-8" />
  <meta name='ocr-system' content='tesseract 3.04.00' />
  <meta name='ocr-capabilities' content='ocr_page ocr_carea ocr_par ocr_line ocrx_word'/>
</head>
<body>
  <div class='ocr_page' id='page_1' title='image "./lexiconsophocleu00elleuoft_1396.png"; bbox 0 0 2288 3600; ppageno 0'>
   <div class='ocr_carea' id='block_1_1' title="bbox 219 95 317 144">
    <p class='ocr_par' dir='ltr' id='par_1_1' title="bbox 219 95 317 144">
     <span class='ocr_line' id='line_1_1' title="bbox 219 95 317 144; baseline 0 -1"><span class='ocrx_word' id='word_1_1' title='bbox 219 95 317 144; x_wconf 88' lang='grc'>680</span> 
     </span>
    </p>
   </div>
   <div class='ocr_carea' id='block_1_2' title="bbox 1033 81 1302 156">
    <p class='ocr_par' dir='ltr' id='par_1_2' title="bbox 1033 81 1302 156">
     <span class='ocr_line' id='line_1_2' title="bbox 1033 81 1302 156; baseline 0 0"><span class='ocrx_word' id='word_1_2' title='bbox 1033 81 1210 156; x_wconf 77' lang='grc' dir='ltr'>Ῥυτήρ</span> <span class='ocrx_word' id='word_1_3' title='bbox 1241 118 1302 125; x_wconf 88' lang='grc'>-</span> 
     </span>
    </p>
   </div>
   <div class='ocr_carea' id='block_1_3' title="bbox 1327 87 2288 146">
    <p class='ocr_par' dir='ltr' id='par_1_3' title="bbox 1327 87 2288 146">
     <span class='ocr_line' id='line_1_3' title="bbox 1327 87 2288 146; baseline -0.004 -10"><span class='ocrx_word' id='word_1_4' title='bbox 1327 87 1475 143; x_wconf 84' lang='grc' dir='ltr'>Σάλος</span> <span class='ocrx_word' id='word_1_5' title='bbox 1960 97 2008 144; x_wconf 91' lang='lat'>[11</span> <span class='ocrx_word' id='word_1_6' title='bbox 2024 109 2060 141; x_wconf 76' lang='lat' dir='ltr'>p.</span> <span class='ocrx_word' id='word_1_7' title='bbox 2071 96 2288 146; x_wconf 62' lang='grc' dir='ltr'>δοῖ-699]</span> 
     </span>
    </p>
   </div>
   <div class='ocr_carea' id='block_1_4' title="bbox 217 203 2288 299">
    <p class='ocr_par' dir='ltr' id='par_1_4' title="bbox 217 203 2288 299">
     <span class='ocr_line' id='line_1_4' title="bbox 219 203 2284 255; baseline -0.003 -11"><span class='ocrx_word' id='word_1_8' title='bbox 219 209 356 255; x_wconf 77' lang='grc' dir='ltr'>ζόμενα.</span> <span class='ocrx_word' id='word_1_9' title='bbox 400 210 513 242; x_wconf 86' lang='lat' dir='ltr'>Etiam</span> <span class='ocrx_word' id='word_1_10' title='bbox 547 206 671 254; x_wconf 98' lang='grc' dir='ltr'>λύτρον</span> <span class='ocrx_word' id='word_1_11' title='bbox 705 208 958 249; x_wconf 80' lang='lat' dir='ltr'>interpreteris3</span> <span class='ocrx_word' id='word_1_12' title='bbox 1003 216 1114 239; x_wconf 73' lang='lat' dir='ltr'>necem</span> <span class='ocrx_word' id='word_1_13' title='bbox 1145 207 1234 238; x_wconf 77' lang='lat' dir='ltr'>necis</span> <span class='ocrx_word' id='word_1_14' title='bbox 1276 206 1341 238; x_wconf 85' lang='lat' dir='ltr'>Sed</span> <span class='ocrx_word' id='word_1_15' title='bbox 1360 206 1563 238; x_wconf 84' lang='lat' dir='ltr'>servandum</span> <span class='ocrx_word' id='word_1_16' title='bbox 1587 203 1742 250; x_wconf 91' lang='grc' dir='ltr'>κρούων,</span> <span class='ocrx_word' id='word_1_17' title='bbox 1774 206 1942 247; x_wconf 84' lang='lat' dir='ltr'>verbaque</span> <span class='ocrx_word' id='word_1_18' title='bbox 1965 206 2194 248; x_wconf 80' lang='lat' dir='ltr'>componenda</span> <span class='ocrx_word' id='word_1_19' title='bbox 2219 207 2284 238; x_wconf 85' lang='lat' dir='ltr'>sic:</span> 
     </span>
     <span class='ocr_line' id='line_1_5' title="bbox 217 249 2288 299; baseline -0.001 -10"><span class='ocrx_word' id='word_1_20' title='bbox 217 260 424 299; x_wconf 76' lang='lat' dir='ltr'><em>piamentum</em></span> <span class='ocrx_word' id='word_1_21' title='bbox 448 266 480 288; x_wconf 79' lang='lat' dir='ltr'>se</span> <span class='ocrx_word' id='word_1_22' title='bbox 502 258 752 297; x_wconf 75' lang='lat' dir='ltr'>persoluturum</span> <span class='ocrx_word' id='word_1_23' title='bbox 776 256 858 287; x_wconf 89' lang='lat' dir='ltr'>dicit</span> <span class='ocrx_word' id='word_1_24' title='bbox 874 255 1096 294; x_wconf 80' lang='lat' dir='ltr'>Philoctetes,</span> <span class='ocrx_word' id='word_1_25' title='bbox 1127 254 1162 285; x_wconf 89' lang='lat' dir='ltr'>id</span> <span class='ocrx_word' id='word_1_26' title='bbox 1181 257 1235 285; x_wconf 88' lang='lat' dir='ltr'>est</span> <span class='ocrx_word' id='word_1_27' title='bbox 1277 251 1397 299; x_wconf 84' lang='grc' dir='ltr'>ῥυτῆρι</span> <span class='ocrx_word' id='word_1_28' title='bbox 1427 250 1548 286; x_wconf 81' lang='grc' dir='ltr'>ὑπτίου</span> <span class='ocrx_word' id='word_1_29' title='bbox 1577 251 1683 290; x_wconf 85' lang='grc' dir='ltr'>ποδὸς</span> <span class='ocrx_word' id='word_1_30' title='bbox 1712 250 1848 297; x_wconf 88' lang='grc' dir='ltr'>κρούων</span> <span class='ocrx_word' id='word_1_31' title='bbox 1872 249 2035 299; x_wconf 81' lang='grc' dir='ltr'>γλουτόν,</span> <span class='ocrx_word' id='word_1_32' title='bbox 2063 252 2147 294; x_wconf 74' lang='lat' dir='ltr'>pede</span> <span class='ocrx_word' id='word_1_33' title='bbox 2171 254 2288 294; x_wconf 66' lang='lat' dir='ltr'>supino</span> 
     </span>
    </p>
   </div>
   <div class='ocr_carea' id='block_1_5' title="bbox 218 301 1239 868">
    <p class='ocr_par' dir='ltr' id='par_1_5' title="bbox 218 301 1237 392">
     <span class='ocr_line' id='line_1_6' title="bbox 218 301 1237 344; baseline -0.005 -7"><span class='ocrx_word' id='word_1_34' title='bbox 218 306 439 337; x_wconf 89' lang='lat' dir='ltr'>interfectum</span> <span class='ocrx_word' id='word_1_35' title='bbox 468 305 509 335; x_wconf 89' lang='lat' dir='ltr'>iri</span> <span class='ocrx_word' id='word_1_36' title='bbox 538 305 578 335; x_wconf 89' lang='lat' dir='ltr'>ab</span> <span class='ocrx_word' id='word_1_37' title='bbox 601 304 668 335; x_wconf 90' lang='lat' dir='ltr'>illis</span> <span class='ocrx_word' id='word_1_38' title='bbox 695 304 831 343; x_wconf 89' lang='lat' dir='ltr'>avibus,</span> <span class='ocrx_word' id='word_1_39' title='bbox 865 311 951 344; x_wconf 87' lang='lat' dir='ltr'>quae</span> <span class='ocrx_word' id='word_1_40' title='bbox 977 302 1057 334; x_wconf 92' lang='lat' dir='ltr'>olim</span> <span class='ocrx_word' id='word_1_41' title='bbox 1075 301 1237 333; x_wconf 88' lang='lat' dir='ltr'>vescendi</span> 
     </span>
     <span class='ocr_line' id='line_1_7' title="bbox 221 345 1236 392; baseline -0.005 -8"><span class='ocrx_word' id='word_1_42' title='bbox 221 362 321 384; x_wconf 82' lang='lat' dir='ltr'>causa</span> <span class='ocrx_word' id='word_1_43' title='bbox 338 352 454 382; x_wconf 88' lang='lat' dir='ltr'>venari</span> <span class='ocrx_word' id='word_1_44' title='bbox 473 351 594 382; x_wconf 88' lang='lat' dir='ltr'>solitus</span> <span class='ocrx_word' id='word_1_45' title='bbox 613 354 694 382; x_wconf 88' lang='lat' dir='ltr'>erat.</span> <span class='ocrx_word' id='word_1_46' title='bbox 940 347 989 392; x_wconf 85' lang='grc' dir='ltr'>(ΙΙ</span> <span class='ocrx_word' id='word_1_47' title='bbox 1007 359 1041 390; x_wconf 89' lang='lat' dir='ltr'>p.</span> <span class='ocrx_word' id='word_1_48' title='bbox 1063 345 1142 386; x_wconf 86' lang='lat'>697,</span> <span class='ocrx_word' id='word_1_49' title='bbox 1159 345 1236 391; x_wconf 83' lang='lat'><strong>11.)</strong></span> 
     </span>
    </p>

    <p class='ocr_par' dir='ltr' id='par_1_6' title="bbox 220 392 1239 868">
     <span class='ocr_line' id='line_1_8' title="bbox 288 392 1236 442; baseline -0.005 -10"><span class='ocrx_word' id='word_1_50' title='bbox 288 393 387 432; x_wconf 81' lang='grc' dir='ltr'>Ῥῦτ</span> <span class='ocrx_word' id='word_1_51' title='bbox 406 396 412 408; x_wconf 88' lang='grc'>’</span> <span class='ocrx_word' id='word_1_52' title='bbox 475 399 595 430; x_wconf 67' lang='lat' dir='ltr'>lorum.</span> <span class='ocrx_word' id='word_1_53' title='bbox 624 398 676 429; x_wconf 88' lang='lat' dir='ltr'>De</span> <span class='ocrx_word' id='word_1_54' title='bbox 694 397 844 428; x_wconf 77' lang='lat' dir='ltr'>habenis:</span> <span class='ocrx_word' id='word_1_55' title='bbox 868 394 1021 429; x_wconf 82' lang='grc' dir='ltr'>σπεύδειν</span> <span class='ocrx_word' id='word_1_56' title='bbox 1041 392 1108 428; x_wconf 87' lang='grc' dir='ltr'>ἀπὸ</span> <span class='ocrx_word' id='word_1_57' title='bbox 1129 393 1236 442; x_wconf 84' lang='grc' dir='ltr'>ῥυτῆ-</span> 
     </span>
     <span class='ocr_line' id='line_1_9' title="bbox 223 409 1235 490; baseline -0.004 -12"><span class='ocrx_word' id='word_1_58' title='bbox 223 456 279 490; x_wconf 88' lang='grc' dir='ltr'>ρος</span> <span class='ocrx_word' id='word_1_59' title='bbox 305 445 360 478; x_wconf 88' lang='lat' dir='ltr'>OC</span> <span class='ocrx_word' id='word_1_60' title='bbox 379 409 423 477; x_wconf 79' lang='grc'>90</span> <span class='ocrx_word' id='word_1_61' title='bbox 453 470 459 476; x_wconf 93' lang='grc'>.</span> <span class='ocrx_word' id='word_1_62' title='bbox 503 446 554 477; x_wconf 90' lang='lat' dir='ltr'>De</span> <span class='ocrx_word' id='word_1_63' title='bbox 583 445 712 476; x_wconf 79' lang='lat' dir='ltr'>verbere</span> <span class='ocrx_word' id='word_1_64' title='bbox 743 454 786 476; x_wconf 78' lang='lat' dir='ltr'>ex</span> <span class='ocrx_word' id='word_1_65' title='bbox 812 444 952 475; x_wconf 82' lang='lat' dir='ltr'><strong>habenis</strong></span> <span class='ocrx_word' id='word_1_66' title='bbox 982 444 1086 475; x_wconf 83' lang='lat' dir='ltr'>facto:</span> <span class='ocrx_word' id='word_1_67' title='bbox 1129 440 1235 488; x_wconf 82' lang='grc' dir='ltr'>μέγαν</span> 
     </span>
     <span class='ocr_line' id='line_1_10' title="bbox 223 487 1237 538; baseline -0.006 -12"><span class='ocrx_word' id='word_1_68' title='bbox 223 490 409 538; x_wconf 81' lang='grc' dir='ltr'>ἱπποδέτην</span> <span class='ocrx_word' id='word_1_69' title='bbox 436 489 566 538; x_wconf 85' lang='grc' dir='ltr'>ῥυτῆρα</span> <span class='ocrx_word' id='word_1_70' title='bbox 588 489 704 537; x_wconf 88' lang='grc' dir='ltr'>λαβών</span> <span class='ocrx_word' id='word_1_71' title='bbox 731 491 787 523; x_wconf 86' lang='lat' dir='ltr'>Ai.</span> <span class='ocrx_word' id='word_1_72' title='bbox 807 487 873 522; x_wconf 87' lang='grc'>241</span> <span class='ocrx_word' id='word_1_73' title='bbox 894 501 939 524; x_wconf 89' lang='lat' dir='ltr'>m.</span> <span class='ocrx_word' id='word_1_74' title='bbox 960 502 992 522; x_wconf 90' lang='lat' dir='ltr'>v.</span> <span class='ocrx_word' id='word_1_75' title='bbox 1022 491 1104 522; x_wconf 90' lang='lat' dir='ltr'><strong>Lob.</strong></span> <span class='ocrx_word' id='word_1_76' title='bbox 1148 490 1237 521; x_wconf 89' lang='lat' dir='ltr'>Hinc</span> 
     </span>
     <span class='ocr_line' id='line_1_11' title="bbox 223 533 1236 583; baseline -0.002 -12"><span class='ocrx_word' id='word_1_77' title='bbox 223 540 424 571; x_wconf 86' lang='lat' dir='ltr'>translatum</span> <span class='ocrx_word' id='word_1_78' title='bbox 441 539 526 571; x_wconf 89' lang='lat' dir='ltr'>illud</span> <span class='ocrx_word' id='word_1_79' title='bbox 542 539 611 570; x_wconf 87' lang='lat' dir='ltr'>inc.</span> <span class='ocrx_word' id='word_1_80' title='bbox 639 540 680 570; x_wconf 82' lang='lat' dir='ltr'>fr.</span> <span class='ocrx_word' id='word_1_81' title='bbox 703 535 783 579; x_wconf 85' lang='lat'>938,</span> <span class='ocrx_word' id='word_1_82' title='bbox 804 535 838 569; x_wconf 89' lang='lat'>2.</span> <span class='ocrx_word' id='word_1_83' title='bbox 875 533 1014 574; x_wconf 81' lang='grc' dir='ltr'>Κύκνος</span> <span class='ocrx_word' id='word_1_84' title='bbox 1030 534 1143 583; x_wconf 74' lang='grc' dir='ltr'>λέγει·</span> <span class='ocrx_word' id='word_1_85' title='bbox 1178 535 1236 569; x_wconf 83' lang='grc' dir='ltr'>καὶ</span> 
     </span>
     <span class='ocr_line' id='line_1_12' title="bbox 223 580 1236 644; baseline -0.003 -25"><span class='ocrx_word' id='word_1_86' title='bbox 223 585 271 632; x_wconf 82' lang='grc' dir='ltr'>μὴ</span> <span class='ocrx_word' id='word_1_87' title='bbox 301 583 446 644; x_wconf 76' lang='grc' dir='ltr'>ὑβρίζων</span> <span class='ocrx_word' id='word_1_88' title='bbox 477 580 584 619; x_wconf 81' lang='grc' dir='ltr'>αὐτίκ’</span> <span class='ocrx_word' id='word_1_89' title='bbox 607 583 647 618; x_wconf 83' lang='grc' dir='ltr'>ἐκ</span> <span class='ocrx_word' id='word_1_90' title='bbox 676 583 816 631; x_wconf 81' lang='grc' dir='ltr'>βάθρων</span> <span class='ocrx_word' id='word_1_91' title='bbox 847 582 916 630; x_wconf 84' lang='grc' dir='ltr'>ὅλῳ</span> <span class='ocrx_word' id='word_1_92' title='bbox 953 584 1072 632; x_wconf 85' lang='grc' dir='ltr'>ῥυτῆρι</span> <span class='ocrx_word' id='word_1_93' title='bbox 1099 581 1236 630; x_wconf 86' lang='grc' dir='ltr'>κρούων</span> 
     </span>
     <span class='ocr_line' id='line_1_13' title="bbox 220 627 1234 677; baseline -0.003 -10"><span class='ocrx_word' id='word_1_94' title='bbox 220 632 236 676; x_wconf 84' lang='grc'>(</span> <span class='ocrx_word' id='word_1_95' title='bbox 257 631 397 677; x_wconf 81' lang='grc' dir='ltr'>λουτον)</span> <span class='ocrx_word' id='word_1_96' title='bbox 414 630 534 666; x_wconf 88' lang='grc' dir='ltr'>ὑπτίου</span> <span class='ocrx_word' id='word_1_97' title='bbox 553 631 673 670; x_wconf 73' lang='grc' dir='ltr'>ποδόςε</span> <span class='ocrx_word' id='word_1_98' title='bbox 695 630 778 666; x_wconf 78' lang='grc' dir='ltr'>ἔνιοι</span> <span class='ocrx_word' id='word_1_99' title='bbox 796 630 833 665; x_wconf 86' lang='grc' dir='ltr'>δὲ</span> <span class='ocrx_word' id='word_1_100' title='bbox 851 631 915 666; x_wconf 76' lang='grc' dir='ltr'>οὐκ</span> <span class='ocrx_word' id='word_1_101' title='bbox 933 631 988 666; x_wconf 83' lang='grc' dir='ltr'>ἐπὶ</span> <span class='ocrx_word' id='word_1_102' title='bbox 1003 633 1063 665; x_wconf 80' lang='grc' dir='ltr'>τοῦ</span> <span class='ocrx_word' id='word_1_103' title='bbox 1079 627 1234 672; x_wconf 83' lang='grc' dir='ltr'>Κύκνου,</span> 
     </span>
     <span class='ocr_line' id='line_1_14' title="bbox 223 646 1238 725; baseline -0.004 -11"><span class='ocrx_word' id='word_1_104' title='bbox 223 646 298 714; x_wconf 69' lang='grc' dir='ltr'>ἀλλ’</span> <span class='ocrx_word' id='word_1_105' title='bbox 317 678 373 714; x_wconf 86' lang='grc' dir='ltr'>ἐπὶ</span> <span class='ocrx_word' id='word_1_106' title='bbox 389 684 457 714; x_wconf 89' lang='grc' dir='ltr'>τῶν</span> <span class='ocrx_word' id='word_1_107' title='bbox 475 678 672 725; x_wconf 87' lang='grc' dir='ltr'>πολεμίων,</span> <span class='ocrx_word' id='word_1_108' title='bbox 701 679 788 713; x_wconf 80' lang='grc' dir='ltr'>ὥστε</span> <span class='ocrx_word' id='word_1_109' title='bbox 813 677 899 713; x_wconf 85' lang='grc' dir='ltr'>εἶναι</span> <span class='ocrx_word' id='word_1_110' title='bbox 923 679 979 714; x_wconf 91' lang='grc' dir='ltr'>τὸν</span> <span class='ocrx_word' id='word_1_111' title='bbox 999 677 1121 725; x_wconf 78' lang='grc' dir='ltr'>λόγον,</span> <span class='ocrx_word' id='word_1_112' title='bbox 1152 675 1238 724; x_wconf 91' lang='grc' dir='ltr'>φεύ-</span> 
     </span>
     <span class='ocr_line' id='line_1_15' title="bbox 222 723 1238 774; baseline -0.002 -13"><span class='ocrx_word' id='word_1_113' title='bbox 222 739 342 774; x_wconf 82' lang='grc' dir='ltr'>γοντας</span> <span class='ocrx_word' id='word_1_114' title='bbox 372 725 496 765; x_wconf 78' lang='grc' dir='ltr'>αὐτοὺς</span> <span class='ocrx_word' id='word_1_115' title='bbox 525 727 575 774; x_wconf 81' lang='grc' dir='ltr'>τῷ</span> <span class='ocrx_word' id='word_1_116' title='bbox 602 725 710 772; x_wconf 82' lang='grc' dir='ltr'>ὑπτίῳ</span> <span class='ocrx_word' id='word_1_117' title='bbox 728 725 807 760; x_wconf 87' lang='grc' dir='ltr'>ποδὶ</span> <span class='ocrx_word' id='word_1_118' title='bbox 835 725 915 764; x_wconf 86' lang='grc' dir='ltr'>τοὺς</span> <span class='ocrx_word' id='word_1_119' title='bbox 942 725 1047 763; x_wconf 79' lang='grc' dir='ltr'>ἰδίους</span> <span class='ocrx_word' id='word_1_120' title='bbox 1072 723 1238 772; x_wconf 80' lang='grc' dir='ltr'>γλουτοὺς</span> 
     </span>
     <span class='ocr_line' id='line_1_16' title="bbox 223 773 1239 821; baseline -0.004 -13"><span class='ocrx_word' id='word_1_121' title='bbox 223 774 358 821; x_wconf 82' lang='grc' dir='ltr'>ποιήσω</span> <span class='ocrx_word' id='word_1_122' title='bbox 375 773 525 808; x_wconf 86' lang='grc' dir='ltr'>τύπτειν.</span> <span class='ocrx_word' id='word_1_123' title='bbox 565 775 712 814; x_wconf 89' lang='lat' dir='ltr'>Hesych.</span> <span class='ocrx_word' id='word_1_124' title='bbox 750 774 816 813; x_wconf 88' lang='lat' dir='ltr'>Qui</span> <span class='ocrx_word' id='word_1_125' title='bbox 843 775 892 806; x_wconf 90' lang='lat' dir='ltr'>sic</span> <span class='ocrx_word' id='word_1_126' title='bbox 922 775 1150 816; x_wconf 79' lang='lat' dir='ltr'>explicarent,</span> <span class='ocrx_word' id='word_1_127' title='bbox 1184 782 1239 805; x_wconf 88' lang='lat' dir='ltr'>eos</span> 
     </span>
     <span class='ocr_line' id='line_1_17' title="bbox 225 818 1235 868; baseline -0.002 -14"><span class='ocrx_word' id='word_1_128' title='bbox 225 823 352 854; x_wconf 86' lang='lat' dir='ltr'>clarum</span> <span class='ocrx_word' id='word_1_129' title='bbox 370 825 423 854; x_wconf 89' lang='lat' dir='ltr'>est</span> <span class='ocrx_word' id='word_1_130' title='bbox 455 823 579 864; x_wconf 86' lang='lat' dir='ltr'><strong>legisse</strong></span> <span class='ocrx_word' id='word_1_131' title='bbox 611 820 810 864; x_wconf 83' lang='grc' dir='ltr'>κρούειν,</span> <span class='ocrx_word' id='word_1_132' title='bbox 845 822 868 854; x_wconf 93' lang='lat' dir='ltr'>i.</span> <span class='ocrx_word' id='word_1_133' title='bbox 898 833 928 855; x_wconf 93' lang='lat' dir='ltr'>e.</span> <span class='ocrx_word' id='word_1_134' title='bbox 967 821 1054 855; x_wconf 83' lang='grc' dir='ltr'>ὥστε</span> <span class='ocrx_word' id='word_1_135' title='bbox 1086 818 1235 868; x_wconf 92' lang='grc' dir='ltr'>κρούειν.</span> 
     </span>
    </p>
   </div>
   <div class='ocr_carea' id='block_1_6' title="bbox 1254 773 1259 862">
    <p class='ocr_par' dir='ltr' id='par_1_7' title="bbox 1254 773 1259 862">
     <span class='ocr_line' id='line_1_18' title="bbox 1254 773 1259 862; baseline 0 2738"><span class='ocrx_word' id='word_1_136' title='bbox 1254 773 1259 862; x_wconf 95' lang='lat' dir='ltr'> </span> 
     </span>
    </p>
   </div>
   <div class='ocr_carea' id='block_1_7' title="bbox 1274 300 2288 474">
    <p class='ocr_par' dir='ltr' id='par_1_8' title="bbox 1274 300 2288 474">
     <span class='ocr_line' id='line_1_19' title="bbox 1276 300 2286 342; baseline 0 -10"><span class='ocrx_word' id='word_1_137' title='bbox 1276 304 1438 341; x_wconf 82' lang='lat' dir='ltr'><em>tanquam</em></span> <span class='ocrx_word' id='word_1_138' title='bbox 1473 300 1607 342; x_wconf 77' lang='lat' dir='ltr'>flayello</span> <span class='ocrx_word' id='word_1_139' title='bbox 1643 310 1741 340; x_wconf 77' lang='lat' dir='ltr'>usus,</span> <span class='ocrx_word' id='word_1_140' title='bbox 1788 301 1827 332; x_wconf 85' lang='lat' dir='ltr'>ad</span> <span class='ocrx_word' id='word_1_141' title='bbox 1861 301 2142 333; x_wconf 86' lang='lat' dir='ltr'>contumeliosum</span> <span class='ocrx_word' id='word_1_142' title='bbox 2176 301 2286 341; x_wconf 90' lang='lat' dir='ltr'>illum,</span> 
     </span>
     <span class='ocr_line' id='line_1_20' title="bbox 1274 344 2288 394; baseline 0 -15"><span class='ocrx_word' id='word_1_143' title='bbox 1274 357 1376 389; x_wconf 91' lang='lat' dir='ltr'>quem</span> <span class='ocrx_word' id='word_1_144' title='bbox 1396 347 1513 379; x_wconf 84' lang='lat' dir='ltr'>Graeci</span> <span class='ocrx_word' id='word_1_145' title='bbox 1531 348 1706 388; x_wconf 86' lang='lat' dir='ltr'>vocabant,</span> <span class='ocrx_word' id='word_1_146' title='bbox 1729 344 2000 394; x_wconf 79' lang='grc' dir='ltr'>ῥαθαπυγισμόν.</span> <span class='ocrx_word' id='word_1_147' title='bbox 2021 345 2165 394; x_wconf 75' lang='grc' dir='ltr'>γλουτόν</span> <span class='ocrx_word' id='word_1_148' title='bbox 2186 348 2288 380; x_wconf 84' lang='lat' dir='ltr'>omis-</span> 
     </span>
     <span class='ocr_line' id='line_1_21' title="bbox 1274 391 2287 437; baseline 0.003 -12"><span class='ocrx_word' id='word_1_149' title='bbox 1274 405 1348 426; x_wconf 89' lang='lat' dir='ltr'>sum</span> <span class='ocrx_word' id='word_1_150' title='bbox 1374 404 1417 426; x_wconf 80' lang='lat' dir='ltr'>ex</span> <span class='ocrx_word' id='word_1_151' title='bbox 1434 395 1572 434; x_wconf 89' lang='lat' dir='ltr'>Photio,</span> <span class='ocrx_word' id='word_1_152' title='bbox 1605 395 1664 436; x_wconf 91' lang='lat' dir='ltr'>qui</span> <span class='ocrx_word' id='word_1_153' title='bbox 1693 405 1828 427; x_wconf 88' lang='lat' dir='ltr'>versum</span> <span class='ocrx_word' id='word_1_154' title='bbox 1861 396 2003 427; x_wconf 88' lang='lat' dir='ltr'>alterum</span> <span class='ocrx_word' id='word_1_155' title='bbox 2029 395 2127 428; x_wconf 80' lang='lat' dir='ltr'>affert</span> <span class='ocrx_word' id='word_1_156' title='bbox 2149 405 2183 437; x_wconf 90' lang='lat' dir='ltr'>p.</span> <span class='ocrx_word' id='word_1_157' title='bbox 2204 391 2287 436; x_wconf 87' lang='lat'>493,</span> 
     </span>
     <span class='ocr_line' id='line_1_22' title="bbox 1275 439 1646 474; baseline 0.003 -1"><span class='ocrx_word' id='word_1_158' title='bbox 1275 439 1317 474; x_wconf 84' lang='lat'>13</span> <span class='ocrx_word' id='word_1_159' title='bbox 1334 442 1480 473; x_wconf 88' lang='lat' dir='ltr'>inseruit</span> <span class='ocrx_word' id='word_1_160' title='bbox 1498 441 1646 474; x_wconf 89' lang='lat' dir='ltr'>Brunck.</span> 
     </span>
    </p>
   </div>
   <div class='ocr_carea' id='block_1_8' title="bbox 1272 508 2288 653">
    <p class='ocr_par' dir='ltr' id='par_1_9' title="bbox 1272 508 2288 653">
     <span class='ocr_line' id='line_1_23' title="bbox 1342 508 2288 558; baseline 0 -13"><span class='ocrx_word' id='word_1_161' title='bbox 1342 508 1498 548; x_wconf 73' lang='grc' dir='ltr'>Ῥῦτός</span> <span class='ocrx_word' id='word_1_162' title='bbox 1523 512 1641 554; x_wconf 81' lang='lat' dir='ltr'>fluens.</span> <span class='ocrx_word' id='word_1_163' title='bbox 1669 513 1720 545; x_wconf 91' lang='lat' dir='ltr'>De</span> <span class='ocrx_word' id='word_1_164' title='bbox 1746 522 1832 554; x_wconf 85' lang='lat' dir='ltr'>aqua</span> <span class='ocrx_word' id='word_1_165' title='bbox 1849 514 1995 545; x_wconf 85' lang='lat' dir='ltr'>fontium</span> <span class='ocrx_word' id='word_1_166' title='bbox 2020 508 2130 558; x_wconf 88' lang='grc' dir='ltr'>ῥυτῶν</span> <span class='ocrx_word' id='word_1_167' title='bbox 2156 509 2288 546; x_wconf 81' lang='grc' dir='ltr'>ὑδάτων</span> 
     </span>
     <span class='ocr_line' id='line_1_24' title="bbox 1272 555 2288 609; baseline 0 -17"><span class='ocrx_word' id='word_1_168' title='bbox 1272 557 1401 604; x_wconf 86' lang='grc' dir='ltr'>λουτρὰ</span> <span class='ocrx_word' id='word_1_169' title='bbox 1417 557 1476 592; x_wconf 84' lang='grc' dir='ltr'>καὶ</span> <span class='ocrx_word' id='word_1_170' title='bbox 1492 557 1579 605; x_wconf 86' lang='grc' dir='ltr'>χοάς</span> <span class='ocrx_word' id='word_1_171' title='bbox 1605 559 1660 592; x_wconf 85' lang='lat' dir='ltr'>OC</span> <span class='ocrx_word' id='word_1_172' title='bbox 1681 556 1780 592; x_wconf 79' lang='grc'>1598.</span> <span class='ocrx_word' id='word_1_173' title='bbox 1810 561 1851 593; x_wconf 90' lang='lat' dir='ltr'>de</span> <span class='ocrx_word' id='word_1_174' title='bbox 1877 561 1991 593; x_wconf 85' lang='lat' dir='ltr'>fluviis</span> <span class='ocrx_word' id='word_1_175' title='bbox 2017 559 2125 609; x_wconf 85' lang='grc' dir='ltr'>ῥυτῶν</span> <span class='ocrx_word' id='word_1_176' title='bbox 2150 555 2288 594; x_wconf 88' lang='grc' dir='ltr'>Βοσπο-</span> 
     </span>
     <span class='ocr_line' id='line_1_25' title="bbox 1275 604 1772 653; baseline -0.004 -13"><span class='ocrx_word' id='word_1_177' title='bbox 1275 605 1356 653; x_wconf 86' lang='grc' dir='ltr'>ρίων</span> <span class='ocrx_word' id='word_1_178' title='bbox 1374 611 1538 651; x_wconf 82' lang='grc' dir='ltr'>ποταμῶν</span> <span class='ocrx_word' id='word_1_179' title='bbox 1556 607 1613 638; x_wconf 88' lang='lat' dir='ltr'>Ai.</span> <span class='ocrx_word' id='word_1_180' title='bbox 1634 604 1703 639; x_wconf 80' lang='lat'>884</span> <span class='ocrx_word' id='word_1_181' title='bbox 1721 607 1772 639; x_wconf 89' lang='lat' dir='ltr'>ch.</span> 
     </span>
    </p>
   </div>
   <div class='ocr_carea' id='block_1_9' title="bbox 1274 674 2288 867">
    <p class='ocr_par' dir='ltr' id='par_1_10' title="bbox 1274 674 2288 867">
     <span class='ocr_line' id='line_1_26' title="bbox 1340 674 2288 725; baseline 0 -14"><span class='ocrx_word' id='word_1_182' title='bbox 1340 674 1494 722; x_wconf 76' lang='grc' dir='ltr'>Ῥώμη</span> <span class='ocrx_word' id='word_1_183' title='bbox 1518 677 1629 711; x_wconf 76' lang='lat' dir='ltr'>robur.</span> <span class='ocrx_word' id='word_1_184' title='bbox 1657 674 1786 725; x_wconf 82' lang='grc' dir='ltr'>λῃστὰς</span> <span class='ocrx_word' id='word_1_185' title='bbox 1874 675 1912 712; x_wconf 88' lang='grc' dir='ltr'>οὐ</span> <span class='ocrx_word' id='word_1_186' title='bbox 1940 676 2003 723; x_wconf 82' lang='grc' dir='ltr'>μιᾷ</span> <span class='ocrx_word' id='word_1_187' title='bbox 2028 674 2129 723; x_wconf 77' lang='grc' dir='ltr'>ῥώμῃ</span> <span class='ocrx_word' id='word_1_188' title='bbox 2153 679 2288 711; x_wconf 83' lang='grc' dir='ltr'>κτανεῖν</span> 
     </span>
     <span class='ocr_line' id='line_1_27' title="bbox 1274 722 2288 772; baseline 0 -14"><span class='ocrx_word' id='word_1_189' title='bbox 1274 735 1344 766; x_wconf 83' lang='grc' dir='ltr'>νιν,</span> <span class='ocrx_word' id='word_1_190' title='bbox 1367 722 1457 758; x_wconf 86' lang='grc' dir='ltr'>ἀλλὰ</span> <span class='ocrx_word' id='word_1_191' title='bbox 1475 723 1533 758; x_wconf 88' lang='grc' dir='ltr'>σὺν</span> <span class='ocrx_word' id='word_1_192' title='bbox 1552 722 1680 769; x_wconf 86' lang='grc' dir='ltr'>πλήθει</span> <span class='ocrx_word' id='word_1_193' title='bbox 1696 729 1809 772; x_wconf 86' lang='grc' dir='ltr'>χερῶν</span> <span class='ocrx_word' id='word_1_194' title='bbox 1827 725 1885 758; x_wconf 84' lang='lat' dir='ltr'>OR</span> <span class='ocrx_word' id='word_1_195' title='bbox 1905 722 1982 758; x_wconf 98' lang='lat'><strong>123.</strong></span> <span class='ocrx_word' id='word_1_196' title='bbox 2013 722 2134 772; x_wconf 79' lang='grc' dir='ltr'>ῥώμης</span> <span class='ocrx_word' id='word_1_197' title='bbox 2151 736 2189 771; x_wconf 76' lang='grc' dir='ltr'>γε</span> <span class='ocrx_word' id='word_1_198' title='bbox 2209 723 2288 770; x_wconf 77' lang='grc' dir='ltr'>μέν·</span> 
     </span>
     <span class='ocr_line' id='line_1_28' title="bbox 1274 769 2288 829; baseline 0.001 -25"><span class='ocrx_word' id='word_1_199' title='bbox 1274 782 1327 806; x_wconf 88' lang='grc' dir='ltr'>τοι</span> <span class='ocrx_word' id='word_1_200' title='bbox 1350 770 1409 804; x_wconf 88' lang='grc' dir='ltr'>καὶ</span> <span class='ocrx_word' id='word_1_201' title='bbox 1434 774 1634 829; x_wconf 70' lang='grc' dir='ltr'>προηγητοῦ</span> <span class='ocrx_word' id='word_1_202' title='bbox 1659 772 1749 810; x_wconf 87' lang='grc' dir='ltr'>τινὸς</span> <span class='ocrx_word' id='word_1_203' title='bbox 1775 770 1881 806; x_wconf 84' lang='grc' dir='ltr'>δεῖναι</span> <span class='ocrx_word' id='word_1_204' title='bbox 1902 769 2003 804; x_wconf 91' lang='grc'>1292.</span> <span class='ocrx_word' id='word_1_205' title='bbox 2047 771 2190 819; x_wconf 72' lang='grc' dir='ltr'>τοῦργον</span> <span class='ocrx_word' id='word_1_206' title='bbox 2213 770 2288 806; x_wconf 87' lang='grc' dir='ltr'>τόδε</span> 
     </span>
     <span class='ocr_line' id='line_1_29' title="bbox 1281 816 2165 867; baseline 0 -15"><span class='ocrx_word' id='word_1_207' title='bbox 1281 818 1399 865; x_wconf 79' lang='grc' dir='ltr'>μεῖζον</span> <span class='ocrx_word' id='word_1_208' title='bbox 1416 818 1540 865; x_wconf 85' lang='grc' dir='ltr'>ἀνήκει</span> <span class='ocrx_word' id='word_1_209' title='bbox 1556 831 1580 864; x_wconf 88' lang='grc' dir='ltr'>η</span> <span class='ocrx_word' id='word_1_210' title='bbox 1597 816 1671 853; x_wconf 75' lang='grc' dir='ltr'>κατ’</span> <span class='ocrx_word' id='word_1_211' title='bbox 1690 818 1776 865; x_wconf 79' lang='grc' dir='ltr'>ἐμὰν</span> <span class='ocrx_word' id='word_1_212' title='bbox 1797 818 1915 867; x_wconf 87' lang='grc' dir='ltr'>ῥώμαν</span> <span class='ocrx_word' id='word_1_213' title='bbox 1933 820 1989 852; x_wconf 86' lang='lat' dir='ltr'>Tr.</span> <span class='ocrx_word' id='word_1_214' title='bbox 2013 816 2103 853; x_wconf 89' lang='grc'>1018</span> <span class='ocrx_word' id='word_1_215' title='bbox 2119 830 2165 852; x_wconf 89' lang='lat' dir='ltr'>m.</span> 
     </span>
    </p>
   </div>
   <div class='ocr_carea' id='block_1_10' title="bbox 1211 1037 1301 1108">
    <p class='ocr_par' dir='ltr' id='par_1_11' title="bbox 1211 1037 1301 1108">
     <span class='ocr_line' id='line_1_30' title="bbox 1211 1037 1301 1108; baseline -0.056 0"><span class='ocrx_word' id='word_1_216' title='bbox 1211 1037 1301 1108; x_wconf 90' lang='grc' dir='ltr'>Σ.</span> 
     </span>
    </p>
   </div>
   <div class='ocr_carea' id='block_1_11' title="bbox 223 1192 1239 1619">
    <p class='ocr_par' dir='ltr' id='par_1_12' title="bbox 223 1192 1239 1619">
     <span class='ocr_line' id='line_1_31' title="bbox 296 1192 1235 1245; baseline -0.001 -13"><span class='ocrx_word' id='word_1_217' title='bbox 296 1192 423 1245; x_wconf 73' lang='grc' dir='ltr'>Σᾶγη.</span> <span class='ocrx_word' id='word_1_218' title='bbox 469 1199 564 1232; x_wconf 81' lang='lat' dir='ltr'>Suid.</span> <span class='ocrx_word' id='word_1_219' title='bbox 602 1210 633 1231; x_wconf 92' lang='lat' dir='ltr'>v.</span> <span class='ocrx_word' id='word_1_220' title='bbox 663 1197 796 1245; x_wconf 81' lang='grc' dir='ltr'>σάγμα;</span> <span class='ocrx_word' id='word_1_221' title='bbox 841 1196 865 1243; x_wconf 79' lang='grc' dir='ltr'>ἡ</span> <span class='ocrx_word' id='word_1_222' title='bbox 891 1196 988 1244; x_wconf 76' lang='grc' dir='ltr'>θήκη</span> <span class='ocrx_word' id='word_1_223' title='bbox 1013 1199 1074 1232; x_wconf 82' lang='grc' dir='ltr'>τοῦ</span> <span class='ocrx_word' id='word_1_224' title='bbox 1106 1195 1235 1231; x_wconf 80' lang='grc' dir='ltr'>ὅπλου·</span> 
     </span>
     <span class='ocr_line' id='line_1_32' title="bbox 224 1242 1239 1293; baseline -0.003 -13"><span class='ocrx_word' id='word_1_225' title='bbox 224 1245 335 1293; x_wconf 81' lang='grc' dir='ltr'>σάγη</span> <span class='ocrx_word' id='word_1_226' title='bbox 362 1245 400 1280; x_wconf 88' lang='grc' dir='ltr'>δὲ</span> <span class='ocrx_word' id='word_1_227' title='bbox 415 1245 452 1280; x_wconf 90' lang='grc' dir='ltr'>τὸ</span> <span class='ocrx_word' id='word_1_228' title='bbox 472 1244 589 1280; x_wconf 84' lang='grc' dir='ltr'>ὅπλον.</span> <span class='ocrx_word' id='word_1_229' title='bbox 620 1242 818 1292; x_wconf 82' lang='grc' dir='ltr'>Σοφοκλῆς.</span> <span class='ocrx_word' id='word_1_230' title='bbox 838 1246 897 1289; x_wconf 78' lang='lat' dir='ltr'><strong>(fr.</strong></span> <span class='ocrx_word' id='word_1_231' title='bbox 919 1247 985 1278; x_wconf 86' lang='lat' dir='ltr'>inc.</span> <span class='ocrx_word' id='word_1_232' title='bbox 1008 1243 1102 1287; x_wconf 86' lang='lat'><strong>939.)</strong></span> <span class='ocrx_word' id='word_1_233' title='bbox 1132 1246 1239 1287; x_wconf 88' lang='lat' dir='ltr'>Apol-</span> 
     </span>
     <span class='ocr_line' id='line_1_33' title="bbox 223 1290 1239 1338; baseline 0 -12"><span class='ocrx_word' id='word_1_234' title='bbox 223 1295 292 1328; x_wconf 91' lang='lat' dir='ltr'><strong>lon.</strong></span> <span class='ocrx_word' id='word_1_235' title='bbox 311 1295 380 1327; x_wconf 81' lang='lat' dir='ltr'><strong>lex.</strong></span> <span class='ocrx_word' id='word_1_236' title='bbox 401 1295 498 1326; x_wconf 92' lang='lat' dir='ltr'><strong>Hom.</strong></span> <span class='ocrx_word' id='word_1_237' title='bbox 520 1305 552 1326; x_wconf 77' lang='lat' dir='ltr'>V.</span> <span class='ocrx_word' id='word_1_238' title='bbox 576 1292 729 1331; x_wconf 73' lang='grc' dir='ltr'>σάκοςτ</span> <span class='ocrx_word' id='word_1_239' title='bbox 750 1291 862 1331; x_wconf 88' lang='grc' dir='ltr'>ἀσπίς.</span> <span class='ocrx_word' id='word_1_240' title='bbox 892 1290 950 1338; x_wconf 81' lang='grc' dir='ltr'>ἀφ’</span> <span class='ocrx_word' id='word_1_241' title='bbox 969 1291 1007 1326; x_wconf 80' lang='grc' dir='ltr'>οὔ</span> <span class='ocrx_word' id='word_1_242' title='bbox 1025 1291 1084 1326; x_wconf 89' lang='grc' dir='ltr'>καὶ</span> <span class='ocrx_word' id='word_1_243' title='bbox 1102 1291 1134 1325; x_wconf 85' lang='grc' dir='ltr'>οἱ</span> <span class='ocrx_word' id='word_1_244' title='bbox 1150 1293 1239 1326; x_wconf 90' lang='grc' dir='ltr'>νεώ-</span> 
     </span>
     <span class='ocr_line' id='line_1_34' title="bbox 224 1337 1235 1387; baseline -0.002 -13"><span class='ocrx_word' id='word_1_245' title='bbox 224 1352 314 1387; x_wconf 90' lang='grc' dir='ltr'>τεροι</span> <span class='ocrx_word' id='word_1_246' title='bbox 333 1339 468 1387; x_wconf 80' lang='grc' dir='ltr'>σάγην</span> <span class='ocrx_word' id='word_1_247' title='bbox 493 1340 556 1387; x_wconf 80' lang='grc' dir='ltr'>τὴν</span> <span class='ocrx_word' id='word_1_248' title='bbox 571 1338 656 1387; x_wconf 84' lang='grc' dir='ltr'>ὅλην</span> <span class='ocrx_word' id='word_1_249' title='bbox 673 1338 866 1375; x_wconf 82' lang='grc' dir='ltr'>πανοπλίαν</span> <span class='ocrx_word' id='word_1_250' title='bbox 880 1338 1037 1387; x_wconf 78' lang='grc' dir='ltr'>λέγουσιν</span> <span class='ocrx_word' id='word_1_251' title='bbox 1050 1367 1058 1382; x_wconf 95' lang='grc'>,</span> <span class='ocrx_word' id='word_1_252' title='bbox 1079 1339 1127 1377; x_wconf 81' lang='grc' dir='ltr'>ὡς</span> <span class='ocrx_word' id='word_1_253' title='bbox 1148 1337 1235 1385; x_wconf 91' lang='grc' dir='ltr'>Σοφ.</span> 
     </span>
     <span class='ocr_line' id='line_1_35' title="bbox 226 1386 1239 1433; baseline -0.001 -13"><span class='ocrx_word' id='word_1_254' title='bbox 226 1389 327 1429; x_wconf 87' lang='lat' dir='ltr'>Apud</span> <span class='ocrx_word' id='word_1_255' title='bbox 350 1389 569 1429; x_wconf 88' lang='lat' dir='ltr'>Apollonium</span> <span class='ocrx_word' id='word_1_256' title='bbox 598 1389 775 1429; x_wconf 83' lang='lat' dir='ltr'>legebatur</span> <span class='ocrx_word' id='word_1_257' title='bbox 800 1386 947 1433; x_wconf 78' lang='grc' dir='ltr'>σακτήν,</span> <span class='ocrx_word' id='word_1_258' title='bbox 988 1388 1239 1420; x_wconf 86' lang='lat' dir='ltr'>emendandum</span> 
     </span>
     <span class='ocr_line' id='line_1_36' title="bbox 226 1432 1235 1482; baseline -0.001 -15"><span class='ocrx_word' id='word_1_259' title='bbox 226 1445 269 1467; x_wconf 79' lang='lat' dir='ltr'>ex</span> <span class='ocrx_word' id='word_1_260' title='bbox 285 1436 454 1476; x_wconf 87' lang='lat' dir='ltr'>Hesychio</span> <span class='ocrx_word' id='word_1_261' title='bbox 479 1447 511 1468; x_wconf 85' lang='lat' dir='ltr'>v.</span> <span class='ocrx_word' id='word_1_262' title='bbox 534 1434 662 1482; x_wconf 74' lang='grc' dir='ltr'>σάγηε</span> <span class='ocrx_word' id='word_1_263' title='bbox 699 1432 723 1480; x_wconf 85' lang='grc' dir='ltr'>ἡ</span> <span class='ocrx_word' id='word_1_264' title='bbox 751 1433 815 1481; x_wconf 83' lang='grc' dir='ltr'>ὅλη</span> <span class='ocrx_word' id='word_1_265' title='bbox 833 1432 1024 1476; x_wconf 82' lang='grc' dir='ltr'>πανοπλία,</span> <span class='ocrx_word' id='word_1_266' title='bbox 1055 1439 1089 1467; x_wconf 92' lang='lat' dir='ltr'>et</span> <span class='ocrx_word' id='word_1_267' title='bbox 1112 1435 1178 1467; x_wconf 88' lang='lat' dir='ltr'>EM</span> <span class='ocrx_word' id='word_1_268' title='bbox 1201 1445 1235 1476; x_wconf 88' lang='lat' dir='ltr'>p.</span> 
     </span>
     <span class='ocr_line' id='line_1_37' title="bbox 225 1479 1235 1522; baseline -0.001 -7"><span class='ocrx_word' id='word_1_269' title='bbox 225 1479 306 1522; x_wconf 90' lang='grc'>707,</span> <span class='ocrx_word' id='word_1_270' title='bbox 326 1480 383 1515; x_wconf 90' lang='grc'>24.</span> <span class='ocrx_word' id='word_1_271' title='bbox 419 1483 471 1515; x_wconf 84' lang='lat' dir='ltr'>De</span> <span class='ocrx_word' id='word_1_272' title='bbox 489 1488 629 1515; x_wconf 85' lang='lat' dir='ltr'>accentu</span> <span class='ocrx_word' id='word_1_273' title='bbox 646 1483 839 1515; x_wconf 87' lang='lat' dir='ltr'>dissensum</span> <span class='ocrx_word' id='word_1_274' title='bbox 862 1484 970 1515; x_wconf 85' lang='lat' dir='ltr'>fuisse</span> <span class='ocrx_word' id='word_1_275' title='bbox 992 1492 1036 1515; x_wconf 76' lang='lat' dir='ltr'>ex</span> <span class='ocrx_word' id='word_1_276' title='bbox 1053 1483 1235 1515; x_wconf 88' lang='lat' dir='ltr'>Herodian.</span> 
     </span>
     <span class='ocr_line' id='line_1_38' title="bbox 227 1527 1237 1572; baseline 0 -11"><span class='ocrx_word' id='word_1_277' title='bbox 227 1541 279 1572; x_wconf 85' lang='lat' dir='ltr'>ap.</span> <span class='ocrx_word' id='word_1_278' title='bbox 302 1531 422 1562; x_wconf 83' lang='lat' dir='ltr'>Arcad.</span> <span class='ocrx_word' id='word_1_279' title='bbox 455 1531 596 1562; x_wconf 82' lang='lat' dir='ltr'>discitur</span> <span class='ocrx_word' id='word_1_280' title='bbox 619 1540 652 1571; x_wconf 90' lang='lat' dir='ltr'>p.</span> <span class='ocrx_word' id='word_1_281' title='bbox 683 1527 761 1562; x_wconf 89' lang='grc'>104.</span> <span class='ocrx_word' id='word_1_282' title='bbox 781 1527 839 1562; x_wconf 81' lang='lat'>25.</span> <span class='ocrx_word' id='word_1_283' title='bbox 871 1534 964 1562; x_wconf 89' lang='lat' dir='ltr'>recte</span> <span class='ocrx_word' id='word_1_284' title='bbox 993 1534 1109 1562; x_wconf 86' lang='lat' dir='ltr'>tamen</span> <span class='ocrx_word' id='word_1_285' title='bbox 1134 1531 1237 1570; x_wconf 87' lang='lat' dir='ltr'>signi-</span> 
     </span>
     <span class='ocr_line' id='line_1_39' title="bbox 227 1578 1119 1619; baseline 0.002 -11"><span class='ocrx_word' id='word_1_286' title='bbox 227 1578 384 1610; x_wconf 83' lang='lat' dir='ltr'>ficatione</span> <span class='ocrx_word' id='word_1_287' title='bbox 401 1581 573 1618; x_wconf 79' lang='lat' dir='ltr'>concreta,</span> <span class='ocrx_word' id='word_1_288' title='bbox 603 1588 703 1619; x_wconf 87' lang='lat' dir='ltr'>quam</span> <span class='ocrx_word' id='word_1_289' title='bbox 720 1581 857 1618; x_wconf 84' lang='lat' dir='ltr'>vocant,</span> <span class='ocrx_word' id='word_1_290' title='bbox 878 1587 1119 1619; x_wconf 84' lang='lat' dir='ltr'>penacuemuS.</span> 
     </span>
    </p>
   </div>
   <div class='ocr_carea' id='block_1_12' title="bbox 226 1632 1239 1728">
    <p class='ocr_par' dir='ltr' id='par_1_13' title="bbox 226 1632 1239 1728">
     <span class='ocr_line' id='line_1_40' title="bbox 295 1632 1239 1683; baseline -0.002 -13"><span class='ocrx_word' id='word_1_291' title='bbox 295 1632 492 1683; x_wconf 79' lang='grc' dir='ltr'>[*Σάγμα</span> <span class='ocrx_word' id='word_1_292' title='bbox 516 1638 595 1668; x_wconf 90' lang='lat' dir='ltr'>olim</span> <span class='ocrx_word' id='word_1_293' title='bbox 621 1646 663 1668; x_wconf 82' lang='lat' dir='ltr'>ex</span> <span class='ocrx_word' id='word_1_294' title='bbox 688 1638 728 1669; x_wconf 85' lang='lat' dir='ltr'>fr.</span> <span class='ocrx_word' id='word_1_295' title='bbox 750 1637 818 1668; x_wconf 90' lang='lat' dir='ltr'>inc.</span> <span class='ocrx_word' id='word_1_296' title='bbox 840 1633 919 1669; x_wconf 87' lang='grc'>939.</span> <span class='ocrx_word' id='word_1_297' title='bbox 959 1637 1111 1678; x_wconf 76' lang='lat' dir='ltr'>Sophocli</span> <span class='ocrx_word' id='word_1_298' title='bbox 1130 1638 1239 1669; x_wconf 88' lang='lat' dir='ltr'>tribu-</span> 
     </span>
     <span class='ocr_line' id='line_1_41' title="bbox 226 1680 1105 1728; baseline 0.002 -14"><span class='ocrx_word' id='word_1_299' title='bbox 226 1686 299 1715; x_wconf 87' lang='lat' dir='ltr'>tum</span> <span class='ocrx_word' id='word_1_300' title='bbox 312 1708 320 1723; x_wconf 90' lang='lat'><strong>,</strong></span> <span class='ocrx_word' id='word_1_301' title='bbox 342 1693 434 1716; x_wconf 88' lang='lat' dir='ltr'>nunc</span> <span class='ocrx_word' id='word_1_302' title='bbox 450 1684 570 1725; x_wconf 87' lang='lat' dir='ltr'>Eurip.</span> <span class='ocrx_word' id='word_1_303' title='bbox 591 1684 752 1716; x_wconf 84' lang='lat' dir='ltr'><strong>Androm.</strong></span> <span class='ocrx_word' id='word_1_304' title='bbox 774 1680 855 1716; x_wconf 86' lang='lat'><strong>617.</strong></span> <span class='ocrx_word' id='word_1_305' title='bbox 876 1682 1105 1728; x_wconf 69' lang='lat' dir='ltr'>restitutum]</span> 
     </span>
    </p>
   </div>
   <div class='ocr_carea' id='block_1_13' title="bbox 180 1738 1241 2962">
    <p class='ocr_par' dir='ltr' id='par_1_14' title="bbox 180 1738 1241 2639">
     <span class='ocr_line' id='line_1_42' title="bbox 295 1738 1234 1785; baseline -0.002 -10"><span class='ocrx_word' id='word_1_306' title='bbox 295 1738 438 1775; x_wconf 91' lang='grc' dir='ltr'>Σαίνω</span> <span class='ocrx_word' id='word_1_307' title='bbox 464 1742 627 1774; x_wconf 79' lang='lat' dir='ltr'>blandior.</span> <span class='ocrx_word' id='word_1_308' title='bbox 670 1743 722 1774; x_wconf 88' lang='lat' dir='ltr'>De</span> <span class='ocrx_word' id='word_1_309' title='bbox 748 1752 827 1775; x_wconf 82' lang='lat' dir='ltr'>cane</span> <span class='ocrx_word' id='word_1_310' title='bbox 851 1744 1046 1785; x_wconf 89' lang='lat' dir='ltr'>proprium,</span> <span class='ocrx_word' id='word_1_311' title='bbox 1076 1742 1170 1774; x_wconf 90' lang='lat' dir='ltr'><strong>Phot.</strong></span> <span class='ocrx_word' id='word_1_312' title='bbox 1200 1753 1234 1783; x_wconf 87' lang='lat' dir='ltr'>p.</span> 
     </span>
     <span class='ocr_line' id='line_1_43' title="bbox 223 1783 1239 1831; baseline 0.002 -10"><span class='ocrx_word' id='word_1_313' title='bbox 223 1785 304 1829; x_wconf 83' lang='lat'>496,</span> <span class='ocrx_word' id='word_1_314' title='bbox 324 1786 357 1821; x_wconf 86' lang='lat'>9.</span> <span class='ocrx_word' id='word_1_315' title='bbox 386 1799 490 1831; x_wconf 86' lang='lat' dir='ltr'>equos</span> <span class='ocrx_word' id='word_1_316' title='bbox 514 1790 608 1821; x_wconf 89' lang='lat' dir='ltr'>addit</span> <span class='ocrx_word' id='word_1_317' title='bbox 631 1790 694 1821; x_wconf 90' lang='lat' dir='ltr'>EM</span> <span class='ocrx_word' id='word_1_318' title='bbox 719 1801 752 1831; x_wconf 88' lang='lat' dir='ltr'>p.</span> <span class='ocrx_word' id='word_1_319' title='bbox 774 1787 860 1829; x_wconf 75' lang='grc'>709,</span> <span class='ocrx_word' id='word_1_320' title='bbox 884 1787 938 1823; x_wconf 83' lang='grc'>18.</span> <span class='ocrx_word' id='word_1_321' title='bbox 975 1783 1077 1824; x_wconf 71' lang='grc' dir='ltr'>ἔσαιν’</span> <span class='ocrx_word' id='word_1_322' title='bbox 1103 1783 1151 1823; x_wconf 76' lang='grc' dir='ltr'>ἐπ’</span> <span class='ocrx_word' id='word_1_323' title='bbox 1179 1788 1239 1823; x_wconf 85' lang='grc' dir='ltr'>ού-</span> 
     </span>
     <span class='ocr_line' id='line_1_44' title="bbox 225 1834 1237 1880; baseline 0 -11"><span class='ocrx_word' id='word_1_324' title='bbox 225 1834 286 1880; x_wconf 84' lang='grc' dir='ltr'>ρὰν</span> <span class='ocrx_word' id='word_1_325' title='bbox 303 1835 376 1870; x_wconf 79' lang='grc' dir='ltr'>ὦτα</span> <span class='ocrx_word' id='word_1_326' title='bbox 392 1834 587 1870; x_wconf 89' lang='grc' dir='ltr'>κυλλαίνων</span> <span class='ocrx_word' id='word_1_327' title='bbox 604 1835 701 1870; x_wconf 87' lang='grc' dir='ltr'>κάτω</span> <span class='ocrx_word' id='word_1_328' title='bbox 718 1837 858 1870; x_wconf 89' lang='lat' dir='ltr'>Phaedr.</span> <span class='ocrx_word' id='word_1_329' title='bbox 881 1839 922 1869; x_wconf 78' lang='lat' dir='ltr'>fr.</span> <span class='ocrx_word' id='word_1_330' title='bbox 944 1834 1023 1869; x_wconf 87' lang='grc'>619.</span> <span class='ocrx_word' id='word_1_331' title='bbox 1048 1837 1103 1870; x_wconf 89' lang='lat' dir='ltr'>Sic</span> <span class='ocrx_word' id='word_1_332' title='bbox 1120 1847 1237 1870; x_wconf 89' lang='lat' dir='ltr'>emen-</span> 
     </span>
     <span class='ocr_line' id='line_1_45' title="bbox 225 1882 1234 1926; baseline 0.002 -11"><span class='ocrx_word' id='word_1_333' title='bbox 225 1883 324 1916; x_wconf 82' lang='lat' dir='ltr'>datus</span> <span class='ocrx_word' id='word_1_334' title='bbox 341 1884 530 1924; x_wconf 81' lang='lat' dir='ltr'>Hesychius</span> <span class='ocrx_word' id='word_1_335' title='bbox 548 1888 600 1916; x_wconf 86' lang='lat' dir='ltr'>est</span> <span class='ocrx_word' id='word_1_336' title='bbox 624 1895 656 1917; x_wconf 83' lang='lat' dir='ltr'>v,</span> <span class='ocrx_word' id='word_1_337' title='bbox 685 1882 880 1918; x_wconf 89' lang='grc' dir='ltr'>κυλλαίνων</span> <span class='ocrx_word' id='word_1_338' title='bbox 905 1883 1020 1926; x_wconf 86' lang='grc' dir='ltr'>κάτω,</span> <span class='ocrx_word' id='word_1_339' title='bbox 1050 1886 1147 1917; x_wconf 91' lang='lat' dir='ltr'>cuius</span> <span class='ocrx_word' id='word_1_340' title='bbox 1165 1885 1234 1917; x_wconf 89' lang='lat' dir='ltr'><strong>cod.</strong></span> 
     </span>
     <span class='ocr_line' id='line_1_46' title="bbox 225 1927 1239 1977; baseline 0 -13"><span class='ocrx_word' id='word_1_341' title='bbox 225 1927 319 1964; x_wconf 81' lang='grc' dir='ltr'>ἔσται</span> <span class='ocrx_word' id='word_1_342' title='bbox 336 1928 494 1977; x_wconf 80' lang='grc' dir='ltr'>ἐποῦραν.</span> <span class='ocrx_word' id='word_1_343' title='bbox 525 1929 685 1965; x_wconf 85' lang='grc' dir='ltr'>σαίνουσα</span> <span class='ocrx_word' id='word_1_344' title='bbox 703 1929 836 1969; x_wconf 81' lang='grc' dir='ltr'>δάκνεις</span> <span class='ocrx_word' id='word_1_345' title='bbox 862 1933 927 1964; x_wconf 87' lang='lat' dir='ltr'>inc.</span> <span class='ocrx_word' id='word_1_346' title='bbox 957 1934 999 1964; x_wconf 86' lang='lat' dir='ltr'>fr.</span> <span class='ocrx_word' id='word_1_347' title='bbox 1028 1929 1118 1974; x_wconf 87' lang='lat'><strong>902,</strong></span> <span class='ocrx_word' id='word_1_348' title='bbox 1150 1933 1239 1973; x_wconf 89' lang='lat' dir='ltr'>quod</span> 
     </span>
     <span class='ocr_line' id='line_1_47' title="bbox 224 1977 1240 2021; baseline 0.002 -12"><span class='ocrx_word' id='word_1_349' title='bbox 224 1977 266 2010; x_wconf 89' lang='lat' dir='ltr'>de</span> <span class='ocrx_word' id='word_1_350' title='bbox 282 1978 466 2011; x_wconf 84' lang='lat' dir='ltr'>insidiante</span> <span class='ocrx_word' id='word_1_351' title='bbox 483 1979 620 2020; x_wconf 87' lang='lat' dir='ltr'>quidem</span> <span class='ocrx_word' id='word_1_352' title='bbox 639 1979 784 2019; x_wconf 87' lang='lat' dir='ltr'>dictum,</span> <span class='ocrx_word' id='word_1_353' title='bbox 818 1979 877 2011; x_wconf 88' lang='lat' dir='ltr'>sed</span> <span class='ocrx_word' id='word_1_354' title='bbox 899 1990 976 2011; x_wconf 92' lang='lat' dir='ltr'>cum</span> <span class='ocrx_word' id='word_1_355' title='bbox 1003 1989 1084 2012; x_wconf 89' lang='lat' dir='ltr'>cane</span> <span class='ocrx_word' id='word_1_356' title='bbox 1109 1989 1240 2021; x_wconf 83' lang='lat' dir='ltr'>compa-</span> 
     </span>
     <span class='ocr_line' id='line_1_48' title="bbox 223 2023 1234 2069; baseline 0.001 -12"><span class='ocrx_word' id='word_1_357' title='bbox 223 2028 305 2058; x_wconf 82' lang='lat' dir='ltr'>rato.</span> <span class='ocrx_word' id='word_1_358' title='bbox 350 2023 463 2069; x_wconf 88' lang='lat' dir='ltr'>[Quod</span> <span class='ocrx_word' id='word_1_359' title='bbox 488 2026 720 2067; x_wconf 78' lang='lat' dir='ltr'>adstipulante</span> <span class='ocrx_word' id='word_1_360' title='bbox 747 2027 849 2060; x_wconf 88' lang='lat' dir='ltr'>schol.</span> <span class='ocrx_word' id='word_1_361' title='bbox 878 2027 983 2059; x_wconf 86' lang='lat' dir='ltr'>Arist.</span> <span class='ocrx_word' id='word_1_362' title='bbox 1013 2027 1101 2068; x_wconf 90' lang='lat' dir='ltr'>qu.</span> <span class='ocrx_word' id='word_1_363' title='bbox 1133 2024 1234 2059; x_wconf 86' lang='lat'><strong>1028.</strong></span> 
     </span>
     <span class='ocr_line' id='line_1_49' title="bbox 224 2072 1241 2119; baseline 0.004 -16"><span class='ocrx_word' id='word_1_364' title='bbox 224 2072 316 2104; x_wconf 89' lang='lat' dir='ltr'>inter</span> <span class='ocrx_word' id='word_1_365' title='bbox 332 2073 508 2113; x_wconf 87' lang='lat' dir='ltr'>proverbia</span> <span class='ocrx_word' id='word_1_366' title='bbox 523 2074 659 2105; x_wconf 86' lang='lat' dir='ltr'>rettulit</span> <span class='ocrx_word' id='word_1_367' title='bbox 678 2073 817 2106; x_wconf 86' lang='lat' dir='ltr'>Sueton.</span> <span class='ocrx_word' id='word_1_368' title='bbox 841 2075 964 2115; x_wconf 87' lang='lat' dir='ltr'>Tranq.</span> <span class='ocrx_word' id='word_1_369' title='bbox 985 2075 1021 2105; x_wconf 89' lang='lat' dir='ltr'>in</span> <span class='ocrx_word' id='word_1_370' title='bbox 1038 2075 1152 2106; x_wconf 90' lang='lat' dir='ltr'>libello</span> <span class='ocrx_word' id='word_1_371' title='bbox 1165 2073 1241 2119; x_wconf 86' lang='grc' dir='ltr'>περὶ</span> 
     </span>
     <span class='ocr_line' id='line_1_50' title="bbox 226 2116 1236 2166; baseline 0.001 -15"><span class='ocrx_word' id='word_1_372' title='bbox 226 2116 454 2166; x_wconf 85' lang='grc' dir='ltr'>βλασφημιῶν</span> <span class='ocrx_word' id='word_1_373' title='bbox 482 2121 518 2152; x_wconf 92' lang='lat' dir='ltr'>in</span> <span class='ocrx_word' id='word_1_374' title='bbox 548 2121 671 2152; x_wconf 90' lang='lat' dir='ltr'>Milleri</span> <span class='ocrx_word' id='word_1_375' title='bbox 700 2121 783 2153; x_wconf 90' lang='lat' dir='ltr'>libro</span> <span class='ocrx_word' id='word_1_376' title='bbox 811 2119 1000 2164; x_wconf 71' lang='lat' dir='ltr'>(Melanges</span> <span class='ocrx_word' id='word_1_377' title='bbox 1030 2120 1114 2165; x_wconf 82' lang='lat' dir='ltr'>eto.)</span> <span class='ocrx_word' id='word_1_378' title='bbox 1143 2132 1169 2153; x_wconf 90' lang='lat' dir='ltr'>s.</span> <span class='ocrx_word' id='word_1_379' title='bbox 1204 2133 1236 2153; x_wconf 79' lang='lat' dir='ltr'>v.</span> 
     </span>
     <span class='ocr_line' id='line_1_51' title="bbox 229 2163 1240 2211; baseline 0.001 -12"><span class='ocrx_word' id='word_1_380' title='bbox 229 2163 313 2205; x_wconf 79' lang='grc' dir='ltr'>ἄναξ</span> <span class='ocrx_word' id='word_1_381' title='bbox 328 2167 475 2199; x_wconf 88' lang='lat' dir='ltr'>indicato</span> <span class='ocrx_word' id='word_1_382' title='bbox 492 2177 526 2209; x_wconf 89' lang='lat' dir='ltr'><strong>p.</strong></span> <span class='ocrx_word' id='word_1_383' title='bbox 546 2164 646 2211; x_wconf 91' lang='grc'>417.]</span> <span class='ocrx_word' id='word_1_384' title='bbox 687 2168 775 2200; x_wconf 84' lang='lat' dir='ltr'>Hinc</span> <span class='ocrx_word' id='word_1_385' title='bbox 789 2170 895 2208; x_wconf 72' lang='lat' dir='ltr'>piace-⁹</span> <span class='ocrx_word' id='word_1_386' title='bbox 913 2169 1013 2200; x_wconf 84' lang='lat' dir='ltr'>etiam</span> <span class='ocrx_word' id='word_1_387' title='bbox 1035 2169 1150 2200; x_wconf 83' lang='lat' dir='ltr'>caudis</span> <span class='ocrx_word' id='word_1_388' title='bbox 1168 2170 1240 2209; x_wconf 85' lang='lat' dir='ltr'>agi-</span> 
     </span>
     <span class='ocr_line' id='line_1_52' title="bbox 228 2213 1240 2262; baseline 0.004 -18"><span class='ocrx_word' id='word_1_389' title='bbox 228 2213 342 2245; x_wconf 78' lang='lat' dir='ltr'>tandis</span> <span class='ocrx_word' id='word_1_390' title='bbox 359 2214 526 2246; x_wconf 90' lang='lat' dir='ltr'>dominam</span> <span class='ocrx_word' id='word_1_391' title='bbox 543 2216 772 2246; x_wconf 86' lang='lat' dir='ltr'>consalutasse</span> <span class='ocrx_word' id='word_1_392' title='bbox 793 2216 901 2247; x_wconf 87' lang='lat' dir='ltr'>laetae</span> <span class='ocrx_word' id='word_1_393' title='bbox 926 2216 1105 2248; x_wconf 86' lang='lat' dir='ltr'>dicuntur:</span> <span class='ocrx_word' id='word_1_394' title='bbox 1135 2215 1240 2262; x_wconf 74' lang='grc' dir='ltr'>γορὸς</span> 
     </span>
     <span class='ocr_line' id='line_1_53' title="bbox 224 2256 1239 2342; baseline 0.004 -50"><span class='ocrx_word' id='word_1_395' title='bbox 224 2257 254 2292; x_wconf 86' lang='grc' dir='ltr'>δ’</span> <span class='ocrx_word' id='word_1_396' title='bbox 271 2257 428 2294; x_wconf 83' lang='grc' dir='ltr'>ἀναύδων</span> <span class='ocrx_word' id='word_1_397' title='bbox 447 2258 578 2307; x_wconf 81' lang='grc' dir='ltr'>ἰχθύων</span> <span class='ocrx_word' id='word_1_398' title='bbox 597 2258 773 2342; x_wconf 59' lang='grc' dir='ltr'>ἐπερρόθει</span> <span class='ocrx_word' id='word_1_399' title='bbox 798 2260 964 2296; x_wconf 87' lang='grc' dir='ltr'>σαίνουσιν</span> <span class='ocrx_word' id='word_1_400' title='bbox 992 2256 1159 2308; x_wconf 78' lang='grc' dir='ltr'>οὐραίοισὶ</span> <span class='ocrx_word' id='word_1_401' title='bbox 1175 2262 1239 2308; x_wconf 81' lang='grc' dir='ltr'>τήν</span> 
     </span>
     <span class='ocr_line' id='line_1_54' title="bbox 225 2305 1240 2353; baseline 0.002 -13"><span class='ocrx_word' id='word_1_402' title='bbox 225 2305 444 2353; x_wconf 84' lang='grc' dir='ltr'>κεκτημένην</span> <span class='ocrx_word' id='word_1_403' title='bbox 471 2310 537 2340; x_wconf 90' lang='lat' dir='ltr'>inc.</span> <span class='ocrx_word' id='word_1_404' title='bbox 559 2305 647 2350; x_wconf 85' lang='lat'>700,</span> <span class='ocrx_word' id='word_1_405' title='bbox 695 2335 701 2342; x_wconf 92' lang='lat'>.</span> <span class='ocrx_word' id='word_1_406' title='bbox 738 2310 885 2342; x_wconf 87' lang='lat' dir='ltr'>Brunck.</span> <span class='ocrx_word' id='word_1_407' title='bbox 923 2308 1105 2347; x_wconf 89' lang='grc' dir='ltr'>σαίνοντες.</span> <span class='ocrx_word' id='word_1_408' title='bbox 1150 2311 1240 2342; x_wconf 88' lang='lat' dir='ltr'>Illud</span> 
     </span>
     <span class='ocr_line' id='line_1_55' title="bbox 225 2354 1240 2403; baseline 0.004 -17"><span class='ocrx_word' id='word_1_409' title='bbox 225 2355 319 2395; x_wconf 86' lang='lat' dir='ltr'>prius</span> <span class='ocrx_word' id='word_1_410' title='bbox 348 2355 376 2386; x_wconf 90' lang='lat' dir='ltr'>si</span> <span class='ocrx_word' id='word_1_411' title='bbox 406 2364 523 2387; x_wconf 86' lang='lat' dir='ltr'>verum</span> <span class='ocrx_word' id='word_1_412' title='bbox 555 2359 623 2397; x_wconf 88' lang='lat' dir='ltr'>est,</span> <span class='ocrx_word' id='word_1_413' title='bbox 665 2354 902 2403; x_wconf 84' lang='grc' dir='ltr'>ἐπιρροθεῖ</span> <span class='ocrx_word' id='word_1_414' title='bbox 927 2358 1162 2399; x_wconf 89' lang='lat' dir='ltr'>scribendum,</span> <span class='ocrx_word' id='word_1_415' title='bbox 1200 2362 1240 2390; x_wconf 91' lang='lat' dir='ltr'>ut</span> 
     </span>
     <span class='ocr_line' id='line_1_56' title="bbox 230 2402 1237 2444; baseline 0.003 -11"><span class='ocrx_word' id='word_1_416' title='bbox 230 2402 370 2433; x_wconf 84' lang='lat' dir='ltr'>fortasse</span> <span class='ocrx_word' id='word_1_417' title='bbox 387 2403 477 2434; x_wconf 86' lang='lat' dir='ltr'>inter</span> <span class='ocrx_word' id='word_1_418' title='bbox 494 2403 723 2444; x_wconf 86' lang='lat' dir='ltr'>colloquentes</span> <span class='ocrx_word' id='word_1_419' title='bbox 740 2405 823 2436; x_wconf 90' lang='lat' dir='ltr'>duos</span> <span class='ocrx_word' id='word_1_420' title='bbox 841 2414 959 2436; x_wconf 87' lang='lat' dir='ltr'>versus</span> <span class='ocrx_word' id='word_1_421' title='bbox 976 2405 1237 2437; x_wconf 86' lang='lat' dir='ltr'>distribuantur.</span> 
     </span>
     <span class='ocr_line' id='line_1_57' title="bbox 229 2448 1234 2494; baseline 0.005 -14"><span class='ocrx_word' id='word_1_422' title='bbox 229 2448 370 2490; x_wconf 86' lang='lat' dir='ltr'>Copiose</span> <span class='ocrx_word' id='word_1_423' title='bbox 386 2449 570 2482; x_wconf 82' lang='lat' dir='ltr'>illustravit</span> <span class='ocrx_word' id='word_1_424' title='bbox 586 2451 667 2483; x_wconf 90' lang='lat' dir='ltr'>haec</span> <span class='ocrx_word' id='word_1_425' title='bbox 684 2452 799 2483; x_wconf 87' lang='lat' dir='ltr'>Valck.</span> <span class='ocrx_word' id='word_1_426' title='bbox 822 2452 864 2483; x_wconf 85' lang='lat' dir='ltr'>ad</span> <span class='ocrx_word' id='word_1_427' title='bbox 881 2451 964 2484; x_wconf 87' lang='lat' dir='ltr'>Eur.</span> <span class='ocrx_word' id='word_1_428' title='bbox 997 2452 1134 2494; x_wconf 83' lang='lat' dir='ltr'><strong>Hippol.</strong></span> <span class='ocrx_word' id='word_1_429' title='bbox 1155 2449 1234 2485; x_wconf 89' lang='lat'><strong>862.</strong></span> 
     </span>
     <span class='ocr_line' id='line_1_58' title="bbox 227 2495 1239 2540; baseline 0.004 -13"><span class='ocrx_word' id='word_1_430' title='bbox 227 2496 270 2527; x_wconf 75' lang='lat' dir='ltr'>cf.</span> <span class='ocrx_word' id='word_1_431' title='bbox 290 2495 441 2529; x_wconf 88' lang='lat' dir='ltr'>Pierson.</span> <span class='ocrx_word' id='word_1_432' title='bbox 463 2498 612 2530; x_wconf 82' lang='lat' dir='ltr'>verisim.</span> <span class='ocrx_word' id='word_1_433' title='bbox 635 2509 667 2539; x_wconf 90' lang='lat' dir='ltr'>p.</span> <span class='ocrx_word' id='word_1_434' title='bbox 690 2495 747 2531; x_wconf 85' lang='lat'>72.</span> <span class='ocrx_word' id='word_1_435' title='bbox 769 2499 887 2531; x_wconf 81' lang='lat' dir='ltr'>Blomf.</span> <span class='ocrx_word' id='word_1_436' title='bbox 910 2500 954 2538; x_wconf 85' lang='lat' dir='ltr'>gl.</span> <span class='ocrx_word' id='word_1_437' title='bbox 976 2499 1070 2540; x_wconf 88' lang='lat' dir='ltr'>Sept.</span> <span class='ocrx_word' id='word_1_438' title='bbox 1092 2496 1172 2531; x_wconf 88' lang='lat'><strong>379.</strong></span> <span class='ocrx_word' id='word_1_439' title='bbox 1193 2517 1239 2523; x_wconf 87' lang='lat'>—</span> 
     </span>
     <span class='ocr_line' id='line_1_59' title="bbox 223 2542 1238 2592; baseline 0.005 -18"><span class='ocrx_word' id='word_1_440' title='bbox 223 2542 314 2574; x_wconf 87' lang='lat' dir='ltr'>Hinc</span> <span class='ocrx_word' id='word_1_441' title='bbox 326 2543 368 2575; x_wconf 90' lang='lat' dir='ltr'>de</span> <span class='ocrx_word' id='word_1_442' title='bbox 384 2553 460 2575; x_wconf 80' lang='lat' dir='ltr'>voce</span> <span class='ocrx_word' id='word_1_443' title='bbox 483 2554 579 2575; x_wconf 80' lang='lat' dir='ltr'>aures</span> <span class='ocrx_word' id='word_1_444' title='bbox 599 2547 756 2585; x_wconf 54' lang='lat' dir='ltr'>pausante</span> <span class='ocrx_word' id='word_1_445' title='bbox 780 2543 900 2583; x_wconf 84' lang='grc' dir='ltr'>παιδός</span> <span class='ocrx_word' id='word_1_446' title='bbox 926 2557 969 2591; x_wconf 86' lang='grc' dir='ltr'>με</span> <span class='ocrx_word' id='word_1_447' title='bbox 997 2543 1100 2579; x_wconf 85' lang='grc' dir='ltr'>σαίνει</span> <span class='ocrx_word' id='word_1_448' title='bbox 1126 2544 1238 2592; x_wconf 79' lang='grc' dir='ltr'>φθόγ-</span> 
     </span>
     <span class='ocr_line' id='line_1_60' title="bbox 180 2586 1238 2639; baseline 0.005 -17"><span class='ocrx_word' id='word_1_449' title='bbox 180 2605 183 2607; x_wconf 87' lang='grc'>-</span> <span class='ocrx_word' id='word_1_450' title='bbox 223 2599 283 2634; x_wconf 81' lang='grc' dir='ltr'>γος</span> <span class='ocrx_word' id='word_1_451' title='bbox 300 2590 382 2622; x_wconf 83' lang='lat' dir='ltr'><strong>Ant.</strong></span> <span class='ocrx_word' id='word_1_452' title='bbox 406 2586 506 2622; x_wconf 87' lang='grc'>1214.</span> <span class='ocrx_word' id='word_1_453' title='bbox 542 2592 594 2623; x_wconf 90' lang='lat' dir='ltr'>De</span> <span class='ocrx_word' id='word_1_454' title='bbox 612 2592 769 2632; x_wconf 72' lang='lat' dir='ltr'>adspectu</span> <span class='ocrx_word' id='word_1_455' title='bbox 795 2591 922 2638; x_wconf 80' lang='grc' dir='ltr'>φαιδρὰ</span> <span class='ocrx_word' id='word_1_456' title='bbox 939 2595 1019 2639; x_wconf 78' lang='grc' dir='ltr'>γοῦν</span> <span class='ocrx_word' id='word_1_457' title='bbox 1043 2587 1101 2626; x_wconf 70' lang='grc' dir='ltr'>ἀπ’</span> <span class='ocrx_word' id='word_1_458' title='bbox 1118 2592 1238 2638; x_wconf 85' lang='grc' dir='ltr'>ὀμμά-</span> 
     </span>
    </p>

    <p class='ocr_par' dir='ltr' id='par_1_15' title="bbox 223 2634 1238 2962">
     <span class='ocr_line' id='line_1_61' title="bbox 223 2634 1237 2686; baseline 0.006 -18"><span class='ocrx_word' id='word_1_459' title='bbox 223 2646 292 2669; x_wconf 86' lang='grc' dir='ltr'>των</span> <span class='ocrx_word' id='word_1_460' title='bbox 322 2634 428 2669; x_wconf 87' lang='grc' dir='ltr'>σαίνει</span> <span class='ocrx_word' id='word_1_461' title='bbox 445 2648 499 2681; x_wconf 64' lang='grc' dir='ltr'>’με</span> <span class='ocrx_word' id='word_1_462' title='bbox 528 2637 778 2686; x_wconf 89' lang='grc' dir='ltr'>προστείχουσα</span> <span class='ocrx_word' id='word_1_463' title='bbox 794 2639 850 2672; x_wconf 86' lang='lat' dir='ltr'>OC</span> <span class='ocrx_word' id='word_1_464' title='bbox 868 2637 949 2673; x_wconf 77' lang='grc'>320.</span> <span class='ocrx_word' id='word_1_465' title='bbox 986 2634 1044 2674; x_wconf 83' lang='grc' dir='ltr'>ἀπ’</span> <span class='ocrx_word' id='word_1_466' title='bbox 1071 2638 1237 2685; x_wconf 84' lang='grc' dir='ltr'>ὀμμάτων</span> 
     </span>
     <span class='ocr_line' id='line_1_62' title="bbox 226 2681 1237 2727; baseline 0.005 -12"><span class='ocrx_word' id='word_1_467' title='bbox 226 2681 332 2716; x_wconf 86' lang='grc' dir='ltr'>σαίνει</span> <span class='ocrx_word' id='word_1_468' title='bbox 349 2685 579 2725; x_wconf 81' lang='lat' dir='ltr'>coniungenda</span> <span class='ocrx_word' id='word_1_469' title='bbox 591 2710 599 2726; x_wconf 98' lang='lat'><strong>,</strong></span> <span class='ocrx_word' id='word_1_470' title='bbox 619 2686 740 2718; x_wconf 78' lang='lat' dir='ltr'>blando</span> <span class='ocrx_word' id='word_1_471' title='bbox 765 2687 937 2719; x_wconf 76' lang='lat' dir='ltr'>oculorum</span> <span class='ocrx_word' id='word_1_472' title='bbox 961 2690 1046 2720; x_wconf 78' lang='lat' dir='ltr'>nutu</span> <span class='ocrx_word' id='word_1_473' title='bbox 1063 2697 1099 2719; x_wconf 88' lang='lat' dir='ltr'>se</span> <span class='ocrx_word' id='word_1_474' title='bbox 1117 2698 1237 2727; x_wconf 84' lang='lat' dir='ltr'>cogno-</span> 
     </span>
     <span class='ocr_line' id='line_1_63' title="bbox 225 2727 1234 2781; baseline 0.006 -20"><span class='ocrx_word' id='word_1_475' title='bbox 225 2730 382 2762; x_wconf 86' lang='lat' dir='ltr'>scendam</span> <span class='ocrx_word' id='word_1_476' title='bbox 398 2733 551 2773; x_wconf 80' lang='lat' dir='ltr'>praebet,</span> <span class='ocrx_word' id='word_1_477' title='bbox 574 2742 642 2765; x_wconf 92' lang='lat' dir='ltr'>non</span> <span class='ocrx_word' id='word_1_478' title='bbox 659 2737 698 2765; x_wconf 91' lang='lat' dir='ltr'>ut</span> <span class='ocrx_word' id='word_1_479' title='bbox 715 2727 773 2767; x_wconf 82' lang='grc' dir='ltr'>ἀπ’</span> <span class='ocrx_word' id='word_1_480' title='bbox 787 2732 953 2778; x_wconf 88' lang='grc' dir='ltr'>ὀμμάτων</span> <span class='ocrx_word' id='word_1_481' title='bbox 980 2735 1025 2766; x_wconf 89' lang='lat' dir='ltr'>sit</span> <span class='ocrx_word' id='word_1_482' title='bbox 1042 2732 1234 2781; x_wconf 87' lang='grc' dir='ltr'>πόρρωθεν.</span> 
     </span>
     <span class='ocr_line' id='line_1_64' title="bbox 224 2777 1238 2826; baseline 0.006 -17"><span class='ocrx_word' id='word_1_483' title='bbox 224 2777 278 2810; x_wconf 90' lang='lat' dir='ltr'>De</span> <span class='ocrx_word' id='word_1_484' title='bbox 295 2777 424 2809; x_wconf 71' lang='lat' dir='ltr'>insidiis</span> <span class='ocrx_word' id='word_1_485' title='bbox 441 2781 474 2810; x_wconf 83' lang='lat' dir='ltr'>et</span> <span class='ocrx_word' id='word_1_486' title='bbox 490 2781 579 2811; x_wconf 73' lang='lat' dir='ltr'>mato</span> <span class='ocrx_word' id='word_1_487' title='bbox 604 2780 728 2812; x_wconf 77' lang='lat' dir='ltr'>blanda</span> <span class='ocrx_word' id='word_1_488' title='bbox 750 2783 854 2821; x_wconf 76' lang='lat' dir='ltr'>specie</span> <span class='ocrx_word' id='word_1_489' title='bbox 879 2783 1000 2813; x_wconf 76' lang='lat' dir='ltr'>latente</span> <span class='ocrx_word' id='word_1_490' title='bbox 1022 2780 1046 2826; x_wconf 81' lang='grc' dir='ltr'><strong>ὴ</strong></span> <span class='ocrx_word' id='word_1_491' title='bbox 1072 2777 1100 2814; x_wconf 81' lang='grc' dir='ltr'>δ’</span> <span class='ocrx_word' id='word_1_492' title='bbox 1123 2779 1176 2826; x_wconf 84' lang='grc' dir='ltr'>ἄρ’</span> <span class='ocrx_word' id='word_1_493' title='bbox 1203 2780 1238 2815; x_wconf 81' lang='grc' dir='ltr'>ἐν</span> 
     </span>
     <span class='ocr_line' id='line_1_65' title="bbox 226 2821 1237 2875; baseline 0.007 -19"><span class='ocrx_word' id='word_1_494' title='bbox 226 2821 338 2868; x_wconf 86' lang='grc' dir='ltr'>σκότῳ</span> <span class='ocrx_word' id='word_1_495' title='bbox 355 2821 510 2858; x_wconf 84' lang='grc' dir='ltr'>λαθοῦσά</span> <span class='ocrx_word' id='word_1_496' title='bbox 529 2837 570 2870; x_wconf 91' lang='grc' dir='ltr'>με</span> <span class='ocrx_word' id='word_1_497' title='bbox 589 2824 691 2860; x_wconf 78' lang='grc' dir='ltr'>ἔσαιν’</span> <span class='ocrx_word' id='word_1_498' title='bbox 705 2822 840 2873; x_wconf 86' lang='grc' dir='ltr'>Ἐρινὺς</span> <span class='ocrx_word' id='word_1_499' title='bbox 865 2826 1009 2871; x_wconf 81' lang='grc' dir='ltr'>ἡδοναῖς</span> <span class='ocrx_word' id='word_1_500' title='bbox 1027 2826 1237 2875; x_wconf 77' lang='grc' dir='ltr'>ἐψευσμένον</span> 
     </span>
     <span class='ocr_line' id='line_1_66' title="bbox 226 2869 1232 2962; baseline 0.006 -60"><span class='ocrx_word' id='word_1_501' title='bbox 226 2869 522 2962; x_wconf 57' lang='lat' dir='ltr'>gencrh7f5&#39;J508&#39;</span> <span class='ocrx_word' id='word_1_502' title='bbox 543 2871 577 2906; x_wconf 88' lang='grc'>4,.</span> <span class='ocrx_word' id='word_1_503' title='bbox 621 2873 687 2916; x_wconf 78' lang='lat' dir='ltr'><strong>[Cf.</strong></span> <span class='ocrx_word' id='word_1_504' title='bbox 717 2875 759 2906; x_wconf 89' lang='lat' dir='ltr'>de</span> <span class='ocrx_word' id='word_1_505' title='bbox 787 2885 851 2907; x_wconf 90' lang='lat' dir='ltr'>usu</span> <span class='ocrx_word' id='word_1_506' title='bbox 879 2876 1000 2908; x_wconf 83' lang='lat' dir='ltr'>Bloms.</span> <span class='ocrx_word' id='word_1_507' title='bbox 1034 2877 1077 2916; x_wconf 87' lang='lat' dir='ltr'>gl.</span> <span class='ocrx_word' id='word_1_508' title='bbox 1112 2877 1232 2909; x_wconf 87' lang='lat' dir='ltr'>Aesch.</span> 
     </span>
     <span class='ocr_line' id='line_1_67' title="bbox 251 2921 421 2959; baseline 0.012 -10"><span class='ocrx_word' id='word_1_509' title='bbox 251 2921 320 2959; x_wconf 86' lang='lat' dir='ltr'><strong>ept.</strong></span> <span class='ocrx_word' id='word_1_510' title='bbox 413 2944 421 2951; x_wconf 85' lang='lat'>.</span> 
     </span>
    </p>
   </div>
   <div class='ocr_carea' id='block_1_14' title="bbox 227 2961 1231 3056">
    <p class='ocr_par' dir='ltr' id='par_1_16' title="bbox 227 2961 1231 3056">
     <span class='ocr_line' id='line_1_68' title="bbox 296 2961 1231 3014; baseline 0.006 -17"><span class='ocrx_word' id='word_1_511' title='bbox 296 2961 438 3009; x_wconf 86' lang='grc' dir='ltr'>Σαίρω</span> <span class='ocrx_word' id='word_1_512' title='bbox 464 2976 589 2999; x_wconf 81' lang='lat' dir='ltr'>averro.</span> <span class='ocrx_word' id='word_1_513' title='bbox 619 2970 728 3001; x_wconf 84' lang='grc' dir='ltr'>πᾶσαν</span> <span class='ocrx_word' id='word_1_514' title='bbox 753 2967 846 3002; x_wconf 87' lang='grc' dir='ltr'>κόνιν</span> <span class='ocrx_word' id='word_1_515' title='bbox 865 2967 1029 3014; x_wconf 77' lang='grc' dir='ltr'>σήραντες</span> <span class='ocrx_word' id='word_1_516' title='bbox 1047 2970 1129 3002; x_wconf 88' lang='lat' dir='ltr'>Ant.</span> <span class='ocrx_word' id='word_1_517' title='bbox 1151 2967 1231 3003; x_wconf 84' lang='lat'><strong>409.</strong></span> 
     </span>
     <span class='ocr_line' id='line_1_69' title="bbox 227 3011 812 3056; baseline 0.01 -14"><span class='ocrx_word' id='word_1_518' title='bbox 227 3022 260 3043; x_wconf 86' lang='lat' dir='ltr'>v.</span> <span class='ocrx_word' id='word_1_519' title='bbox 281 3011 395 3044; x_wconf 81' lang='lat' dir='ltr'><strong>Valck.</strong></span> <span class='ocrx_word' id='word_1_520' title='bbox 416 3013 457 3044; x_wconf 83' lang='lat' dir='ltr'>ad</span> <span class='ocrx_word' id='word_1_521' title='bbox 473 3013 515 3044; x_wconf 83' lang='lat' dir='ltr'>fr.</span> <span class='ocrx_word' id='word_1_522' title='bbox 533 3013 663 3046; x_wconf 82' lang='lat' dir='ltr'>Gallim.</span> <span class='ocrx_word' id='word_1_523' title='bbox 681 3025 715 3056; x_wconf 91' lang='lat' dir='ltr'>p.</span> <span class='ocrx_word' id='word_1_524' title='bbox 736 3013 812 3048; x_wconf 87' lang='lat'><strong>106.</strong></span> 
     </span>
    </p>
   </div>
   <div class='ocr_carea' id='block_1_15' title="bbox 155 3065 1236 3412">
    <p class='ocr_par' dir='ltr' id='par_1_17' title="bbox 228 3065 1234 3215">
     <span class='ocr_line' id='line_1_70' title="bbox 228 3065 1234 3149; baseline 0.006 -47"><span class='ocrx_word' id='word_1_525' title='bbox 228 3117 273 3149; x_wconf 58' lang='grc' dir='ltr'>Μ</span> <span class='ocrx_word' id='word_1_526' title='bbox 295 3065 576 3148; x_wconf 58' lang='grc' dir='ltr'>Σῶικεσφόρος</span> <span class='ocrx_word' id='word_1_527' title='bbox 608 3077 767 3106; x_wconf 69' lang='lat' dir='ltr'>scutatus.</span> <span class='ocrx_word' id='word_1_528' title='bbox 812 3070 935 3108; x_wconf 80' lang='grc' dir='ltr'>Αἴαντι</span> <span class='ocrx_word' id='word_1_529' title='bbox 957 3074 1007 3120; x_wconf 81' lang='grc' dir='ltr'>τῷ</span> <span class='ocrx_word' id='word_1_530' title='bbox 1031 3073 1234 3122; x_wconf 83' lang='grc' dir='ltr'>σακεσφόρῳ</span> 
     </span>
     <span class='ocr_line' id='line_1_71' title="bbox 277 3141 1020 3215; baseline 0.008 -19"><span class='ocrx_word' id='word_1_531' title='bbox 277 3141 679 3212; x_wconf 39' lang='grc' dir='ltr'>,Σακοδερμηστής</span> <span class='ocrx_word' id='word_1_532' title='bbox 704 3178 737 3200; x_wconf 96' lang='lat' dir='ltr'>v.</span> <span class='ocrx_word' id='word_1_533' title='bbox 759 3166 1020 3215; x_wconf 84' lang='grc' dir='ltr'>σακοδερμίτης.</span> 
     </span>
    </p>

    <p class='ocr_par' dir='ltr' id='par_1_18' title="bbox 155 3219 1236 3412">
     <span class='ocr_line' id='line_1_72' title="bbox 295 3219 1232 3270; baseline 0.004 -14"><span class='ocrx_word' id='word_1_534' title='bbox 295 3219 463 3258; x_wconf 86' lang='grc' dir='ltr'>Σακοδε</span> <span class='ocrx_word' id='word_1_535' title='bbox 539 3222 644 3270; x_wconf 87' lang='grc' dir='ltr'>ίτης.</span> <span class='ocrx_word' id='word_1_536' title='bbox 681 3226 777 3258; x_wconf 90' lang='lat' dir='ltr'><strong>Phot.</strong></span> <span class='ocrx_word' id='word_1_537' title='bbox 799 3236 833 3267; x_wconf 90' lang='lat' dir='ltr'>p.</span> <span class='ocrx_word' id='word_1_538' title='bbox 858 3223 946 3267; x_wconf 89' lang='grc'>497,</span> <span class='ocrx_word' id='word_1_539' title='bbox 965 3225 998 3259; x_wconf 90' lang='grc'>3.</span> <span class='ocrx_word' id='word_1_540' title='bbox 1035 3230 1079 3266; x_wconf 49' lang='grc' dir='ltr'>οἵ,</span> <span class='ocrx_word' id='word_1_541' title='bbox 1101 3227 1232 3260; x_wconf 85' lang='lat' dir='ltr'>Anecd.</span> 
     </span>
     <span class='ocr_line' id='line_1_73' title="bbox 223 3234 1236 3319; baseline 0.006 -16"><span class='ocrx_word' id='word_1_542' title='bbox 223 3270 358 3303; x_wconf 80' lang='lat' dir='ltr'>Bachm.</span> <span class='ocrx_word' id='word_1_543' title='bbox 374 3267 405 3302; x_wconf 91' lang='lat'>1.</span> <span class='ocrx_word' id='word_1_544' title='bbox 426 3281 461 3312; x_wconf 88' lang='lat' dir='ltr'>p.</span> <span class='ocrx_word' id='word_1_545' title='bbox 474 3234 554 3312; x_wconf 54' lang='lat'>381,</span> <span class='ocrx_word' id='word_1_546' title='bbox 566 3267 599 3304; x_wconf 88' lang='lat'><strong>9.</strong></span> <span class='ocrx_word' id='word_1_547' title='bbox 622 3268 707 3317; x_wconf 89' lang='grc' dir='ltr'>Σοφ.</span> <span class='ocrx_word' id='word_1_548' title='bbox 724 3270 870 3319; x_wconf 84' lang='grc' dir='ltr'>Τρωῖλῳ</span> <span class='ocrx_word' id='word_1_549' title='bbox 888 3271 948 3316; x_wconf 81' lang='lat' dir='ltr'><strong>(fr.</strong></span> <span class='ocrx_word' id='word_1_550' title='bbox 966 3271 1107 3319; x_wconf 56' lang='lat'><strong>5622.)</strong></span> <span class='ocrx_word' id='word_1_551' title='bbox 1129 3285 1236 3309; x_wconf 84' lang='grc' dir='ltr'>σακο-</span> 
     </span>
     <span class='ocr_line' id='line_1_74' title="bbox 225 3314 1232 3366; baseline 0.004 -16"><span class='ocrx_word' id='word_1_552' title='bbox 225 3314 387 3362; x_wconf 80' lang='grc' dir='ltr'>δερμίτης</span> <span class='ocrx_word' id='word_1_553' title='bbox 403 3316 474 3359; x_wconf 86' lang='lat' dir='ltr'><strong>(ap.</strong></span> <span class='ocrx_word' id='word_1_554' title='bbox 492 3318 626 3350; x_wconf 88' lang='lat' dir='ltr'>Bachm.</span> <span class='ocrx_word' id='word_1_555' title='bbox 649 3317 926 3365; x_wconf 82' lang='grc' dir='ltr'>σακοδερμήτης)</span> <span class='ocrx_word' id='word_1_556' title='bbox 944 3319 976 3354; x_wconf 84' lang='grc' dir='ltr'>οἱ</span> <span class='ocrx_word' id='word_1_557' title='bbox 994 3319 1055 3365; x_wconf 89' lang='grc' dir='ltr'>μὲν</span> <span class='ocrx_word' id='word_1_558' title='bbox 1070 3320 1127 3354; x_wconf 81' lang='grc' dir='ltr'>τὸν</span> <span class='ocrx_word' id='word_1_559' title='bbox 1143 3319 1232 3366; x_wconf 75' lang='grc' dir='ltr'>ὅφιν,</span> 
     </span>
     <span class='ocr_line' id='line_1_75' title="bbox 155 3361 1234 3412; baseline 0.003 -14"><span class='ocrx_word' id='word_1_560' title='bbox 155 3371 159 3374; x_wconf 74' lang='grc'><em>’</em></span> <span class='ocrx_word' id='word_1_561' title='bbox 225 3362 259 3398; x_wconf 74' lang='grc' dir='ltr'>οἱ</span> <span class='ocrx_word' id='word_1_562' title='bbox 275 3361 314 3397; x_wconf 83' lang='grc' dir='ltr'>δὲ</span> <span class='ocrx_word' id='word_1_563' title='bbox 331 3361 496 3409; x_wconf 81' lang='grc' dir='ltr'>σκώληκα</span> <span class='ocrx_word' id='word_1_564' title='bbox 510 3363 553 3399; x_wconf 83' lang='grc' dir='ltr'>τὰ</span> <span class='ocrx_word' id='word_1_565' title='bbox 569 3362 721 3411; x_wconf 74' lang='grc' dir='ltr'>δέρματα</span> <span class='ocrx_word' id='word_1_566' title='bbox 735 3364 937 3409; x_wconf 75' lang='grc' dir='ltr'>διεσθίοντα.</span> <span class='ocrx_word' id='word_1_567' title='bbox 966 3364 1104 3412; x_wconf 80' lang='grc' dir='ltr'>ἄμεινον</span> <span class='ocrx_word' id='word_1_568' title='bbox 1123 3366 1160 3401; x_wconf 85' lang='grc' dir='ltr'>δὲ</span> <span class='ocrx_word' id='word_1_569' title='bbox 1176 3367 1234 3403; x_wconf 86' lang='grc' dir='ltr'>τὸν</span> 
     </span>
    </p>
   </div>
   <div class='ocr_carea' id='block_1_16' title="bbox 1275 1193 2288 1666">
    <p class='ocr_par' dir='ltr' id='par_1_19' title="bbox 1275 1193 2288 1666">
     <span class='ocr_line' id='line_1_76' title="bbox 1276 1193 2288 1245; baseline 0 -15"><span class='ocrx_word' id='word_1_570' title='bbox 1276 1195 1333 1231; x_wconf 81' lang='grc' dir='ltr'>ἐπὶ</span> <span class='ocrx_word' id='word_1_571' title='bbox 1357 1196 1409 1243; x_wconf 77' lang='grc' dir='ltr'>τῷ</span> <span class='ocrx_word' id='word_1_572' title='bbox 1433 1195 1577 1243; x_wconf 81' lang='grc' dir='ltr'>δέρματι</span> <span class='ocrx_word' id='word_1_573' title='bbox 1609 1196 1741 1245; x_wconf 52' lang='grc' dir='ltr'>«χαλκὸν</span> <span class='ocrx_word' id='word_1_574' title='bbox 1761 1196 1906 1245; x_wconf 79' lang='grc' dir='ltr'>ἕγοντα,</span> <span class='ocrx_word' id='word_1_575' title='bbox 1934 1193 2013 1244; x_wconf 80' lang='grc' dir='ltr'>παρ’</span> <span class='ocrx_word' id='word_1_576' title='bbox 2037 1197 2115 1232; x_wconf 80' lang='grc' dir='ltr'>ὅσον</span> <span class='ocrx_word' id='word_1_577' title='bbox 2132 1197 2176 1232; x_wconf 84' lang='grc' dir='ltr'>τὰ</span> <span class='ocrx_word' id='word_1_578' title='bbox 2202 1197 2288 1244; x_wconf 80' lang='grc' dir='ltr'>σάκη</span> 
     </span>
     <span class='ocr_line' id='line_1_77' title="bbox 1276 1239 2288 1292; baseline 0 -14"><span class='ocrx_word' id='word_1_579' title='bbox 1276 1243 1461 1292; x_wconf 81' lang='grc' dir='ltr'>ἐπίχαλκα.</span> <span class='ocrx_word' id='word_1_580' title='bbox 1491 1245 1582 1276; x_wconf 90' lang='lat' dir='ltr'>Haec</span> <span class='ocrx_word' id='word_1_581' title='bbox 1599 1239 1721 1286; x_wconf 74' lang='lat' dir='ltr'>partim</span> <span class='ocrx_word' id='word_1_582' title='bbox 1740 1239 1892 1278; x_wconf 74' lang='lat' dir='ltr'>illustrat</span> <span class='ocrx_word' id='word_1_583' title='bbox 1907 1247 2054 1286; x_wconf 90' lang='lat' dir='ltr'>Hesych.</span> <span class='ocrx_word' id='word_1_584' title='bbox 2072 1256 2104 1279; x_wconf 74' lang='lat' dir='ltr'>V.</span> <span class='ocrx_word' id='word_1_585' title='bbox 2127 1243 2288 1290; x_wconf 88' lang='grc' dir='ltr'>σακοδερ-</span> 
     </span>
     <span class='ocr_line' id='line_1_78' title="bbox 1276 1289 2288 1338; baseline -0.001 -13"><span class='ocrx_word' id='word_1_586' title='bbox 1276 1291 1416 1338; x_wconf 80' lang='grc' dir='ltr'>μιστής;</span> <span class='ocrx_word' id='word_1_587' title='bbox 1447 1289 1524 1338; x_wconf 80' lang='grc' dir='ltr'>ὄφιν</span> <span class='ocrx_word' id='word_1_588' title='bbox 1545 1291 1649 1330; x_wconf 84' lang='grc' dir='ltr'>σάκος</span> <span class='ocrx_word' id='word_1_589' title='bbox 1668 1290 1791 1338; x_wconf 79' lang='grc' dir='ltr'>ἔχοντα</span> <span class='ocrx_word' id='word_1_590' title='bbox 1807 1291 1951 1337; x_wconf 77' lang='lat' dir='ltr'>(excidit</span> <span class='ocrx_word' id='word_1_591' title='bbox 1969 1291 2002 1327; x_wconf 80' lang='grc' dir='ltr'>οἱ</span> <span class='ocrx_word' id='word_1_592' title='bbox 2027 1291 2089 1338; x_wconf 81' lang='grc' dir='ltr'>μὲν</span> <span class='ocrx_word' id='word_1_593' title='bbox 2108 1293 2163 1325; x_wconf 87' lang='lat' dir='ltr'>vel</span> <span class='ocrx_word' id='word_1_594' title='bbox 2181 1293 2288 1324; x_wconf 83' lang='lat' dir='ltr'>simile</span> 
     </span>
     <span class='ocr_line' id='line_1_79' title="bbox 1276 1337 2288 1387; baseline 0.002 -16"><span class='ocrx_word' id='word_1_595' title='bbox 1276 1338 1462 1383; x_wconf 83' lang='lat' dir='ltr'>quiddam).</span> <span class='ocrx_word' id='word_1_596' title='bbox 1501 1338 1532 1373; x_wconf 83' lang='grc' dir='ltr'>οἱ</span> <span class='ocrx_word' id='word_1_597' title='bbox 1551 1338 1589 1373; x_wconf 87' lang='grc' dir='ltr'>δὲ</span> <span class='ocrx_word' id='word_1_598' title='bbox 1606 1339 1774 1386; x_wconf 90' lang='grc' dir='ltr'>σκώληκα</span> <span class='ocrx_word' id='word_1_599' title='bbox 1790 1338 1868 1387; x_wconf 80' lang='grc' dir='ltr'>παρ’</span> <span class='ocrx_word' id='word_1_600' title='bbox 1886 1338 1964 1374; x_wconf 77' lang='grc' dir='ltr'>ὅσον</span> <span class='ocrx_word' id='word_1_601' title='bbox 1992 1338 2028 1374; x_wconf 83' lang='grc' dir='ltr'>δε</span> <span class='ocrx_word' id='word_1_602' title='bbox 2053 1339 2174 1386; x_wconf 83' lang='grc' dir='ltr'>μιστὴς</span> <span class='ocrx_word' id='word_1_603' title='bbox 2193 1337 2288 1378; x_wconf 82' lang='grc' dir='ltr'>οὗτος</span> 
     </span>
     <span class='ocr_line' id='line_1_80' title="bbox 1275 1385 2288 1434; baseline 0.001 -15"><span class='ocrx_word' id='word_1_604' title='bbox 1275 1386 1356 1431; x_wconf 77' lang='lat' dir='ltr'>(scr.</span> <span class='ocrx_word' id='word_1_605' title='bbox 1393 1385 1619 1433; x_wconf 78' lang='grc' dir='ltr'>δερμηστής).</span> <span class='ocrx_word' id='word_1_606' title='bbox 1663 1385 1796 1433; x_wconf 74' lang='grc' dir='ltr'>βέλτιον</span> <span class='ocrx_word' id='word_1_607' title='bbox 1830 1387 1867 1422; x_wconf 88' lang='grc' dir='ltr'>δὲ</span> <span class='ocrx_word' id='word_1_608' title='bbox 1898 1387 1956 1422; x_wconf 87' lang='grc' dir='ltr'>τὸν</span> <span class='ocrx_word' id='word_1_609' title='bbox 1984 1399 2033 1434; x_wconf 86' lang='grc' dir='ltr'>χα</span> <span class='ocrx_word' id='word_1_610' title='bbox 2056 1389 2139 1421; x_wconf 80' lang='grc' dir='ltr'>κοῦν</span> <span class='ocrx_word' id='word_1_611' title='bbox 2170 1385 2288 1434; x_wconf 70' lang='grc' dir='ltr'>ἔχοντα</span> 
     </span>
     <span class='ocr_line' id='line_1_81' title="bbox 1278 1434 2288 1480; baseline -0.002 -12"><span class='ocrx_word' id='word_1_612' title='bbox 1278 1434 1386 1480; x_wconf 73' lang='grc' dir='ltr'>δέρμα</span> <span class='ocrx_word' id='word_1_613' title='bbox 1402 1436 1507 1468; x_wconf 89' lang='grc' dir='ltr'>νοεῖν.</span> <span class='ocrx_word' id='word_1_614' title='bbox 1547 1436 1658 1467; x_wconf 86' lang='lat' dir='ltr'>Prima</span> <span class='ocrx_word' id='word_1_615' title='bbox 1681 1436 1859 1476; x_wconf 79' lang='lat' dir='ltr'>explicatio</span> <span class='ocrx_word' id='word_1_616' title='bbox 1884 1436 2071 1469; x_wconf 83' lang='lat' dir='ltr'>Aristarchi</span> <span class='ocrx_word' id='word_1_617' title='bbox 2090 1438 2159 1476; x_wconf 88' lang='lat' dir='ltr'>est,</span> <span class='ocrx_word' id='word_1_618' title='bbox 2194 1444 2288 1476; x_wconf 88' lang='lat' dir='ltr'>quem</span> 
     </span>
     <span class='ocr_line' id='line_1_82' title="bbox 1280 1481 2288 1528; baseline 0 -14"><span class='ocrx_word' id='word_1_619' title='bbox 1280 1483 1381 1515; x_wconf 86' lang='lat' dir='ltr'>etiam</span> <span class='ocrx_word' id='word_1_620' title='bbox 1401 1481 1595 1528; x_wconf 85' lang='grc' dir='ltr'>δερμηστήν</span> <span class='ocrx_word' id='word_1_621' title='bbox 1613 1482 1654 1514; x_wconf 87' lang='lat' dir='ltr'>de</span> <span class='ocrx_word' id='word_1_622' title='bbox 1672 1492 1781 1522; x_wconf 74' lang='lat' dir='ltr'>&lt;mque</span> <span class='ocrx_word' id='word_1_623' title='bbox 1797 1483 2081 1525; x_wconf 84' lang='lat' dir='ltr'>interpretatum,</span> <span class='ocrx_word' id='word_1_624' title='bbox 2101 1491 2288 1523; x_wconf 82' lang='lat' dir='ltr'>quanquam</span> 
     </span>
     <span class='ocr_line' id='line_1_83' title="bbox 1277 1527 2288 1576; baseline 0 -14"><span class='ocrx_word' id='word_1_625' title='bbox 1277 1540 1344 1562; x_wconf 89' lang='lat' dir='ltr'>non</span> <span class='ocrx_word' id='word_1_626' title='bbox 1362 1540 1400 1562; x_wconf 90' lang='lat' dir='ltr'>eo</span> <span class='ocrx_word' id='word_1_627' title='bbox 1418 1530 1534 1570; x_wconf 84' lang='lat' dir='ltr'>modo,</span> <span class='ocrx_word' id='word_1_628' title='bbox 1557 1531 1699 1571; x_wconf 89' lang='lat' dir='ltr'>scimus;</span> <span class='ocrx_word' id='word_1_629' title='bbox 1722 1530 1827 1562; x_wconf 85' lang='lat' dir='ltr'>altera</span> <span class='ocrx_word' id='word_1_630' title='bbox 1845 1531 2000 1570; x_wconf 88' lang='lat' dir='ltr'>Didymi:</span> <span class='ocrx_word' id='word_1_631' title='bbox 2030 1541 2061 1562; x_wconf 87' lang='lat' dir='ltr'>v.</span> <span class='ocrx_word' id='word_1_632' title='bbox 2084 1527 2288 1576; x_wconf 87' lang='grc' dir='ltr'>δερμηστής.</span> 
     </span>
     <span class='ocr_line' id='line_1_84' title="bbox 1276 1576 2288 1623; baseline -0.001 -14"><span class='ocrx_word' id='word_1_633' title='bbox 1276 1579 1455 1610; x_wconf 85' lang='lat' dir='ltr'>Praeterea</span> <span class='ocrx_word' id='word_1_634' title='bbox 1483 1588 1535 1619; x_wconf 88' lang='lat' dir='ltr'>ap.</span> <span class='ocrx_word' id='word_1_635' title='bbox 1566 1578 1736 1618; x_wconf 57' lang='lat' dir='ltr'>Hesyeh„</span> <span class='ocrx_word' id='word_1_636' title='bbox 1775 1578 1804 1609; x_wconf 90' lang='lat' dir='ltr'>si</span> <span class='ocrx_word' id='word_1_637' title='bbox 1833 1578 1974 1619; x_wconf 85' lang='lat' dir='ltr'>quidem</span> <span class='ocrx_word' id='word_1_638' title='bbox 2002 1576 2112 1623; x_wconf 78' lang='grc' dir='ltr'>δέρμα</span> <span class='ocrx_word' id='word_1_639' title='bbox 2137 1578 2178 1610; x_wconf 88' lang='lat' dir='ltr'>de</span> <span class='ocrx_word' id='word_1_640' title='bbox 2207 1578 2288 1609; x_wconf 71' lang='lat' dir='ltr'>cori(</span> 
     </span>
     <span class='ocr_line' id='line_1_85' title="bbox 1275 1623 2288 1666; baseline 0.002 -10"><span class='ocrx_word' id='word_1_641' title='bbox 1275 1627 1359 1656; x_wconf 77' lang='lat' dir='ltr'>scuti</span> <span class='ocrx_word' id='word_1_642' title='bbox 1382 1625 1646 1665; x_wconf 85' lang='lat' dir='ltr'>intelligendum</span> <span class='ocrx_word' id='word_1_643' title='bbox 1669 1628 1791 1666; x_wconf 82' lang='lat' dir='ltr'>puteS,</span> <span class='ocrx_word' id='word_1_644' title='bbox 1820 1626 2054 1665; x_wconf 86' lang='lat' dir='ltr'>corrigendum</span> <span class='ocrx_word' id='word_1_645' title='bbox 2079 1625 2215 1657; x_wconf 85' lang='lat' dir='ltr'>videtur</span> <span class='ocrx_word' id='word_1_646' title='bbox 2237 1623 2288 1658; x_wconf 53' lang='lat' dir='ltr'>‘ros</span> 
     </span>
    </p>
   </div>
   <div class='ocr_carea' id='block_1_17' title="bbox 1277 1669 2288 1761">
    <p class='ocr_par' dir='ltr' id='par_1_20' title="bbox 1277 1669 2288 1761">
     <span class='ocr_line' id='line_1_86' title="bbox 1278 1669 2288 1719; baseline -0.001 -15"><span class='ocrx_word' id='word_1_647' title='bbox 1278 1669 1530 1719; x_wconf 79' lang='grc' dir='ltr'>ἐπίχαλκον</span> <span class='ocrx_word' id='word_1_648' title='bbox 1567 1669 1692 1719; x_wconf 80' lang='grc' dir='ltr'>ἔχοντα</span> <span class='ocrx_word' id='word_1_649' title='bbox 1715 1669 1836 1717; x_wconf 80' lang='grc' dir='ltr'>δέρμα.</span> <span class='ocrx_word' id='word_1_650' title='bbox 1868 1690 1908 1696; x_wconf 94' lang='grc'>-</span> <span class='ocrx_word' id='word_1_651' title='bbox 1935 1673 1987 1705; x_wconf 90' lang='lat' dir='ltr'>De</span> <span class='ocrx_word' id='word_1_652' title='bbox 2012 1676 2089 1705; x_wconf 88' lang='lat' dir='ltr'>tono</span> <span class='ocrx_word' id='word_1_653' title='bbox 2105 1673 2240 1713; x_wconf 83' lang='lat' dir='ltr'>generis</span> <span class='ocrx_word' id='word_1_654' title='bbox 2257 1682 2288 1704; x_wconf 85' lang='lat' dir='ltr'>v.</span> 
     </span>
     <span class='ocr_line' id='line_1_87' title="bbox 1277 1716 1545 1761; baseline -0.004 -9"><span class='ocrx_word' id='word_1_655' title='bbox 1277 1721 1355 1752; x_wconf 90' lang='lat' dir='ltr'>Arc.</span> <span class='ocrx_word' id='word_1_656' title='bbox 1376 1730 1411 1761; x_wconf 94' lang='lat' dir='ltr'>p.</span> <span class='ocrx_word' id='word_1_657' title='bbox 1431 1716 1487 1760; x_wconf 90' lang='lat'><strong>27,</strong></span> <span class='ocrx_word' id='word_1_658' title='bbox 1514 1717 1545 1751; x_wconf 88' lang='lat'>1.</span> 
     </span>
    </p>
   </div>
   <div class='ocr_carea' id='block_1_18' title="bbox 1275 1772 2288 1872">
    <p class='ocr_par' dir='ltr' id='par_1_21' title="bbox 1275 1772 2288 1872">
     <span class='ocr_line' id='line_1_88' title="bbox 1347 1772 2288 1825; baseline 0 -13"><span class='ocrx_word' id='word_1_659' title='bbox 1347 1772 1488 1815; x_wconf 70' lang='grc' dir='ltr'>Σᾶκος</span> <span class='ocrx_word' id='word_1_660' title='bbox 1513 1782 1654 1813; x_wconf 71' lang='lat' dir='ltr'>scutum.</span> <span class='ocrx_word' id='word_1_661' title='bbox 1693 1776 1874 1823; x_wconf 84' lang='grc' dir='ltr'>ἑπτάβοιον</span> <span class='ocrx_word' id='word_1_662' title='bbox 1900 1775 2072 1825; x_wconf 80' lang='grc' dir='ltr'>ἄρρηκτον</span> <span class='ocrx_word' id='word_1_663' title='bbox 2103 1777 2207 1816; x_wconf 88' lang='grc' dir='ltr'>σάκος</span> <span class='ocrx_word' id='word_1_664' title='bbox 2231 1779 2288 1812; x_wconf 84' lang='lat' dir='ltr'>Ai.</span> 
     </span>
     <span class='ocr_line' id='line_1_89' title="bbox 1275 1823 2194 1872; baseline 0.002 -14"><span class='ocrx_word' id='word_1_665' title='bbox 1275 1823 1355 1859; x_wconf 77' lang='lat'><strong>576.</strong></span> <span class='ocrx_word' id='word_1_666' title='bbox 1378 1843 1419 1849; x_wconf 91' lang='lat'>—-</span> <span class='ocrx_word' id='word_1_667' title='bbox 1448 1824 1506 1859; x_wconf 85' lang='grc' dir='ltr'>σὺν</span> <span class='ocrx_word' id='word_1_668' title='bbox 1525 1824 1620 1860; x_wconf 89' lang='grc' dir='ltr'>σάκει</span> <span class='ocrx_word' id='word_1_669' title='bbox 1640 1824 1677 1859; x_wconf 87' lang='grc' dir='ltr'>δὲ</span> <span class='ocrx_word' id='word_1_670' title='bbox 1694 1823 1944 1872; x_wconf 85' lang='grc' dir='ltr'>κωδονοκρότῳ</span> <span class='ocrx_word' id='word_1_671' title='bbox 1962 1828 2028 1858; x_wconf 89' lang='lat' dir='ltr'>inc.</span> <span class='ocrx_word' id='word_1_672' title='bbox 2050 1827 2092 1859; x_wconf 84' lang='lat' dir='ltr'>fr.</span> <span class='ocrx_word' id='word_1_673' title='bbox 2114 1823 2194 1860; x_wconf 88' lang='lat'><strong>738.</strong></span> 
     </span>
    </p>
   </div>
   <div class='ocr_carea' id='block_1_19' title="bbox 1271 1881 2288 3261">
    <p class='ocr_par' dir='ltr' id='par_1_22' title="bbox 1275 1881 2288 2295">
     <span class='ocr_line' id='line_1_90' title="bbox 1345 1881 2287 1933; baseline 0 -15"><span class='ocrx_word' id='word_1_674' title='bbox 1345 1881 1537 1931; x_wconf 89' lang='grc' dir='ltr'>Σαλάβη,</span> <span class='ocrx_word' id='word_1_675' title='bbox 1566 1883 1741 1930; x_wconf 86' lang='grc' dir='ltr'>σαλάμβη.</span> <span class='ocrx_word' id='word_1_676' title='bbox 1771 1882 1969 1933; x_wconf 89' lang='grc' dir='ltr'>σαλάβην</span> <span class='ocrx_word' id='word_1_677' title='bbox 1997 1881 2083 1930; x_wconf 92' lang='grc' dir='ltr'>Σοφ.</span> <span class='ocrx_word' id='word_1_678' title='bbox 2103 1883 2166 1929; x_wconf 75' lang='grc' dir='ltr'>τὴν</span> <span class='ocrx_word' id='word_1_679' title='bbox 2186 1882 2287 1929; x_wconf 77' lang='grc' dir='ltr'>ὀπήν,</span> 
     </span>
     <span class='ocr_line' id='line_1_91' title="bbox 1275 1929 2288 1977; baseline 0.001 -12"><span class='ocrx_word' id='word_1_680' title='bbox 1275 1930 1449 1977; x_wconf 86' lang='grc' dir='ltr'>σαλάμβ</span> <span class='ocrx_word' id='word_1_681' title='bbox 1494 1944 1500 1963; x_wconf 89' lang='lat'>:</span> <span class='ocrx_word' id='word_1_682' title='bbox 1547 1931 1636 1977; x_wconf 87' lang='grc' dir='ltr'>ὀπή,</span> <span class='ocrx_word' id='word_1_683' title='bbox 1677 1930 1892 1977; x_wconf 86' lang='grc' dir='ltr'>καπνοδόκη.</span> <span class='ocrx_word' id='word_1_684' title='bbox 1937 1929 2047 1970; x_wconf 78' lang='grc' dir='ltr'>οὕτως</span> <span class='ocrx_word' id='word_1_685' title='bbox 2091 1929 2140 1966; x_wconf 90' lang='grc' dir='ltr'>Σο</span> <span class='ocrx_word' id='word_1_686' title='bbox 2169 1929 2288 1977; x_wconf 83' lang='grc' dir='ltr'>οκλῆς.</span> 
     </span>
     <span class='ocr_line' id='line_1_92' title="bbox 1275 1943 2288 2021; baseline -0.001 -9"><span class='ocrx_word' id='word_1_687' title='bbox 1275 1981 1371 2012; x_wconf 90' lang='lat' dir='ltr'><strong>Phot.</strong></span> <span class='ocrx_word' id='word_1_688' title='bbox 1394 1990 1427 2021; x_wconf 90' lang='lat' dir='ltr'>p.</span> <span class='ocrx_word' id='word_1_689' title='bbox 1448 1943 1527 2019; x_wconf 56' lang='grc'>4197,</span> <span class='ocrx_word' id='word_1_690' title='bbox 1553 1977 1608 2012; x_wconf 91' lang='grc'>12.</span> <span class='ocrx_word' id='word_1_691' title='bbox 1636 1984 1672 2012; x_wconf 85' lang='lat' dir='ltr'>et</span> <span class='ocrx_word' id='word_1_692' title='bbox 1690 1981 1773 2012; x_wconf 81' lang='lat' dir='ltr'><strong>Lex.</strong></span> <span class='ocrx_word' id='word_1_693' title='bbox 1795 1980 1930 2011; x_wconf 87' lang='lat' dir='ltr'>Bachm.</span> <span class='ocrx_word' id='word_1_694' title='bbox 1948 1980 2013 2012; x_wconf 89' lang='lat' dir='ltr'>An.</span> <span class='ocrx_word' id='word_1_695' title='bbox 2035 1977 2065 2013; x_wconf 89' lang='lat'>1.</span> <span class='ocrx_word' id='word_1_696' title='bbox 2086 1989 2119 2020; x_wconf 88' lang='lat' dir='ltr'>p.</span> <span class='ocrx_word' id='word_1_697' title='bbox 2138 1943 2288 2020; x_wconf 56' lang='grc' dir='ltr'>ἕ61,20.</span> 
     </span>
     <span class='ocr_line' id='line_1_93' title="bbox 1277 2027 2288 2068; baseline -0.001 -9"><span class='ocrx_word' id='word_1_698' title='bbox 1277 2028 1463 2068; x_wconf 85' lang='lat' dir='ltr'>Utriusque</span> <span class='ocrx_word' id='word_1_699' title='bbox 1482 2029 1609 2059; x_wconf 83' lang='lat' dir='ltr'>formae</span> <span class='ocrx_word' id='word_1_700' title='bbox 1627 2029 1822 2060; x_wconf 88' lang='lat' dir='ltr'>memoriam</span> <span class='ocrx_word' id='word_1_701' title='bbox 1849 2028 1953 2059; x_wconf 87' lang='lat' dir='ltr'>etiam</span> <span class='ocrx_word' id='word_1_702' title='bbox 1969 2027 2159 2067; x_wconf 83' lang='lat' dir='ltr'>Hesychius</span> <span class='ocrx_word' id='word_1_703' title='bbox 2176 2036 2288 2059; x_wconf 82' lang='lat' dir='ltr'>serva-</span> 
     </span>
     <span class='ocr_line' id='line_1_94' title="bbox 1278 2071 2288 2119; baseline 0.001 -14"><span class='ocrx_word' id='word_1_704' title='bbox 1278 2076 1338 2107; x_wconf 87' lang='lat' dir='ltr'>vit.</span> <span class='ocrx_word' id='word_1_705' title='bbox 1370 2072 1562 2119; x_wconf 77' lang='grc' dir='ltr'>σαλάβηε</span> <span class='ocrx_word' id='word_1_706' title='bbox 1583 2072 1642 2107; x_wconf 89' lang='grc' dir='ltr'>καὶ</span> <span class='ocrx_word' id='word_1_707' title='bbox 1659 2072 1703 2108; x_wconf 88' lang='grc' dir='ltr'>θύ</span> <span class='ocrx_word' id='word_1_708' title='bbox 1728 2085 1767 2111; x_wconf 87' lang='grc' dir='ltr'>ας</span> <span class='ocrx_word' id='word_1_709' title='bbox 1786 2072 1868 2118; x_wconf 83' lang='grc' dir='ltr'>ὀπὴ.</span> <span class='ocrx_word' id='word_1_710' title='bbox 1899 2071 2146 2119; x_wconf 75' lang='grc' dir='ltr'>σαλάβουςε</span> <span class='ocrx_word' id='word_1_711' title='bbox 2176 2071 2288 2118; x_wconf 78' lang='grc' dir='ltr'>θυρῶν</span> 
     </span>
     <span class='ocr_line' id='line_1_95' title="bbox 1277 2086 2288 2167; baseline -0.001 -12"><span class='ocrx_word' id='word_1_712' title='bbox 1277 2120 1376 2159; x_wconf 86' lang='grc' dir='ltr'>ὀπάς.</span> <span class='ocrx_word' id='word_1_713' title='bbox 1399 2119 1560 2167; x_wconf 86' lang='grc' dir='ltr'>σαλάμβη</span> <span class='ocrx_word' id='word_1_714' title='bbox 1578 2119 1601 2166; x_wconf 84' lang='grc' dir='ltr'>ἡ</span> <span class='ocrx_word' id='word_1_715' title='bbox 1622 2120 1689 2167; x_wconf 79' lang='grc' dir='ltr'>ὀπὴ</span> <span class='ocrx_word' id='word_1_716' title='bbox 1708 2086 1749 2154; x_wconf 62' lang='grc' dir='ltr'>δι’</span> <span class='ocrx_word' id='word_1_717' title='bbox 1766 2120 1810 2166; x_wconf 81' lang='grc' dir='ltr'>ἧς</span> <span class='ocrx_word' id='word_1_718' title='bbox 1827 2121 1865 2155; x_wconf 90' lang='grc' dir='ltr'>τὸ</span> <span class='ocrx_word' id='word_1_719' title='bbox 1880 2119 1980 2158; x_wconf 81' lang='grc' dir='ltr'>σέλας</span> <span class='ocrx_word' id='word_1_720' title='bbox 2000 2119 2122 2166; x_wconf 83' lang='grc' dir='ltr'>βαίνει,</span> <span class='ocrx_word' id='word_1_721' title='bbox 2142 2118 2165 2167; x_wconf 84' lang='grc' dir='ltr'>ἢ</span> <span class='ocrx_word' id='word_1_722' title='bbox 2183 2118 2288 2166; x_wconf 86' lang='grc' dir='ltr'>πύλη,</span> 
     </span>
     <span class='ocr_line' id='line_1_96' title="bbox 1275 2165 2288 2215; baseline -0.002 -13"><span class='ocrx_word' id='word_1_723' title='bbox 1275 2166 1498 2214; x_wconf 84' lang='grc' dir='ltr'>καπνοδόκη,</span> <span class='ocrx_word' id='word_1_724' title='bbox 1535 2165 1643 2215; x_wconf 91' lang='grc' dir='ltr'>θυρίς.</span> <span class='ocrx_word' id='word_1_725' title='bbox 1688 2170 1811 2201; x_wconf 84' lang='lat' dir='ltr'>Veram</span> <span class='ocrx_word' id='word_1_726' title='bbox 1839 2179 1941 2201; x_wconf 88' lang='lat' dir='ltr'>unam</span> <span class='ocrx_word' id='word_1_727' title='bbox 1970 2169 2123 2201; x_wconf 88' lang='lat' dir='ltr'>vocabuli</span> <span class='ocrx_word' id='word_1_728' title='bbox 2152 2170 2288 2200; x_wconf 72' lang='lat' dir='ltr'>formam</span> 
     </span>
     <span class='ocr_line' id='line_1_97' title="bbox 1276 2213 2288 2295; baseline -0.002 -46"><span class='ocrx_word' id='word_1_729' title='bbox 1276 2227 1351 2295; x_wconf 53' lang='grc' dir='ltr'>ἔθεε</span> <span class='ocrx_word' id='word_1_730' title='bbox 1371 2213 1533 2262; x_wconf 83' lang='grc' dir='ltr'>σαλάμβη</span> <span class='ocrx_word' id='word_1_731' title='bbox 1552 2217 1666 2248; x_wconf 89' lang='lat' dir='ltr'>docuit</span> <span class='ocrx_word' id='word_1_732' title='bbox 1678 2217 1782 2248; x_wconf 89' lang='lat' dir='ltr'>Dind.</span> <span class='ocrx_word' id='word_1_733' title='bbox 1804 2218 1841 2248; x_wconf 90' lang='lat' dir='ltr'>in</span> <span class='ocrx_word' id='word_1_734' title='bbox 1858 2220 1971 2249; x_wconf 84' lang='lat' dir='ltr'>annot.</span> <span class='ocrx_word' id='word_1_735' title='bbox 1988 2216 2028 2248; x_wconf 88' lang='lat' dir='ltr'>ad</span> <span class='ocrx_word' id='word_1_736' title='bbox 2044 2217 2086 2248; x_wconf 83' lang='lat' dir='ltr'>fr.</span> <span class='ocrx_word' id='word_1_737' title='bbox 2104 2216 2204 2257; x_wconf 91' lang='lat' dir='ltr'><strong>Soph.</strong></span> <span class='ocrx_word' id='word_1_738' title='bbox 2221 2216 2288 2253; x_wconf 74' lang='lat' dir='ltr'>inc,</span> 
     </span>
    </p>

    <p class='ocr_par' dir='ltr' id='par_1_23' title="bbox 1300 2260 1518 2308">
     <span class='ocr_line' id='line_1_98' title="bbox 1300 2260 1518 2308; baseline -0.005 -13"><span class='ocrx_word' id='word_1_739' title='bbox 1300 2261 1358 2296; x_wconf 88' lang='grc'>40.</span> <span class='ocrx_word' id='word_1_740' title='bbox 1377 2282 1417 2287; x_wconf 91' lang='grc'><strong>-</strong></span> <span class='ocrx_word' id='word_1_741' title='bbox 1437 2260 1476 2307; x_wconf 77' lang='grc' dir='ltr'>(ἅ</span> <span class='ocrx_word' id='word_1_742' title='bbox 1485 2262 1518 2308; x_wconf 67' lang='lat'>2³)</span> 
     </span>
    </p>

    <p class='ocr_par' dir='ltr' id='par_1_24' title="bbox 1276 2318 2288 2463">
     <span class='ocr_line' id='line_1_99' title="bbox 1349 2318 2288 2367; baseline -0.002 -11"><span class='ocrx_word' id='word_1_743' title='bbox 1349 2318 1552 2367; x_wconf 77' lang='grc' dir='ltr'>Σᾶλᾶμίς</span> <span class='ocrx_word' id='word_1_744' title='bbox 1588 2321 1648 2366; x_wconf 81' lang='grc' dir='ltr'>(ἵ)</span> <span class='ocrx_word' id='word_1_745' title='bbox 1681 2323 1806 2354; x_wconf 86' lang='lat' dir='ltr'>insula.</span> <span class='ocrx_word' id='word_1_746' title='bbox 1846 2322 1874 2355; x_wconf 83' lang='grc' dir='ltr'>ὢ</span> <span class='ocrx_word' id='word_1_747' title='bbox 1903 2319 2021 2355; x_wconf 85' lang='grc' dir='ltr'>κλεινὰ</span> <span class='ocrx_word' id='word_1_748' title='bbox 2051 2318 2204 2366; x_wconf 86' lang='grc' dir='ltr'>Σαλαμίς</span> <span class='ocrx_word' id='word_1_749' title='bbox 2232 2321 2288 2354; x_wconf 76' lang='lat' dir='ltr'>Aj.</span> 
     </span>
     <span class='ocr_line' id='line_1_100' title="bbox 1277 2366 2288 2416; baseline -0.002 -14"><span class='ocrx_word' id='word_1_750' title='bbox 1277 2367 1345 2402; x_wconf 77' lang='lat'>596</span> <span class='ocrx_word' id='word_1_751' title='bbox 1363 2371 1415 2403; x_wconf 95' lang='lat' dir='ltr'>ch.</span> <span class='ocrx_word' id='word_1_752' title='bbox 1455 2373 1518 2416; x_wconf 85' lang='grc' dir='ltr'>τῆς</span> <span class='ocrx_word' id='word_1_753' title='bbox 1548 2367 1743 2416; x_wconf 87' lang='grc' dir='ltr'>ἀμφιρύτου</span> <span class='ocrx_word' id='word_1_754' title='bbox 1763 2366 1961 2414; x_wconf 88' lang='grc' dir='ltr'>Σαλαμῖνος</span> <span class='ocrx_word' id='word_1_755' title='bbox 1990 2370 2044 2401; x_wconf 89' lang='lat' dir='ltr'>Ai.</span> <span class='ocrx_word' id='word_1_756' title='bbox 2074 2366 2139 2401; x_wconf 86' lang='lat'>135</span> <span class='ocrx_word' id='word_1_757' title='bbox 2163 2378 2218 2400; x_wconf 87' lang='lat' dir='ltr'><strong>an.</strong></span> <span class='ocrx_word' id='word_1_758' title='bbox 2249 2382 2288 2392; x_wconf 88' lang='lat'>-·</span> 
     </span>
     <span class='ocr_line' id='line_1_101' title="bbox 1276 2413 2078 2463; baseline -0.002 -12"><span class='ocrx_word' id='word_1_759' title='bbox 1276 2417 1303 2451; x_wconf 85' lang='grc' dir='ltr'>ὦ</span> <span class='ocrx_word' id='word_1_760' title='bbox 1322 2420 1386 2463; x_wconf 85' lang='grc' dir='ltr'>γῆς</span> <span class='ocrx_word' id='word_1_761' title='bbox 1406 2416 1493 2462; x_wconf 83' lang='grc' dir='ltr'>ἱερὸν</span> <span class='ocrx_word' id='word_1_762' title='bbox 1513 2415 1639 2454; x_wconf 79' lang='grc' dir='ltr'>οἰκείας</span> <span class='ocrx_word' id='word_1_763' title='bbox 1658 2415 1761 2450; x_wconf 77' lang='grc' dir='ltr'>πέδον</span> <span class='ocrx_word' id='word_1_764' title='bbox 1783 2413 1979 2461; x_wconf 88' lang='grc' dir='ltr'>Σαλαμῖνος</span> <span class='ocrx_word' id='word_1_765' title='bbox 1996 2413 2078 2449; x_wconf 75' lang='grc'>860.</span> 
     </span>
    </p>

    <p class='ocr_par' dir='ltr' id='par_1_25' title="bbox 1273 2473 2288 2791">
     <span class='ocr_line' id='line_1_102' title="bbox 1348 2473 2288 2516; baseline -0.004 -6"><span class='ocrx_word' id='word_1_766' title='bbox 1348 2473 1529 2509; x_wconf 77' lang='grc' dir='ltr'>Σᾶλεύω</span> <span class='ocrx_word' id='word_1_767' title='bbox 1572 2478 1695 2514; x_wconf 80' lang='lat' dir='ltr'>iactor,</span> <span class='ocrx_word' id='word_1_768' title='bbox 1739 2485 1890 2516; x_wconf 77' lang='lat' dir='ltr'>quasaor,</span> <span class='ocrx_word' id='word_1_769' title='bbox 1937 2485 1955 2506; x_wconf 91' lang='lat' dir='ltr'>a</span> <span class='ocrx_word' id='word_1_770' title='bbox 1979 2476 2121 2506; x_wconf 82' lang='lat' dir='ltr'>navibus</span> <span class='ocrx_word' id='word_1_771' title='bbox 2156 2476 2288 2514; x_wconf 84' lang='lat' dir='ltr'>sumptu</span> 
     </span>
     <span class='ocr_line' id='line_1_103' title="bbox 1276 2519 2287 2569; baseline -0.004 -14"><span class='ocrx_word' id='word_1_772' title='bbox 1276 2524 1391 2556; x_wconf 87' lang='lat' dir='ltr'>simili.</span> <span class='ocrx_word' id='word_1_773' title='bbox 1432 2521 1531 2560; x_wconf 88' lang='grc' dir='ltr'>πόλις</span> <span class='ocrx_word' id='word_1_774' title='bbox 1560 2521 1623 2568; x_wconf 73' lang='grc' dir='ltr'>γὰρ</span> <span class='ocrx_word' id='word_1_775' title='bbox 1654 2520 1739 2569; x_wconf 79' lang='grc' dir='ltr'>ἄγαν</span> <span class='ocrx_word' id='word_1_776' title='bbox 1757 2521 1801 2567; x_wconf 80' lang='grc' dir='ltr'>ἥδ</span> <span class='ocrx_word' id='word_1_777' title='bbox 1845 2520 1980 2555; x_wconf 89' lang='grc' dir='ltr'>σαλεύει</span> <span class='ocrx_word' id='word_1_778' title='bbox 1997 2522 2055 2553; x_wconf 89' lang='lat' dir='ltr'>OR</span> <span class='ocrx_word' id='word_1_779' title='bbox 2071 2519 2129 2554; x_wconf 86' lang='lat'>23.</span> <span class='ocrx_word' id='word_1_780' title='bbox 2161 2520 2287 2553; x_wconf 76' lang='lat' dir='ltr'>schoL:</span> 
     </span>
     <span class='ocr_line' id='line_1_104' title="bbox 1274 2534 2288 2617; baseline -0.003 -14"><span class='ocrx_word' id='word_1_781' title='bbox 1274 2570 1298 2616; x_wconf 80' lang='grc' dir='ltr'>ἡ</span> <span class='ocrx_word' id='word_1_782' title='bbox 1325 2569 1503 2615; x_wconf 82' lang='grc' dir='ltr'>μεταφορὰ</span> <span class='ocrx_word' id='word_1_783' title='bbox 1530 2568 1598 2603; x_wconf 86' lang='grc' dir='ltr'>ἀπὸ</span> <span class='ocrx_word' id='word_1_784' title='bbox 1622 2573 1691 2602; x_wconf 86' lang='grc' dir='ltr'>τῶν</span> <span class='ocrx_word' id='word_1_785' title='bbox 1708 2534 1969 2617; x_wconf 54' lang='grc' dir='ltr'>χειμάέομένων</span> <span class='ocrx_word' id='word_1_786' title='bbox 1997 2573 2104 2602; x_wconf 76' lang='grc' dir='ltr'>νεῶνε</span> <span class='ocrx_word' id='word_1_787' title='bbox 2140 2571 2174 2599; x_wconf 89' lang='lat' dir='ltr'>et</span> <span class='ocrx_word' id='word_1_788' title='bbox 2202 2566 2288 2601; x_wconf 84' lang='grc' dir='ltr'>πάνυ</span> 
     </span>
     <span class='ocr_line' id='line_1_105' title="bbox 1273 2613 2288 2662; baseline -0.003 -12"><span class='ocrx_word' id='word_1_789' title='bbox 1273 2616 1493 2662; x_wconf 80' lang='grc' dir='ltr'>ταράττεται,</span> <span class='ocrx_word' id='word_1_790' title='bbox 1526 2615 1561 2651; x_wconf 84' lang='grc' dir='ltr'>ἐν</span> <span class='ocrx_word' id='word_1_791' title='bbox 1594 2615 1733 2661; x_wconf 83' lang='grc' dir='ltr'>μεγάλῳ</span> <span class='ocrx_word' id='word_1_792' title='bbox 1762 2614 1912 2650; x_wconf 87' lang='grc' dir='ltr'>κλύδωνί</span> <span class='ocrx_word' id='word_1_793' title='bbox 1944 2615 2049 2656; x_wconf 83' lang='grc' dir='ltr'>ἐστιν,</span> <span class='ocrx_word' id='word_1_794' title='bbox 2084 2614 2120 2649; x_wconf 82' lang='grc' dir='ltr'>ἐν</span> <span class='ocrx_word' id='word_1_795' title='bbox 2152 2613 2261 2661; x_wconf 76' lang='grc' dir='ltr'>μεγάλ</span> <span class='ocrx_word' id='word_1_796' title='bbox 2283 2615 2288 2619; x_wconf 72' lang='grc'><em>’</em></span> 
     </span>
     <span class='ocr_line' id='line_1_106' title="bbox 1274 2625 2288 2709; baseline -0.002 -11"><span class='ocrx_word' id='word_1_797' title='bbox 1274 2663 1433 2709; x_wconf 83' lang='grc' dir='ltr'>κινδύνῳ.</span> <span class='ocrx_word' id='word_1_798' title='bbox 1464 2665 1517 2697; x_wconf 82' lang='lat' dir='ltr'>Cf.</span> <span class='ocrx_word' id='word_1_799' title='bbox 1547 2660 1749 2696; x_wconf 66' lang='lat' dir='ltr'>Dorvill.&#39;ad</span> <span class='ocrx_word' id='word_1_800' title='bbox 1767 2664 1864 2696; x_wconf 87' lang='lat' dir='ltr'>Char.</span> <span class='ocrx_word' id='word_1_801' title='bbox 1893 2674 1927 2705; x_wconf 87' lang='lat' dir='ltr'>p.</span> <span class='ocrx_word' id='word_1_802' title='bbox 1949 2660 2029 2696; x_wconf 88' lang='lat'><strong>307.</strong></span> <span class='ocrx_word' id='word_1_803' title='bbox 2066 2661 2231 2707; x_wconf 87' lang='grc' dir='ltr'>πρόδοτος</span> <span class='ocrx_word' id='word_1_804' title='bbox 2251 2625 2288 2696; x_wconf 58' lang='grc' dir='ltr'>ἐς</span> 
     </span>
     <span class='ocr_line' id='line_1_107' title="bbox 1275 2706 2288 2757; baseline -0.005 -12"><span class='ocrx_word' id='word_1_805' title='bbox 1275 2710 1363 2757; x_wconf 88' lang='grc' dir='ltr'>μόνα</span> <span class='ocrx_word' id='word_1_806' title='bbox 1380 2709 1514 2744; x_wconf 87' lang='grc' dir='ltr'>σαλεύει</span> <span class='ocrx_word' id='word_1_807' title='bbox 1531 2706 1703 2756; x_wconf 79' lang='grc' dir='ltr'>Ἠλέκτρα</span> <span class='ocrx_word' id='word_1_808' title='bbox 1721 2712 1774 2745; x_wconf 89' lang='grc' dir='ltr'>ΕΙ.</span> <span class='ocrx_word' id='word_1_809' title='bbox 1797 2708 1887 2743; x_wconf 79' lang='lat'>1075</span> <span class='ocrx_word' id='word_1_810' title='bbox 1906 2711 1956 2743; x_wconf 78' lang='lat' dir='ltr'><strong>ch.</strong></span> <span class='ocrx_word' id='word_1_811' title='bbox 1986 2711 2199 2752; x_wconf 77' lang='lat' dir='ltr'>conflictatur</span> <span class='ocrx_word' id='word_1_812' title='bbox 2215 2718 2288 2740; x_wconf 77' lang='lat' dir='ltr'>cum</span> 
     </span>
     <span class='ocr_line' id='line_1_108' title="bbox 1274 2761 1384 2791; baseline 0 -1"><span class='ocrx_word' id='word_1_813' title='bbox 1274 2761 1384 2791; x_wconf 79' lang='lat' dir='ltr'>malis.</span> 
     </span>
    </p>

    <p class='ocr_par' dir='ltr' id='par_1_26' title="bbox 1347 2814 1783 2862">
     <span class='ocr_line' id='line_1_109' title="bbox 1347 2814 1783 2862; baseline -0.007 -11"><span class='ocrx_word' id='word_1_814' title='bbox 1347 2814 1494 2862; x_wconf 86' lang='grc' dir='ltr'>Σαλητ</span> <span class='ocrx_word' id='word_1_815' title='bbox 1508 2815 1552 2850; x_wconf 90' lang='grc' dir='ltr'>όν</span> <span class='ocrx_word' id='word_1_816' title='bbox 1571 2827 1602 2848; x_wconf 87' lang='grc' dir='ltr'>ν.</span> <span class='ocrx_word' id='word_1_817' title='bbox 1627 2814 1783 2861; x_wconf 86' lang='grc' dir='ltr'>σαρητόν.</span> 
     </span>
    </p>

    <p class='ocr_par' dir='ltr' id='par_1_27' title="bbox 1274 2873 2288 2966">
     <span class='ocr_line' id='line_1_110' title="bbox 1344 2873 2288 2920; baseline -0.005 -11"><span class='ocrx_word' id='word_1_818' title='bbox 1344 2873 1387 2920; x_wconf 89' lang='grc' dir='ltr'>[Σ</span> <span class='ocrx_word' id='word_1_819' title='bbox 1399 2874 1449 2909; x_wconf 94' lang='grc' dir='ltr'>αλ</span> <span class='ocrx_word' id='word_1_820' title='bbox 1461 2873 1604 2920; x_wconf 88' lang='grc' dir='ltr'>μωνεύ</span> <span class='ocrx_word' id='word_1_821' title='bbox 1617 2886 1632 2912; x_wconf 87' lang='grc' dir='ltr'>ς</span> <span class='ocrx_word' id='word_1_822' title='bbox 1658 2885 1691 2906; x_wconf 89' lang='lat' dir='ltr'>n.</span> <span class='ocrx_word' id='word_1_823' title='bbox 1721 2885 1771 2916; x_wconf 90' lang='lat' dir='ltr'>pr.</span> <span class='ocrx_word' id='word_1_824' title='bbox 1806 2876 1956 2915; x_wconf 87' lang='lat' dir='ltr'>Satyrica</span> <span class='ocrx_word' id='word_1_825' title='bbox 1973 2874 2073 2915; x_wconf 89' lang='lat' dir='ltr'><strong>Soph.</strong></span> <span class='ocrx_word' id='word_1_826' title='bbox 2103 2874 2216 2906; x_wconf 82' lang='lat' dir='ltr'>fabula</span> <span class='ocrx_word' id='word_1_827' title='bbox 2241 2873 2288 2905; x_wconf 82' lang='lat' dir='ltr'>sio</span> 
     </span>
     <span class='ocr_line' id='line_1_111' title="bbox 1274 2919 2234 2966; baseline -0.003 -11"><span class='ocrx_word' id='word_1_828' title='bbox 1274 2927 1346 2956; x_wconf 87' lang='lat' dir='ltr'>erat</span> <span class='ocrx_word' id='word_1_829' title='bbox 1362 2924 1537 2964; x_wconf 87' lang='lat' dir='ltr'>inscripta.</span> <span class='ocrx_word' id='word_1_830' title='bbox 1561 2924 1600 2953; x_wconf 89' lang='lat' dir='ltr'>V.</span> <span class='ocrx_word' id='word_1_831' title='bbox 1623 2923 1664 2954; x_wconf 79' lang='lat' dir='ltr'>fr.</span> <span class='ocrx_word' id='word_1_832' title='bbox 1686 2919 1756 2954; x_wconf 81' lang='grc'>482</span> <span class='ocrx_word' id='word_1_833' title='bbox 1769 2940 1807 2945; x_wconf 91' lang='grc'>--</span> <span class='ocrx_word' id='word_1_834' title='bbox 1819 2919 1887 2955; x_wconf 80' lang='lat'>485</span> <span class='ocrx_word' id='word_1_835' title='bbox 1906 2919 2030 2966; x_wconf 87' lang='lat' dir='ltr'>Dind.]</span> <span class='ocrx_word' id='word_1_836' title='bbox 2232 2927 2234 2929; x_wconf 83' lang='grc'><strong>’</strong></span> 
     </span>
    </p>

    <p class='ocr_par' dir='ltr' id='par_1_28' title="bbox 1271 2975 2288 3261">
     <span class='ocr_line' id='line_1_112' title="bbox 1345 2975 2288 3027; baseline -0.004 -12"><span class='ocrx_word' id='word_1_837' title='bbox 1345 2977 1674 3026; x_wconf 76' lang='grc' dir='ltr'>Σαλμόδησσός</span> <span class='ocrx_word' id='word_1_838' title='bbox 1708 2982 1799 3012; x_wconf 90' lang='lat' dir='ltr'>urbs.</span> <span class='ocrx_word' id='word_1_839' title='bbox 1830 2979 1847 3014; x_wconf 83' lang='grc' dir='ltr'><strong>ὁ</strong></span> <span class='ocrx_word' id='word_1_840' title='bbox 1874 2977 2020 3027; x_wconf 77' lang='grc' dir='ltr'>Θρῃκῶν</span> <span class='ocrx_word' id='word_1_841' title='bbox 2046 2976 2164 3018; x_wconf 80' lang='grc' dir='ltr'>ἄξενος</span> <span class='ocrx_word' id='word_1_842' title='bbox 2194 2975 2288 3012; x_wconf 79' lang='grc' dir='ltr'>Σαλ-</span> 
     </span>
     <span class='ocr_line' id='line_1_113' title="bbox 1275 3025 2286 3074; baseline -0.004 -13"><span class='ocrx_word' id='word_1_843' title='bbox 1275 3027 1447 3074; x_wconf 88' lang='grc' dir='ltr'>μυδησσός</span> <span class='ocrx_word' id='word_1_844' title='bbox 1470 3030 1550 3060; x_wconf 88' lang='lat' dir='ltr'><strong>Ant.</strong></span> <span class='ocrx_word' id='word_1_845' title='bbox 1585 3025 1653 3060; x_wconf 92' lang='grc'>970</span> <span class='ocrx_word' id='word_1_846' title='bbox 1678 3029 1730 3060; x_wconf 86' lang='lat' dir='ltr'><strong>ch.</strong></span> <span class='ocrx_word' id='word_1_847' title='bbox 1777 3028 1831 3060; x_wconf 89' lang='lat' dir='ltr'>Sic</span> <span class='ocrx_word' id='word_1_848' title='bbox 1857 3028 2026 3068; x_wconf 78' lang='lat' dir='ltr'>duplicato</span> <span class='ocrx_word' id='word_1_849' title='bbox 2057 3037 2075 3058; x_wconf 92' lang='grc' dir='ltr'>σ</span> <span class='ocrx_word' id='word_1_850' title='bbox 2100 3027 2215 3073; x_wconf 73' lang='grc' dir='ltr'>ῌεῐω.</span> <span class='ocrx_word' id='word_1_851' title='bbox 2243 3034 2286 3057; x_wconf 83' lang='lat' dir='ltr'>ex</span> 
     </span>
     <span class='ocr_line' id='line_1_114' title="bbox 1272 3073 2288 3116; baseline -0.003 -9"><span class='ocrx_word' id='word_1_852' title='bbox 1272 3077 1367 3108; x_wconf 88' lang='lat' dir='ltr'>libris</span> <span class='ocrx_word' id='word_1_853' title='bbox 1401 3077 1577 3116; x_wconf 87' lang='lat' dir='ltr'>omnibus,</span> <span class='ocrx_word' id='word_1_854' title='bbox 1614 3080 1705 3107; x_wconf 89' lang='lat' dir='ltr'>recte</span> <span class='ocrx_word' id='word_1_855' title='bbox 1738 3076 1873 3116; x_wconf 86' lang='lat' dir='ltr'>quidem</span> <span class='ocrx_word' id='word_1_856' title='bbox 1908 3075 1943 3105; x_wconf 86' lang='lat' dir='ltr'>in</span> <span class='ocrx_word' id='word_1_857' title='bbox 1978 3083 2017 3105; x_wconf 81' lang='lat' dir='ltr'>ea</span> <span class='ocrx_word' id='word_1_858' title='bbox 2045 3073 2288 3105; x_wconf 77' lang='lat' dir='ltr'>incertitudine</span> 
     </span>
     <span class='ocr_line' id='line_1_115' title="bbox 1272 3116 2287 3165; baseline -0.003 -10"><span class='ocrx_word' id='word_1_859' title='bbox 1272 3124 1476 3164; x_wconf 82' lang='lat' dir='ltr'>scripturae,</span> <span class='ocrx_word' id='word_1_860' title='bbox 1505 3123 1545 3154; x_wconf 90' lang='lat' dir='ltr'>de</span> <span class='ocrx_word' id='word_1_861' title='bbox 1567 3133 1633 3164; x_wconf 86' lang='lat' dir='ltr'>qua</span> <span class='ocrx_word' id='word_1_862' title='bbox 1651 3123 1878 3161; x_wconf 85' lang='lat' dir='ltr'>significatum</span> <span class='ocrx_word' id='word_1_863' title='bbox 1895 3132 1927 3154; x_wconf 89' lang='lat' dir='ltr'>v.</span> <span class='ocrx_word' id='word_1_864' title='bbox 1952 3117 2111 3165; x_wconf 86' lang='grc' dir='ltr'>Κηφισός</span> <span class='ocrx_word' id='word_1_865' title='bbox 2137 3124 2171 3152; x_wconf 88' lang='lat' dir='ltr'>et</span> <span class='ocrx_word' id='word_1_866' title='bbox 2189 3116 2287 3164; x_wconf 66' lang='lat' dir='ltr'>Hap—</span> 
     </span>
     <span class='ocr_line' id='line_1_116' title="bbox 1271 3165 2282 3212; baseline -0.006 -9"><span class='ocrx_word' id='word_1_867' title='bbox 1271 3168 1406 3207; x_wconf 84' lang='grc' dir='ltr'>νασσός.</span> <span class='ocrx_word' id='word_1_868' title='bbox 1435 3171 1580 3202; x_wconf 90' lang='lat' dir='ltr'>Brunck.</span> <span class='ocrx_word' id='word_1_869' title='bbox 1601 3169 1674 3201; x_wconf 85' lang='lat' dir='ltr'><strong>Erf.</strong></span> <span class='ocrx_word' id='word_1_870' title='bbox 1699 3169 1838 3211; x_wconf 75' lang='lat' dir='ltr'>[Dind.]</span> <span class='ocrx_word' id='word_1_871' title='bbox 1861 3165 2101 3212; x_wconf 87' lang='grc' dir='ltr'>Σαλμυδησός.</span> <span class='ocrx_word' id='word_1_872' title='bbox 2129 3168 2187 3199; x_wconf 75' lang='lat' dir='ltr'>LA</span> <span class='ocrx_word' id='word_1_873' title='bbox 2203 3166 2237 3199; x_wconf 89' lang='lat' dir='ltr'>h.</span> <span class='ocrx_word' id='word_1_874' title='bbox 2258 3166 2282 3198; x_wconf 90' lang='lat'>1.</span> 
     </span>
     <span class='ocr_line' id='line_1_117' title="bbox 1274 3211 2258 3261; baseline -0.006 -11"><span class='ocrx_word' id='word_1_875' title='bbox 1274 3213 1531 3261; x_wconf 85' lang='grc' dir='ltr'>Σαλμυδισσός,</span> <span class='ocrx_word' id='word_1_876' title='bbox 1562 3217 1621 3248; x_wconf 88' lang='lat' dir='ltr'>sed</span> <span class='ocrx_word' id='word_1_877' title='bbox 1641 3217 1759 3248; x_wconf 90' lang='lat' dir='ltr'>Aesch.</span> <span class='ocrx_word' id='word_1_878' title='bbox 1784 3217 1893 3248; x_wconf 89' lang='lat' dir='ltr'>Prom.</span> <span class='ocrx_word' id='word_1_879' title='bbox 1915 3211 1994 3247; x_wconf 85' lang='lat'><strong>726.</strong></span> <span class='ocrx_word' id='word_1_880' title='bbox 2019 3211 2258 3259; x_wconf 81' lang='grc' dir='ltr'>Σαλμυδησός.</span> 
     </span>
    </p>
   </div>
   <div class='ocr_carea' id='block_1_20' title="bbox 1273 3268 2288 3366">
    <p class='ocr_par' dir='ltr' id='par_1_29' title="bbox 1273 3268 2288 3366">
     <span class='ocr_line' id='line_1_118' title="bbox 1344 3268 2288 3317; baseline -0.005 -8"><span class='ocrx_word' id='word_1_881' title='bbox 1344 3268 1488 3313; x_wconf 72' lang='grc' dir='ltr'>Σάλος</span> <span class='ocrx_word' id='word_1_882' title='bbox 1514 3276 1646 3317; x_wconf 88' lang='lat' dir='ltr'>proprie</span> <span class='ocrx_word' id='word_1_883' title='bbox 1663 3276 1766 3306; x_wconf 78' lang='lat' dir='ltr'>maris</span> <span class='ocrx_word' id='word_1_884' title='bbox 1792 3275 1936 3305; x_wconf 73' lang='lat' dir='ltr'>iactatio.</span> <span class='ocrx_word' id='word_1_885' title='bbox 1966 3271 2006 3306; x_wconf 82' lang='grc' dir='ltr'>ἐκ</span> <span class='ocrx_word' id='word_1_886' title='bbox 2029 3270 2160 3307; x_wconf 83' lang='grc' dir='ltr'>πολλοῦ</span> <span class='ocrx_word' id='word_1_887' title='bbox 2179 3269 2288 3305; x_wconf 76' lang='grc' dir='ltr'>σάλου</span> 
     </span>
     <span class='ocr_line' id='line_1_119' title="bbox 1273 3316 2287 3366; baseline -0.005 -11"><span class='ocrx_word' id='word_1_888' title='bbox 1273 3316 1402 3355; x_wconf 76' lang='grc' dir='ltr'>εὕδοντ’</span> <span class='ocrx_word' id='word_1_889' title='bbox 1421 3319 1474 3354; x_wconf 79' lang='grc' dir='ltr'>ἐπ’</span> <span class='ocrx_word' id='word_1_890' title='bbox 1492 3320 1600 3366; x_wconf 84' lang='grc' dir='ltr'>ἀκτῆς</span> <span class='ocrx_word' id='word_1_891' title='bbox 1619 3322 1678 3353; x_wconf 86' lang='lat' dir='ltr'>Ph.</span> <span class='ocrx_word' id='word_1_892' title='bbox 1700 3318 1781 3353; x_wconf 89' lang='grc'>271.</span> <span class='ocrx_word' id='word_1_893' title='bbox 1804 3321 2019 3352; x_wconf 85' lang='lat' dir='ltr'>Transfertur</span> <span class='ocrx_word' id='word_1_894' title='bbox 2037 3321 2077 3351; x_wconf 85' lang='lat' dir='ltr'>ad</span> <span class='ocrx_word' id='word_1_895' title='bbox 2095 3327 2287 3351; x_wconf 82' lang='lat' dir='ltr'>concussam</span> 
     </span>
    </p>
   </div>
   <div class='ocr_carea' id='block_1_21' title="bbox 1251 3363 2288 3413">
    <p class='ocr_par' dir='ltr' id='par_1_30' title="bbox 1251 3363 2288 3413">
     <span class='ocr_line' id='line_1_120' title="bbox 1251 3363 2288 3413; baseline -0.001 -13"><span class='ocrx_word' id='word_1_896' title='bbox 1251 3370 1423 3412; x_wconf 74' lang='lat' dir='ltr'>;periculo</span> <span class='ocrx_word' id='word_1_897' title='bbox 1441 3370 1625 3403; x_wconf 81' lang='lat' dir='ltr'>civitatem.</span> <span class='ocrx_word' id='word_1_898' title='bbox 1662 3366 1705 3401; x_wconf 83' lang='grc' dir='ltr'>τὰ</span> <span class='ocrx_word' id='word_1_899' title='bbox 1733 3365 1796 3413; x_wconf 90' lang='grc' dir='ltr'>μὲν</span> <span class='ocrx_word' id='word_1_900' title='bbox 1828 3365 1870 3413; x_wconf 83' lang='grc' dir='ltr'>δὴ</span> <span class='ocrx_word' id='word_1_901' title='bbox 1902 3365 2026 3404; x_wconf 85' lang='grc' dir='ltr'>πόλεος</span> <span class='ocrx_word' id='word_1_902' title='bbox 2054 3364 2173 3411; x_wconf 85' lang='grc' dir='ltr'>πολλῷ</span> <span class='ocrx_word' id='word_1_903' title='bbox 2192 3363 2288 3409; x_wconf 25' lang='grc' dir='ltr'>σάλῳ.</span> 
     </span>
    </p>
   </div>
  </div>
 </body>
</html>
