2288 3600
226 2817 229 2819 .
296 2789 372 2821 Alia
387 2787 447 2823 καὶ
517 2787 577 2821 καί
594 2790 786 2830 oppositum
802 2789 939 2830 habent,
959 2794 999 2821 ut
1015 2790 1056 2821 de
1074 2790 1203 2821 duobus
1219 2789 1307 2820 idem
1344 2788 1528 2829 posteriora
1552 2788 1675 2818 arctius
1693 2797 1860 2819 connexa:
1890 2786 2000 2820 πάντα
2015 2791 2140 2832 νωμῶν
2159 2783 2222 2820 διδ
2248 2787 2261 2828 ἦ

298 123 396 171 352
1244 178 1247 180 ,
1285 121 1378 172 Καί
2031 136 2064 183 [1
2086 136 2211 181 p.877

291 237 379 272 νέτω
410 240 464 271 Tr.
498 236 578 271 345.
623 236 745 273 πείθου
779 238 843 272 κού
874 237 1004 284 μέμψει
1029 237 1155 286 χρόνῳ
1177 237 1309 284 γυναικὶ
1345 237 1427 284 ὗμιν
1455 239 1545 285 εἰμί,
1573 245 1656 274 τῶν
1678 239 1707 275 τ’
1723 240 1806 276 ὑπαὶ
1821 241 1939 288 γένους
1958 230 2214 291 ἐξημπόλημαι.
2253 263 2255 268 ¹

291 284 385 333 τῇδε,
412 281 495 320 κάπ’
519 284 604 331 ἐμοῦ
621 284 740 337 κτήσει
756 285 858 366 χῧάριν
876 283 957 318 470.
1001 286 1060 319 καὶ
1077 285 1119 320 τὰ
1137 284 1200 331 μὲν
1217 282 1308 319 θεῶν
1344 285 1468 320 τῶνδε.
1506 289 1621 320 Herm.
1642 283 1722 322 τῶν.
1760 291 1964 331 lmerpretes
1990 292 2044 323 hic
2068 293 2159 324 locus
2177 293 2266 324 val.

291 331 454 379 παρέβαν,
475 332 533 366 καὶ
552 331 646 370 ὅπως
666 330 772 379 Κρονί
795 345 834 367 αν
853 331 1044 374 ἀπάτασεν,
1075 331 1113 366 οὐ
1131 331 1222 378 λέγω
1239 329 1308 365 498
1346 335 1401 365 sit.
1434 352 1474 357 —
1505 336 1549 367 Et
1573 337 1608 367 in
1634 334 1709 369 καὶ
1786 347 1830 369 τε
1907 348 1970 378 τε,
2001 339 2035 370 in
2061 340 2184 381 quibus
2206 349 2243 372 τε

292 381 342 412 ch.
371 379 459 414 *καί
477 391 535 425 μοι
551 374 624 414 τάδ’
641 379 683 426 ἡν
702 378 892 426 πρόρρητα,
903 379 962 413 καὶ
974 377 1098 414 τοιαῦτ’
1117 379 1224 426 ἔδρων
1240 377 1308 412 684
1345 382 1454 422 posita
1478 380 1518 414 ἐκ
1535 380 1759 428 παραλλήλου
1773 410 1780 424 ,
1810 381 1868 417 καί
1892 389 2006 417 autem
2029 389 2131 418 totam
2154 390 2252 419 sente

291 425 384 471 [sec-l.
401 425 553 471 Wund.].
584 426 623 461 ού
643 427 692 473 μὴ
712 421 869 473 ’ξεγερεῖς
882 426 1115 473 κάκκινήσεις,
1132 425 1308 472 κάναστή-
1345 429 1512 469 prioribus
1547 430 1705 462 adnectit.
1750 429 1809 464 καὶ
1833 430 1894 468 τάς
1917 442 1954 464 τε
1979 430 2128 478 πρόσθεν
2152 432 2214 471 τάς
2249 452 2257 461 ·

293 485 361 512 σεις
379 473 479 508 νόσον
498 471 566 506 978
583 485 637 507 an.
673 473 732 508 καὶ
749 474 812 520 γὰρ
829 473 872 508 τὰ
890 472 982 508 δεινοὶ
998 473 1056 508 καὶ
1072 473 1115 508 τὰ
1131 475 1307 521 καρτερώ-
1343 473 1539 523 ἠλέγχομεν
1557 474 1695 522 πράξεις
1712 479 1792 510 Ant.
1814 475 1895 510 434.
1927 477 1985 512 καί
2000 491 2050 512 νιν
2067 477 2114 525 ὄμ
2159 493 2188 526 ῳ
2203 491 2247 514 τα
2264 491 2270 505 -’

289 533 376 555 τατα
399 524 517 567 τιμαῖς
542 519 674 555 ὑπείκει
695 524 749 554 Ai.
771 519 852 554 669.
895 520 1006 566 κόμας
1025 520 1110 567 ἐμὰς
1127 521 1185 555 καὶ
1202 520 1305 567 τῆσδε
1343 534 1402 556 ναν
1431 524 1518 571 χιών
1547 521 1574 556 τ’
1600 522 1736 569 οὐδαμὰ
1765 522 1873 558 λείπει
1897 524 2008 572 τέγγει
2030 537 2067 560 τε
2091 478 2160 560 828
2183 538 2227 560 m.

290 568 348 602 καὶ
378 571 502 602 σαυτοῦ
532 566 633 602 1174.
677 571 751 606 τοῖς
779 571 916 615 φονεῦσι
942 567 1087 615 ξύνειμι,
1115 567 1185 602 κάκ
1207 563 1303 602 τῶνδ’
1342 568 1402 603 καὶ
1418 581 1441 603 κ
1465 569 1529 616 άτη
1549 569 1586 603 σέ
1603 568 1631 604 τ’
1648 569 1709 604 εἶδ’
1729 570 1853 618 ἔχοντα
1865 570 1970 606 Λάιον
1987 567 2016 606 τ’
2030 571 2186 608 ὀλωλότα
2203 575 2261 608 ΟΒ

291 614 459 662 ἄρχομαι,
488 614 556 649 κάκ
579 614 687 649 τῶνδέ
705 627 762 661 μοι
779 615 898 661 λαβεῖν
978 614 1073 650 πέλει
1090 617 1143 648 El.
1165 613 1244 648 264.
1282 614 1304 660 ἦ
1342 614 1407 656 κάξ
1425 582 1506 651 ὁδοῦ
1525 615 1558 662 μ’
1577 616 1595 651 ὅ
1612 615 1644 652 θ’
1660 608 1800 665 ἡγεμών
1818 617 1918 657 αὐτός
1935 615 1968 653 θ’
1984 619 2002 654 ὁ
2020 620 2167 667 πρέσβυς
2183 633 2244 667 πρ
2257 642 2271 649 -ν

292 662 449 708 μέμηνας
474 661 559 696 κάπὶ
585 666 659 700 τοῖς
686 667 813 710 σαυτῆς
837 666 976 697 κακοῖσι
1001 662 1086 696 κάπὶ
1108 666 1181 700 τοῖς
1207 662 1305 707 ἐμοῖς
1342 662 1534 710 ἠλαυνέτην
1553 662 1633 698 804.
1662 665 1722 699 καὶ
1744 665 1796 700 σοί
1811 678 1848 699 τε
1864 665 2006 714 τούργον
2022 667 2114 702 τοῦτ’
2131 667 2210 714 ἐμοί
2220 663 2249 702 τ’

290 708 412 756 γελᾷςς
434 708 516 743 879.
559 710 618 744 καὶ
640 710 812 756 νησιώτας
828 709 888 744 καὶ
906 714 1041 756 μακρᾶς
1060 708 1244 757 Εὐρωπίας
1263 712 1301 742 fr.
1343 710 1453 758 βραχύ
1472 713 1526 744 OC
1548 710 1648 744 1118.
1692 712 1752 746 καὶ
1778 712 1862 759 πρός
1879 725 1915 747 τε
1932 713 2078 760 ποίμνας
2095 714 2252 762 ἐκτρέπω

294 759 424 799 Captiv.
459 755 514 790 37.
559 756 618 791 καὶ
645 755 750 791 κοῖλα
780 755 1001 805 χρυσόκολλα
1023 757 1082 791 καὶ
1107 756 1306 804 πανάργυρα
1344 758 1446 804 μικτά
1462 770 1498 792 τε
1515 757 1608 796 λείας
1626 758 1758 794 ἄδαστα
1773 760 2135 807 φρουρήματαΑ1.53.
2158 764 2204 796 Co
2246 777 2251 791 ·
2270 764 2272 770 ⁸

291 803 483 849 ἐκπώματα
502 806 607 837 Laris.
629 802 684 846 68,
707 802 739 837 3.
785 803 914 853 χαίρειν
939 803 1003 838 κού
1025 803 1099 849 [καὶ
1117 807 1192 837 libri
1211 805 1301 838 Stob.
1342 810 1394 838 est
1411 804 1438 839 δ’
1455 803 1496 839 ἂν
1513 805 1571 839 καὶ
1587 805 1636 851 τῷ
1662 817 1688 839 S.
1709 804 1770 840 δᾶν
1787 806 1845 841 καὶ
1861 808 1911 841 τῶ
1929 809 2083 849 Thamyr.
2105 812 2145 842 fr.
2164 807 2234 842 232
2253 828 2267 837 τ

291 850 347 893 91,
369 849 429 896 27]
452 854 564 885 νοσεῖν
585 850 716 890 ἐξουσία
733 851 892 898 πάρεστιν
910 850 1003 898 αὐτῷ
1022 850 1306 898 κάπικρύψασθαι
1343 851 1495 890 δακετός.
1519 872 1559 876 -
1589 850 1641 887 Τε
1666 853 1743 887 καὶ
1822 842 1911 900 ἠδέ.
1946 855 2123 902 κρημνούς
2148 868 2185 890 τε
2207 869 2267 892 κα

291 897 384 932 κακά
401 900 518 932 Alead.
545 896 626 939 109,
653 897 706 931 11.
791 911 878 933 νειον
907 901 1078 946 φοροῦντα
1101 898 1306 934 κάντίπαιδα
1343 911 1466 946 ραγγας
1475 895 1531 945 ἠδ’
1547 899 1710 938 ἐπακτίας
1719 899 1877 939 αὐλῶνας
1889 903 2000 943 Scyth.
2013 906 2053 936 fr.
2065 901 2146 937 493.
2161 923 2202 928 —
2221 901 2250 939 T

292 945 350 980 καὶ
366 945 456 993 γένει
475 944 581 991 μέγαν
601 947 702 986 Synd.
726 913 802 989 148,
824 944 857 979 2.
901 946 960 980 καὶ
981 945 1133 981 κλίνεταί
1148 958 1185 992 γε
1206 945 1306 992 [γλυ-
1405 946 1491 981 καί.
1514 946 1536 992 ή
1556 942 1580 980 δ’
1602 947 1662 993 ep)
1688 947 1785 996 ψυχὴ
1804 947 1900 983 πόλιν
1912 961 1948 983 τε
1962 949 2053 996 κάμὲ
2065 950 2124 985 καί
2138 946 2162 984 σ’
2177 950 2244 997 ὁμο
2265 974 2268 978 -

291 992 443 1027 καίνεταί
466 1004 503 1026 τε
521 995 669 1026 Meinek.
698 996 784 1027 bene
811 992 913 1038 coni.]
938 992 1219 1041 κάποπερκοῦται
1245 992 1306 1039 βό-
1341 992 1537 1028 νειΟΒ.64.
1560 960 1725 1040 ἐκμαθεῖν
1737 995 1854 1052 ψυχήν
1863 1008 1898 1030 τε
1907 997 2002 1043 καὶφ
2024 996 2269 1045 όνημακαὶγν

290 1052 371 1087 τρυς
398 1041 534 1080 Thyest.
561 1037 641 1083 239,
668 1039 701 1074 6.
745 1039 980 1088 κάξορμενίζει
1004 1040 1092 1075 κούκ
1116 1039 1306 1088 ἐπισχολά-
1342 1043 1421 1074 Ant.
1446 1039 1523 1074 176.
1562 1041 1639 1087 μύω
1662 1053 1699 1075 τε
1721 1043 1780 1077 καὶ
1800 1042 1945 1090 οέδορκα
1961 1043 2008 1078 κά
2027 1044 2208 1091 ανίσταμαι
2223 1048 2269 1079 fr

292 1087 385 1127 ζεται
401 1085 531 1134 βλάστη
549 1089 642 1120 Ichn.
664 1085 744 1121 296.
774 1083 903 1123 κάκεῖν’
922 1087 1033 1127 ἔτευξε
1112 1088 1181 1122 κάκ
1197 1087 1307 1122 τῶνδέ
1342 1087 1421 1130 754,
1447 1087 1477 1121 1.
1506 1091 1545 1121 In
1564 1090 1616 1121 his
1632 1101 1668 1122 τε
1685 1089 1744 1123 καί
1760 1093 1868 1132 posita
1885 1091 1925 1125 ἐκ
1943 1090 2188 1139 παραλλήλου,
2215 1091 2268 1126 al'

291 1133 321 1182 γ’
337 1133 437 1172 αὖθις
455 1133 531 1181 εὗρε
549 1136 670 1177 Naupl.
693 1133 770 1177 379,
794 1134 826 1168 3.
872 1133 1055 1169 θάλπουσα
1070 1136 1129 1170 καὶ
1147 1135 1306 1183 ψύχουσα
1342 1134 1399 1170 καί
1431 1138 1664 1168 adiunctivum
1698 1139 1768 1169 sive
1798 1141 2050 1171 consecutivum
2073 1145 2142 1181 est,
2171 1144 2212 1172 ut
2245 1148 2271 1167 ‹·

291 1182 350 1216 καὶ
376 1181 471 1228 πόνῳ
501 1181 603 1216 πόνον
634 1180 853 1217 ἀλλάσσουσα
883 1183 978 1215 Niob.
1011 1181 1098 1224 400,
1133 1181 1166 1215 2.
1200 1178 1303 1215 ‘—.—
1341 1194 1444 1216 τε
1466 1182 1540 1217 καί
1564 1189 1786 1224 separatorum
1811 1187 1983 1228 exemplo:
2011 1185 2049 1221 τό
2065 1184 2093 1220 τ’
2109 1185 2227 1221 ἔπειτα
2258 1208 2264 1223 2

308 1230 322 1272 ΙΙ
344 1231 419 1262 Ter
440 1232 621 1270 ponitur
645 1229 732 1265 καί.
759 1230 817 1264 καὶ
843 1227 1012 1276 θιγγάνειν
1040 1230 1100 1264 καὶ
1118 1229 1206 1264 δόντι
1225 1229 1305 1264 δοῦ-
1343 1228 1469 1276 μέλλον
1493 1230 1552 1264 καὶ
1577 1230 1614 1265 τὸ
1639 1230 1715 1278 πρὶν
1740 1230 1922 1278 ἐπαρκέσει
1937 1232 2043 1278 νόμος
2059 1235 2142 1266 Ant.
2163 1231 2228 1267 611
2255 1254 2259 1262 ·

292 1288 347 1311 ναι
370 1274 642 1317 κάξεπεύξασθαι
665 1276 794 1324 βροτῶν
814 1276 999 1323 ἐπιψαῦσαι
1018 1277 1121 1322 μόνον
1140 1279 1200 1309 Ph.
1222 1274 1300 1309 667.
1342 1279 1377 1309 in
1402 1280 1554 1310 futurum
1580 1283 1613 1310 et
1639 1280 1673 1310 in
1701 1280 1788 1320 quod
1813 1281 1916 1312 instat
1935 1284 2070 1323 tempus
2087 1282 2211 1314 valebit
2226 1274 2262 1314 θ’

293 1323 352 1358 καὶ
377 1323 468 1382 φημὶ
493 1323 695 1371 κάπόφημι,
724 1323 813 1359 κούκ
839 1323 912 1373 ἔγω
927 1323 959 1358 τί
978 1329 1032 1371 φῶ
1050 1326 1104 1358 OC
1124 1322 1203 1357 318.
1246 1323 1306 1358 καὶ
1342 1329 1437 1366 atque
1451 1329 1618 1366 praeterea
1636 1326 1675 1356 de
1687 1329 1875 1366 praeterito.
1898 1346 1939 1351 —
1966 1329 2012 1360 At
2035 1339 2080 1361 τε
2101 1327 2230 1362 καὶ
2256 1331 2260 1334 '

291 1382 421 1418 τροφας
446 1369 518 1418 ἔχω
545 1369 630 1417 βίου,
653 1371 712 1406 καὶ
729 1375 793 1418 γῆς
810 1365 925 1406 ἄδεῖαν
943 1373 1001 1406 καὶ
1019 1371 1138 1418 γένους
1157 1371 1306 1417 ἐπάρκε-
1342 1383 1377 1405 τε
1456 1372 1516 1405 καὶ
1590 1383 1626 1405 τε
1644 1383 1733 1405 mere
1751 1375 1964 1407 coniunctiva
1979 1380 2070 1408 sunt.
2092 1372 2220 1410 Πολυδ
2245 1393 2253 1403 ι

295 1429 345 1452 σιν
362 1415 445 1451 446.
479 1418 612 1464 ἑτοῖμοι
628 1418 688 1452 καὶ
706 1418 856 1466 μύδρους
874 1418 981 1464 α’ίρειν
999 1418 1059 1453 καὶ
1076 1422 1143 1466 πῦρ
1161 1418 1305 1465 διέρπειν
1342 1418 1401 1452 καὶ
1425 1421 1486 1452 τοῦ
1509 1417 1638 1466 πρόσθε
1664 1416 1812 1465 Κάδμου
1836 1424 1898 1455 τοῦ
1924 1419 2031 1456 πάλαι
2047 1420 2075 1456 τ’
2092 1416 2134 1457 Ἀ
2155 1422 2261 1503 Ἦορ

293 1464 353 1500 καὶ
387 1463 489 1504 θεοὺς
523 1465 734 1513 ὁρκωμοτεῖν
768 1469 849 1499 Ant.
878 1464 959 1499 264.
1010 1465 1112 1504 ναοὺς
1138 1466 1305 1512 πυρώσων
1342 1464 1422 1498 267.
1465 1465 1666 1512 κουφονόων
1692 1478 1728 1500 τε
1754 1466 1861 1513 φῦλον
1881 1465 2025 1514 ὀρνίθων
2043 1468 2092 1515 ἀμ
2121 1434 2177 1516 iga
2200 1469 2247 1504 ὢν

293 1511 382 1559 ἦλθε
404 1511 638 1559 κάναθήματα
661 1514 720 1547 καὶ
744 1517 808 1561 γ”ν
835 1512 972 1547 ἐκείνων
997 1514 1055 1548 καὶ
1078 1513 1205 1559 νόμους
1231 1512 1306 1546 δια-
1341 1513 1399 1547 καὶ
1484 1518 1550 1559 ρῶν
1584 1512 1605 1547 ἀ
1629 1512 1710 1559 ρίων
1744 1512 1848 1561 ἔθνη,
1879 1514 2004 1550 πόντου
2028 1511 2053 1550 τ’
2080 1528 2095 1550 ε
2110 1515 2228 1552 ναλίαν
2263 1519 2265 1521 ’

295 1559 442 1599 σκεδῶν;
472 1558 552 1594 286.
607 1560 666 1594 καὶ
693 1563 751 1595 νῦν
764 1526 892 1607 Ί’λαβὼν
918 1559 978 1595 καὶ
1001 1564 1097 1607 κρῖνε
1121 1559 1243 1600 κάξέλε
1264 1572 1306 1607 χε
1343 1558 1457 1593 Ant.3
1483 1559 1504 1593 3
1522 1561 1573 1593 ch.
1603 1526 1771 1608 ὗίνωτρία
1787 1573 1822 1596 τε
1840 1565 1943 1603 πᾶσα,
1964 1562 2024 1598 καὶ
2041 1560 2252 1611 Τυρσηνικὸς

295 1605 375 1640 398.
411 1606 527 1641 κλύειν
545 1607 604 1642 καὶ
622 1607 749 1655 σμικρὰ
765 1608 825 1643 καὶ
843 1607 958 1642 δίκαια
973 1608 1031 1642 καὶ
1047 1606 1207 1642 τάναντία
1224 1605 1244 1640 6
1271 1607 1302 1641 7.
1343 1619 1423 1650 πος,
1452 1606 1641 1655 Λιγυστική
1667 1620 1703 1641 τε
1725 1612 1769 1655 γῆ
1797 1620 1832 1642 σε
1859 1608 1988 1648 δέξεται
2013 1612 2121 1653 Tript.
2150 1613 2191 1644 fr.
2211 1608 2260 1644 5

293 1654 352 1688 καὶ
387 1657 447 1689 σοῦ
469 1666 507 1702 γε
531 1654 645 1701 κάμοῦ
670 1655 730 1690 καὶ
754 1653 844 1690 θεῶν
871 1653 950 1688 749.
995 1655 1053 1690 καὶ
1078 1655 1136 1690 τὸν
1160 1653 1307 1689 θανόντα
1346 1656 1387 1687 Et
1411 1666 1455 1688 τε
1481 1655 1553 1688 καὶ
1632 1667 1675 1688 τε
1703 1655 1787 1689 καί.
1826 1654 1942 1695 ἄλλως
1958 1669 1994 1691 τε
2019 1657 2079 1692 καὶ
2102 1657 2189 1707 κόρῃ
2213 1668 2250 1691 τε

296 1700 498 1737 συνθάπτειν
515 1700 621 1743 θέλω,
641 1702 700 1737 καὶ
718 1702 913 1748 ξυμπονεῖν,
935 1702 993 1736 καὶ
1012 1702 1121 1750 μηδὲν
1140 1701 1306 1736 ἐλλείπειν
1343 1701 1418 1761 γείᾳ
1435 1701 1532 1749 γένος
1548 1703 1656 1735 Acris
1678 1700 1734 1744 61,
1756 1701 1788 1735 3.
1865 1705 1908 1736 Et
1923 1703 1995 1738 καὶ
2059 1716 2101 1739 τε
2164 1716 2209 1738 τε
2228 1730 2258 1740 ..

294 1751 348 1782 Ai.
373 1747 473 1783 1378.
517 1749 575 1784 καὶ
627 1749 714 1795 ερσί,
746 1750 803 1784 καὶ
827 1748 968 1796 λύμαισι
991 1750 1050 1784 καὶ
1067 1753 1166 1784 πᾶσιν
1184 1753 1307 1788 κακοῖς
1343 1761 1475 1796 αστρων
1495 1749 1601 1795 μέτρα
1617 1749 1675 1783 καὶ
1692 1750 1930 1797 περιστροφάς,
1950 1750 2060 1792 τάξεις
2075 1763 2112 1786 τε
2128 1750 2223 1786 raet
2240 1748 2270 1777 -⁷

295 1797 350 1829 El.
375 1793 476 1829 1196.
519 1795 633 1831 πολλα
649 1797 709 1831 καὶ
727 1795 852 1843 μαθεῖν
871 1808 907 1830 σε
925 1796 987 1839 δεῖ,
1008 1797 1067 1831 καὶ
1085 1792 1183 1831 πόλλ’
1200 1796 1307 1831 ἀκοῦ-
1345 1796 1442 1844 ράνιά
1466 1807 1502 1830 τε
1527 1796 1682 1842 σήματα,
1711 1800 1795 1831 ναοῦ
1820 1809 1856 1831 τε
1881 1802 2127 1846 ποιμαντῆρσιν
2199 1791 2258 1835 'A‘

296 1854 351 1878 σαι
366 1843 426 1878 καὶ
443 1842 663 1879 διδάσκεσθαι
681 1844 797 1891 μακροί
813 1846 960 1877 Phthiot.
976 1846 1016 1877 fr.
1031 1842 1110 1877 622.
1149 1844 1309 1883 Quater
1345 1843 1493 1890 στροφάς
1517 1845 1636 1885 Naupl.
1657 1846 1697 1876 fr.
1719 1842 1798 1885 379,
1820 1843 1842 1878 8
1859 1856 1931 1888 sqq.
1961 1844 2005 1891 [si
2030 1848 2231 1888 transposito
2258 1879 2260 1881 ,

291 1893 491 1932 ponitur:
509 1890 568 1925 καὶ
584 1893 777 1938 πατριώταν
789 1888 932 1928 Οἰδίπου
950 1891 1009 1926 καὶ
1024 1903 1084 1938 τρο
1114 1891 1150 1926 ὸν
1163 1890 1223 1926 καὶ
1237 1903 1307 1937 μη-
1344 1896 1434 1924 recte
1459 1893 1589 1923 sanavit
1607 1892 1752 1932 Scaliger
1776 1893 1884 1925 Iocum
1908 1898 2100 1935 corruptum
2126 1895 2184 1936 qui
2262 1928 2265 1930 ,

294 1932 362 1985 τέρ’
374 1936 495 1980 αὔξειν,
508 1938 567 1972 καὶ
579 1936 781 1987 χορεύεσθαι
791 1938 874 1986 πρὸς
888 1937 988 1985 ἡμῶν
999 1903 1153 1973 031391
1167 1949 1238 1980 sqq.
1252 1940 1303 1971 ch.
1344 1941 1383 1971 ab
1402 1939 1484 1970 Ach.
1500 1940 1593 1971 Tatio
1605 1940 1644 1971 ad
1657 1940 1750 1971 Arat.
1764 1940 1888 1972 Phaen.
1909 1950 1937 1972 c.
1954 1939 1984 1972 1.
2005 1951 2038 1982 p.
2055 1937 2122 1974 122
2138 1941 2191 1974 ed.
2204 1941 2245 1973 P
2257 1975 2265 1978 ,,

297 1985 553 2027 Quinquies:
579 1986 638 2020 καὶ
663 1984 803 2033 φθέγμα
828 1986 887 2020 καὶ
912 1985 1053 2031 ἀνεμόεν
1099 1985 1232 2033 ρόνημα
1249 1985 1307 2020 καὶ
1344 1987 1487 2019 Ιίετητε
1565 1996 1609 2019 τε
1626 1984 1699 2019 καί
1731 1990 1761 2018 et
1788 1998 1832 2020 τε
1911 1998 2014 2021 τε
2034 1986 2116 2022 καί.
2162 1983 2262 2023 Κόλ

295 2031 508 2078 ἀστυνόμους
541 2032 644 2080 ὀργὰς
676 2031 852 2072 ἐδιδάξατο
884 2032 944 2067 καὶ
977 2031 1083 2068 δυσαύ
1108 2045 1154 2067 ων
1189 2031 1306 2079 πάγων
1344 2030 1519 2069 Χαλδαῖός
1536 2044 1572 2066 τε
1588 2031 1649 2066 καὶ
1668 2029 1787 2079 Σύρων
1806 2031 1905 2072 ἔθνος
1924 2035 2042 2076 Tymp.
2064 2037 2104 2067 fr.
2126 2031 2206 2067 564.
2242 2053 2263 2070 ¹.

296 2078 414 2126 α’ίθρια
435 2078 651 2127 (ὑπαίθρεια)
674 2080 734 2115 καὶ
757 2079 933 2127 δύσομβρα
959 2080 1093 2127 φεύγειν
1119 2078 1203 2127 βέλη
1223 2082 1304 2112 Ant.
1344 2078 1448 2125 μέσος
1466 2078 1545 2117 στάς
1558 2106 1565 2120 ,
1593 2082 1653 2113 τοῦ
1670 2091 1707 2113 τε
1723 2077 1881 2127 Θορικίου
1900 2080 2039 2136 πέτρου,
2066 2079 2186 2128 κοίλης
2200 2075 2230 2115 τ’
2255 2113 2260 2118 ,

297 2125 365 2160 354
381 2137 453 2169 sqq.
475 2128 525 2160 ch.
563 2130 724 2161 Inseritur
747 2139 791 2162 τε
817 2134 894 2160 ante
914 2129 974 2163 καί
991 2130 1109 2170 quinta
1126 2130 1197 2160 vice
1215 2130 1307 2170 posi·
1344 2126 1418 2168 δου,
1446 2125 1538 2161 κάπὸ
1555 2125 1672 2161 λαῖνου
1689 2126 1799 2174 τάφου
1818 2128 1872 2161 OC
1893 2126 1994 2161 1595.
2041 2125 2071 2163 Α
2095 2140 2175 2176 γους
2191 2139 2228 2162 τε
2243 2158 2246 2162 .
2264 2170 2265 2173 ¹

297 2178 388 2207 tum:
409 2172 559 2221 ἀδελφὸς
576 2174 676 2213 αὑτὸς
694 2174 752 2209 καὶ
769 2173 901 2222 πατήρ,
926 2174 991 2215 κάξ
1007 2175 1050 2221 ἧς
1068 2173 1132 2222 ἔφυ
1148 2174 1308 2221 γυναικὸς
1337 2167 1448 2221 <Ἠρας
1479 2186 1516 2207 τε
1548 2173 1669 2221 πάγοις
1701 2176 1760 2208 καὶ
1791 2172 1999 2221 Τυρσηνοῖσι
2023 2173 2072 2210 Πε
2096 2178 2214 2222 ασγοῖς
2249 2182 2254 2199 ’>

297 2221 370 2260 υἱὸς
386 2220 446 2255 καὶ
463 2221 579 2262 πόσις,
604 2221 663 2256 καὶ
679 2225 740 2257 τοῦ
757 2222 884 2268 πατρὸς
902 2221 1096 2268 ὁμόσπορός
1113 2233 1150 2256 τε
1165 2221 1225 2256 καὶ
1243 2233 1308 2267 φο-
1345 2223 1384 2254 fr.
1413 2219 1498 2262 256,
1528 2219 1559 2254 3.
1653 2217 1737 2255 Καὶ
1816 2220 1890 2256 καὶ
1967 2234 2010 2256 τε
2042 2224 2136 2265 prius
2166 2220 2226 2257 καί
2248 2220 2265 2255 .’

296 2267 373 2307 νεύς
390 2268 448 2301 OR
464 2266 544 2302 458.
585 2271 674 2302 Haec
690 2272 766 2312 plus
784 2280 884 2311 quam
901 2271 952 2303 bis
970 2272 1108 2303 iteratae
1126 2271 1307 2312 particulae
1344 2270 1536 2310 significans
1563 2270 1678 2300 habet:
1710 2268 1796 2302 ἔστιν
1822 2269 1909 2303 ὥστε
1932 2268 2103 2317 κάγγύθεν
2119 2266 2203 2304 θέαν
2219 2267 2240 2303 λ
2251 2306 2261 2314 ,.

296 2318 453 2358 exempla
469 2317 633 2349 diversam
652 2321 804 2350 naturam
822 2318 958 2350 habent.
995 2318 1104 2349 Unum
1120 2327 1210 2349 mere
1229 2326 1307 2349 con-
1343 2315 1402 2350 καὶ
1428 2314 1591 2361 βαστάσαι
1619 2327 1661 2360 με
1683 2314 1872 2361 προσκύσαι
1889 2314 1920 2351 θ’
1937 2317 2052 2363 ὥσπερ
2067 2314 2163 2359 θεόν;
2185 2317 2251 2350 Ph.

297 2364 481 2396 iunctivam
512 2365 697 2405 particulae
725 2366 1004 2405 significationem
1033 2365 1190 2405 exhibet,
1222 2365 1303 2396 Ant.
1346 2359 1431 2397 Καὶ
1510 2374 1554 2396 τε
1633 2361 1706 2396 καί
1738 2369 1851 2395 autem
1876 2368 1910 2396 et
1941 2362 2014 2398 καὶ
2091 2375 2136 2398 τε
2161 2361 2234 2398 καί
2263 2366 2265 2368 ’

298 2408 386 2452 286,
414 2411 461 2443 ita
483 2415 597 2444 tamen
619 2416 658 2444 ut
674 2410 776 2449 ναοὺς
793 2409 1026 2457 κάναθήματα
1043 2416 1077 2444 et
1094 2422 1226 2444 rursum
1244 2414 1307 2457 γῆν
1343 2409 1401 2444 καί
1426 2420 1502 2442 cum
1528 2411 1692 2451 prioribus
1719 2415 1919 2443 connectens
1943 2412 2044 2444 habet
2069 2412 2225 2444 sententi
2244 2426 2247 2431 -

296 2456 356 2491 καὶ
379 2456 508 2503 νόμους
530 2460 682 2501 propiore
708 2459 849 2500 quodam
868 2460 1001 2492 vinculo
1018 2463 1208 2491 teneantur.
1255 2459 1307 2492 Si-
1344 2455 1403 2491 καί
1426 2461 1539 2490 autem
1567 2456 1606 2490 ἐκ
1629 2455 1875 2503 παραλλήλους
1903 2456 1962 2492 καὶ
1986 2457 2094 2492 ταῦτά
2117 2468 2169 2492 σοι
2184 2456 2260 2503 τῷ-

298 2506 378 2537 mile
396 2510 448 2537 est
465 2506 523 2538 OR
538 2503 626 2546 458,
655 2507 755 2538 trinis
777 2507 936 2538 membris
953 2507 1128 2547 dispertita
1145 2507 1303 2542 oratione,
1346 2503 1473 2550 ὁμοίως
1498 2501 1589 2537 κάπὸ
1609 2507 1671 2550 τῆς
1688 2502 1845 2550 γλώσσης
1862 2502 1952 2551 λέγω
1970 2505 2036 2538 OC.
2058 2502 2139 2538 935.
2181 2502 2253 2539 καὶ

299 2557 337 2584 ut
361 2549 510 2599 ἀδελφὸς
534 2551 593 2586 καὶ
616 2552 750 2599 πατήρ,
780 2552 853 2590 υἱὸς
870 2552 930 2587 καὶ
946 2552 1054 2594 πόσις,
1075 2552 1201 2596 πατρὸς
1220 2551 1308 2597 ὁμό-
1346 2550 1548 2597 ἐπισκήπτω
1573 2562 1608 2584 τε
1631 2550 1689 2584 καὶ
1714 2550 1951 2598 προτρέψομαι
1975 2553 2033 2585 OR
2059 2548 2160 2584 1446.
2193 2552 2258 2584 De*

299 2598 423 2646 σπορός
446 2611 483 2634 τε
506 2598 564 2633 καὶ
586 2598 708 2647 φονεύς
731 2602 892 2642 proxime
909 2601 1134 2640 adiungantur
1150 2602 1240 2632 inter
1257 2610 1305 2641 se,
1348 2596 1436 2631 1186
1459 2600 1522 2631 alio
1546 2600 1616 2630 loco
1634 2599 1824 2631 dicendum.
1864 2600 1929 2632 Sed
1945 2601 2024 2632 bina
2039 2600 2128 2632 binis
2145 2599 2218 2631 coni
2238 2607 2244 2626 t

297 2650 333 2679 et
357 2648 439 2679 haec
462 2649 610 2679 membra
638 2649 690 2680 bis
714 2649 910 2689 interposito
933 2646 992 2681 καί
1015 2648 1224 2689 copulentur.
1268 2649 1306 2679 In
1345 2650 1417 2678 tur:
1448 2646 1476 2679 ὦ
1493 2648 1585 2692 τρεῖς
1602 2643 1762 2680 κέλευθοι
1778 2644 1837 2680 καὶ
1855 2645 2076 2692 κεκρυμμένη
2092 2645 2197 2692 νάπη,
2231 2649 2255 2686 Ν,

297 2694 356 2727 OR
375 2691 460 2726 1091
488 2696 552 2727 tria
574 2696 723 2727 membra
739 2696 989 2735 coniunguntur
1004 2696 1039 2726 in
1057 2703 1184 2735 unum,
1210 2704 1309 2736 quar·
1344 2704 1380 2726 τε
1404 2692 1462 2726 καὶ
1487 2691 1658 2730 στενωπός
1683 2694 1740 2725 OR
1762 2690 1863 2725 1398.
1884 2711 1925 2717 -—
1957 2693 2103 2725 Tandem
2126 2703 2168 2726 τε
2276 2723 2280 2730 ,

297 2746 370 2773 tum
387 2745 499 2774 autem
516 2740 574 2775 καί
591 2751 661 2774 rem
679 2743 781 2774 infert
793 2751 836 2774 ex
850 2743 1016 2785 prioribus
1032 2746 1303 2781 consequentem.
1343 2751 1388 2773 τε
1465 2738 1537 2773 καί
1554 2742 1660 2781 priora
1677 2741 1741 2772 duo
1759 2739 1799 2773 ἐκ
1816 2738 2040 2786 παραλλήλου
2058 2742 2206 2782 positae
2228 2753 2232 2765 ι
2249 2744 2263 2787 ’γ

297 2836 506 2877 praedicetur
521 2845 582 2877 per
597 2837 824 2877 partitionem,
850 2837 944 2868 velut
960 2836 1020 2868 Ph.
1042 2832 1121 2868 667.
1150 2836 1205 2868 OC
1222 2832 1304 2867 446.
1343 2832 1476 2881 ἄρρητά
1492 2831 1529 2875 τ’,
1552 2832 1692 2879 οὐράνιά
1707 2845 1742 2866 τε
1759 2833 1817 2867 καὶ
1834 2830 2042 2880 χθονοστιβῆ
2061 2835 2119 2867 OR
2135 2830 2214 2866 300.

296 2884 378 2915 Ant.
399 2879 481 2915 264.
502 2880 581 2916 398.
603 2879 683 2915 667.
712 2884 765 2915 Ai.
780 2880 881 2916 1378.
902 2883 954 2915 El.
970 2879 1072 2915 1196.
1093 2883 1240 2915 Phthiot.
1261 2884 1303 2914 fr.
1416 2880 1448 2914 5.
1476 2883 1546 2913 Iam
1563 2881 1779 2922 colloquio
1804 2881 1978 2913 serendo
1995 2882 2149 2922 inprimis
2167 2882 2213 2912 ini

296 2926 376 2962 622.
393 2930 508 2962 Unum
525 2933 664 2971 quatuor
680 2930 839 2971 deinceps
857 2931 1033 2962 coniuncta
1050 2930 1200 2970 exhibet,
1220 2931 1303 2962 Ant.
1343 2930 1442 2960 tionis
1467 2932 1502 2960 et
1525 2930 1561 2959 in
1586 2938 1681 2974 στιχ
1694 2939 1711 2962 ο
1723 2925 1858 2973 μυθίᾳ
1881 2929 1995 2961 servit.
2031 2926 2094 2962 κού
2113 2926 2162 2973 μὴ
2185 2944 2192 2953 ·

297 2974 366 3009 354
382 2987 454 3019 sqq.
491 2977 556 3010 Sed
580 2977 615 3008 in
642 2986 680 3009 eo
697 2978 808 3009 omnia
825 2978 1047 3017 conveniunt,
1075 2980 1115 3008 ut
1131 2978 1184 3008 vel
1199 2978 1307 3017 primo
1366 2986 1380 3008 ε
1398 2976 1456 3008 OR
1473 2972 1552 3006 771.
1580 2973 1638 3007 καὶ
1654 2970 1706 3007 τὶῑ»
1725 2974 1848 3021 μακρῷ
1888 2986 1902 3008 ε
1921 2973 2218 3020 συμμετρούμενος
2248 3003 2254 3012 .

296 3025 364 3057 loco
390 3025 443 3056 vel
463 3026 580 3056 ultimo
597 3025 745 3065 positum
761 3022 820 3058 καί
836 3034 904 3056 rem
916 3024 1080 3065 prioribus
1097 3023 1307 3056 connectendi
1343 2987 1423 3055 963.
1467 3019 1590 3055 κούδέν
1614 3033 1651 3067 γε
1680 3007 1798 3067 θαῦμα
1829 3020 1867 3053 11
1895 3019 1929 3054 2.
1972 3017 2099 3067 κᾶγωγ’
2128 3018 2226 3055 ἀκού
2258 3055 2261 3058 ,

297 3073 363 3103 vim
382 3072 511 3104 habeat.
535 3088 576 3094 -—
603 3071 668 3104 Sed
684 3072 773 3103 idem
789 3072 879 3103 inest
895 3072 931 3102 in
954 3069 1028 3104 καὶ
1104 3081 1149 3104 τε
1174 3080 1306 3112 compo·
1346 3067 1447 3102 1170.
1490 3067 1548 3102 καὶ
1566 3066 1684 3113 θαῦμά
1700 3063 1730 3114 γ’
1748 3067 1845 3102 οὐδέν
1866 3066 1966 3101 1319.
2009 3067 2067 3102 καὶ
2088 3066 2140 3102 σοί
2156 3065 2184 3114 γ’
2201 3065 2219 3100 ἐ

295 3120 428 3151 nendis.
461 3116 494 3151 τί
519 3115 546 3151 δ’
568 3116 586 3152 ὁ
603 3115 749 3156 παλαιὸς
766 3117 811 3152 κά
834 3115 918 3155 αθὸς
937 3115 1035 3164 φίλος
1050 3112 1076 3150 τ’
1098 3116 1180 3163 ἐμὸς
1197 3115 1302 3158 ἔστιν,
1343 3127 1416 3149 πτω
1442 3113 1544 3148 1446.
1587 3115 1645 3150 καὶ
1662 3114 1778 3161 μεῖζον
1796 3113 1862 3161 ἄρα
1880 3114 1992 3163 ῥύσιον
2011 3113 2109 3148 πόλει
2122 3113 2212 3161 τάχα
2236 3114 2261 3160 “,

295 3165 355 3197 Ph.
377 3162 457 3197 421.
493 3164 578 3211 πρὸς
604 3163 641 3198 σὲ
657 3163 749 3210 κάμὲ
765 3176 805 3198 το
830 3163 887 3198 σδε
904 3175 940 3197 τε
957 3162 1036 3197 581.
1074 3163 1112 3198 σὺ
1132 3158 1160 3197 δ’
1175 3162 1306 3210 ήγρίω-
1343 3163 1398 3195 OC
1415 3160 1485 3195 858
1509 3166 1539 3194 et
1563 3172 1662 3201 sane;
1689 3173 1765 3194 nam
1783 3173 1848 3195 non
1867 3164 1946 3194 licet
1962 3165 2059 3194 etiam
2075 3162 2167 3203 expli
2192 3184 2195 3187 1
2229 3174 2258 3191 ;-.

295 3222 368 3253 σαι,
398 3210 500 3246 κοῦτε
525 3209 718 3258 σύμβουλον
745 3210 858 3269 δέχει,
888 3210 946 3246 ἐάν
962 3222 999 3244 τε
1015 3209 1163 3258 νουθετῇ
1179 3222 1229 3269 τις
1247 3236 1301 3251 ...,
1344 3208 1392 3256 μή
1418 3203 1452 3255 μ’
1478 3207 1554 3242 ἐπίσ
1589 3221 1623 3255 ,ς
1651 3206 1751 3241 1432.
1795 3207 1853 3243 καὶ
1876 3203 2045 3263 ταῦτ’.ἐπ’
2070 3206 2205 3254 ἀργύρῳ
2255 3211 2258 3215 ”

293 3269 442 3338 ἷῗῗῖἕῗσ
455 3256 540 3338 {32¹
549 3257 684 3352 ’πηῖιῖἷῖ
697 3255 1305 3352 {Z‘iss‘sslffii'ffiffssss‚¹223ssss
1342 3255 1459 3336 ζ’ἕτξῗέ
1471 3258 1736 3348 ἐῖἓῗηὲἒέ.Αὲζὶ
1750 3253 2175 3349 ἶῗᾷἕέῗιῖἓῗέἶ“ζῖἶὲἑτὶῗ
2187 3296 2273 3339 mg..

286 3345 435 3399 ‘'EM-qest
451 3350 538 3392 ξόαν’
556 3350 714 3398 ἡδυμελῆ
734 3353 890 3393 Thamyr.
910 3355 951 3386 fr.
963 3349 1045 3385 227.
1074 3353 1128 3385 Sic
1143 3349 1254 3386 καὶ
1269 3362 1305 3384 τε
1412 3348 1444 3382 6.
1473 3351 1632 3391 Inprimis
1658 3351 1817 3391 frequens
1842 3352 1876 3382 in
1904 3350 2229 3389 interroyation
2262 3351 2269 3394 J

292 3401 507 3432 scribendum
531 3401 614 3432 Ant.
645 3397 747 3432 1035.
774 3397 909 3433 κούδὲ
936 3402 1103 3445 μαντικῆς
1129 3397 1304 3445 ἄπρακτος
1340 3396 1399 3432 καὶ
1422 3394 1514 3431 ταῦτ’
1540 3394 1657 3442 ἀληθῆ
1683 3395 1763 3443 δρᾶν
1779 3400 1889 3434 νοεῖςς
1911 3397 1971 3428 Ph.
1993 3393 2071 3427 921.
2116 3393 2173 3428 καὶ
2188 3395 2227 3428 νῦ
