2288 3600
238 139 338 188 446

241 299 343 334 1003.
371 297 575 346 κτησόμεθα
591 302 620 332 si
637 304 741 333 metro
759 301 966 341 conveniret,
986 301 1048 333 hoc
1065 301 1250 333 diceretur:

237 349 310 381 vide
336 359 376 381 ne
395 350 498 380 simus
514 351 740 381 contracturae
756 350 884 380 maiora
898 349 990 380 mala
1000 360 1011 387 ,-
1038 349 1124 380 illud
1141 352 1254 380 autem

237 400 290 428 est
312 406 390 428 cave
414 406 456 428 ne
481 395 732 435 contrahamu³5
765 395 851 427 illud
876 395 1032 427 Electrae
1057 405 1256 437 persuasum

238 445 280 476 de
307 453 345 476 ea
369 453 405 475 re
430 452 505 475 esse
531 443 756 484 demonstrat,
792 443 855 475 hoc
878 444 988 475 vereri
1014 452 1088 475 sese
1114 453 1157 475 ne
1182 444 1251 475 fiat.

238 490 302 538 ὅρα
325 488 405 525 καθ’
423 487 528 524 ὕπνον
547 488 596 536 μὴ
615 487 857 527 καταυλισθεὶς
873 489 963 538 κυρῇ
981 490 1042 523 Ph.
1064 487 1109 523 30
1135 491 1257 524 Schae-

238 540 308 570 fero
333 539 486 580 placebat
508 539 629 584 κυρεῖς
658 538 742 570 illud
769 541 822 570 est
846 548 923 569 cave
947 547 987 570 ne
1004 538 1092 578 forte
1109 540 1145 570 in
1161 541 1257 570 antro

237 588 354 627 lateat,
383 586 464 626 hoc,
483 585 559 617 vide
575 595 657 617 num
675 586 799 618 lateat:
824 586 909 617 illud
927 586 1113 617 metuentis
1131 589 1192 626 est,
1214 594 1258 616 ne

238 634 400 666 terribilis
432 633 540 665 hostis
565 632 672 673 adsit,
708 633 771 664 hoc
794 633 1023 664 existimantis
1047 633 1121 664 fleri
1143 642 1254 674 posse.

239 679 256 714 ὅ
280 692 302 714 α
320 679 373 723 σύ,
397 678 446 726 μὴ
463 682 523 713 νῦν
543 677 605 724 μέν
623 690 673 717 τις
692 678 840 726 εὐχερὴς
857 679 986 728 παρῇς,
1010 678 1089 714 ὅταν
1108 678 1146 713 δὲ
1164 678 1258 725 πλη-

237 692 280 762 σθ
291 727 324 766 ‘c
405 725 517 761 οὐκέτ’
540 724 643 764 αὑτὸς
668 729 742 764 τοῖς
767 725 882 773 λόγοις
904 725 1038 764 τούτοις
1065 726 1175 774 φανῆς
1192 727 1253 759 Ph.

237 740 305 809 519
324 786 372 817 sq.
402 777 454 807 De
472 775 645 807 modorum
663 776 859 807 diversitate
877 776 1116 816 explicuerunt
1134 760 1253 807 Elmsl.

238 827 274 855 et
290 824 405 855 Herm.
427 823 468 854 ad
485 823 574 854 Med.
594 819 676 854 310.
722 821 852 863 σκόπει,
875 820 924 868 μή
944 832 996 855 σοι
1013 820 1141 868 πρόνοι’
1159 815 1255 869 ᾖτοῦ

237 868 321 904 θεοῦ
367 868 520 903 υλακτέα
537 869 592 902 OC
614 866 715 902 1180.
761 867 826 915 ὅρα
846 869 895 915 μὴ
913 871 1072 916 κρεῖσσον
1091 863 1113 916 ᾖ
1135 870 1252 902 Alead.

237 920 278 950 fr.
302 881 380 959 103,
405 915 435 950 1.
470 918 633 950 Similiter
649 917 775 949 dictum
795 915 874 962 ἐμοί
891 928 954 959 τοι,
978 915 1027 962 μή
1045 927 1077 949 τι
1093 915 1152 951 καὶ
1170 914 1258 962 θεή-

236 963 339 999 λατον
355 962 499 1011 τοῦργον
517 958 582 997 τόδ’
643 961 776 1003 Εύννοια
787 962 945 1009 βουλεύει
959 962 1159 997 πάλαιΑῐιε.
1172 961 1254 996 278.

237 1013 502 1053 Intelligendum
529 1010 577 1058 μὴ
605 1024 642 1070 η.
679 1013 792 1044 Verba
815 1016 920 1044 metus
936 1012 1162 1053 siqnifi'cantia
1178 1022 1258 1043 con-

238 1062 385 1092 ium-tivo
402 1062 553 1092 iunctum
580 1071 636 1105 μη
663 1061 837 1100 sequitur:
868 1057 975 1092 ἔνεστι
991 1058 1129 1105 ταρβεῖν
1145 1058 1202 1093 τὸν
1221 1056 1258 1092 εὖ

236 1106 432 1154 πράσσοντα
450 1105 499 1152 μὴ
519 1104 636 1153 σφαλῇ
649 1105 732 1139 ποτε
753 1108 807 1138 Tr.
829 1103 909 1139 297.
954 1104 1102 1152 εὐλαβοῦ
1121 1105 1178 1147 δέ,
1208 1105 1256 1152 μὴ

237 1154 350 1202 φανῇς
373 1158 493 1188 κακῶς
517 1154 625 1200 γεγώς
653 1150 756 1189 1129,
802 1152 920 1191 δεινῶς
938 1152 1085 1199 ἀθυμῶ,
1109 1153 1158 1200 μὴ
1178 1152 1258 1199 βλέ-

236 1213 311 1236 πων
338 1200 356 1235 ὁ
385 1201 504 1246 μάντις
531 1194 626 1246 ᾖΟΒ
643 1198 723 1233 747.
763 1200 898 1247 ταρβῶν
923 1212 961 1247 γε
981 1200 1032 1259 μή
1050 1213 1109 1246 μοι
1127 1198 1258 1246 Φοῖβος

237 1246 363 1295 ἐξέλθῃ
389 1248 502 1296 σαφής
523 1246 624 1282 1011.
669 1246 810 1282 δέδοικα
827 1246 891 1295 γὰρ
910 1261 935 1294 μ
979 1259 1059 1286 τους
1076 1247 1259 1282 καθεστῶ-

236 1309 297 1335 τας
324 1297 454 1342 νόμους
477 1293 614 1342 ἄριστον
640 1289 662 1342 ᾗ
687 1294 841 1335 σώζοντα
864 1295 923 1330 τὸν
971 1294 1021 1330 ίον
1043 1294 1155 1330 τελεῖν
1172 1297 1254 1328 Ant.

239 1342 342 1377 1114.
389 1342 528 1378 δέδοικα
541 1342 604 1436 {¹⁴1
625 1337 661 1377 ’κ
684 1340 767 1377 θεοῦ
793 1341 912 1389 πληγή
937 1354 989 1381 τις
1006 1341 1079 1389 ἥκῃ
1098 1345 1153 1376 Ai.
1173 1340 1255 1376 278.

238 1393 399 1424 Mendose
424 1392 525 1432 vulgo
569 1402 643 1434 κοι,
674 1392 761 1432 quod
780 1392 854 1423 sine
870 1390 911 1425 ἄν
928 1394 1004 1433 post
1022 1389 1162 1424 δέδοικα
1179 1392 1259 1422 ferri

238 1441 369 1481 nequit.
392 1439 496 1472 Oodd.
517 1442 700 1481 utrumque
718 1439 883 1471 exhibent
898 1443 935 1471 et
949 1436 1031 1483 ἥκει
1046 1436 1110 1483 [sic
1119 1436 1255 1482 Dind.],
1294 1436 1429 1471 τοιάνδε
1448 1436 1498 1483 μὴ
1517 1435 1557 1470 οὐ
1575 1436 1817 1484 κατοικτείρων
1835 1435 1935 1486 ἕδραν
1949 1438 2075 1480 0313Ἰ
2094 1441 2138 1473 cf.
2154 1440 2210 1471 W·
2244 1434 2246 1436 ’

238 1488 384 1520 correxit
416 1486 548 1520 Schaef.
586 1488 664 1520 mel.
701 1496 747 1518 cr.
783 1496 818 1527 p.
850 1483 928 1527 109,
967 1487 1114 1518 firmavit
1138 1487 1254 1518 Herm.

237 1535 341 1568 Paulo
365 1535 470 1566 rarior
494 1535 725 1566 coniunctivus
746 1533 886 1575 perfecti
910 1537 973 1566 est.
1019 1531 1178 1573 δέδοικα,
1208 1532 1257 1579 μὴ

236 1573 710 1674 5555555.555555’μ5ζ
728 1575 1261 1674 555555555555555555

239 1678 386 1709 Brunck.
416 1686 460 1708 ex
485 1641 613 1718 aliqqut
638 1677 732 1709 codd.
753 1677 870 1708 datur:
891 1662 950 1708 alii
976 1673 1135 1721 βεβήκει,
1156 1676 1261 1707 ceteri

238 1722 282 1769 [c.
304 1721 380 1768 LA]
397 1721 557 1768 βεβήκοι,
587 1724 752 1756 Elmsleio
777 1724 888 1764 placet
911 1721 1051 1769 βέβηκε.
1089 1723 1178 1755 Illud
1194 1732 1260 1754 non

238 1773 352 1804 minus
370 1775 460 1803 recte
477 1771 624 1812 dictum,
654 1782 686 1803 v.
708 1772 823 1803 Herm.
845 1771 868 1802 l.
890 1781 918 1803 c.
942 1764 1063 1804 δέδοικ’
1096 1768 1257 1815 ἐμαυτόν,

240 1818 290 1865 μὴ
308 1815 406 1852 πόλλ’
423 1815 508 1864 ἄγαν
526 1812 680 1864 εἰρημέν’
698 1812 720 1865 ᾖ
736 1828 794 1863 μοι
811 1817 870 1850 OR
887 1815 968 1850 767.
1005 1818 1184 1858 Optativus
1196 1827 1260 1858 po-

239 1867 384 1898 tentialia
409 1866 584 1907 sequitur:
623 1863 762 1899 δέδοικα
808 1864 870 1911 άρ,
898 1864 949 1911 μὴ
975 1862 1053 1912 πρῲ
1079 1863 1192 1911 λέγοις
1218 1861 1259 1898 ἂν

239 1913 296 1947 τὸν
322 1910 432 1947 πόθον
457 1911 514 1946 τὸν
542 1911 577 1953 ἐξ
602 1911 689 1958 ἐμοῦ
708 1914 764 1945 Tr.
785 1876 867 1946 (1³31.
896 1924 928 1945 v,
959 1913 1092 1945 Schaef.
1124 1915 1147 1945 l.
1170 1923 1198 1946 c.
1228 1916 1261 1944 et

239 1961 357 1993 Herm.
378 1961 420 1992 ad
437 1961 493 1992 Ai.
514 1957 595 1992 278.
634 1961 828 1993 Schneider.
856 1961 897 1992 ad
914 1960 1000 1992 Piat.
1021 1961 1146 2001 Rpubl.
1168 1957 1201 1991 5.
1224 1969 1258 2000 p.

240 2005 311 2040 450
337 2008 370 2040 d.
420 2007 598 2048 Optativus
621 2009 710 2040 solus
733 2012 889 2049 repertus
915 2012 985 2040 est:
1014 2005 1131 2053 *ἥμην
1157 2005 1263 2040 ἐκπε-

239 2053 312 2101 πλη
337 2053 425 2100 μένη
443 2052 543 2101 φόβῳ
562 2053 612 2100 μή
632 2066 692 2099 μοι
707 2054 746 2088 τὸ
763 2052 895 2092 κάλλος
913 2052 1019 2100 ἄλγος
1036 2053 1165 2101 ἐξεύροι
1177 2052 1263 2088 ποτε

241 2103 297 2135 Tr.
313 2066 365 2135 {5
388 2099 486 2146 [secl.
507 2099 643 2146 Dobr.].
688 2100 873 2148 δειμαίνων
897 2100 937 2136 τὸ
963 2101 1020 2136 σὸν
1047 2101 1095 2148 μὴ
1124 2100 1181 2135 στέ
1203 2112 1261 2135 νον

239 2147 424 2197 ἀλγύνοιμι
441 2146 523 2182 482.
1031 2147 1081 2193 (ΙΙ
1100 2159 1133 2191 p.
1159 2147 1175 2181 1
1204 2146 1258 2193 6.)

310 2198 372 2230 ΙΙΙ.
400 2192 463 2242 Μή
490 2206 564 2229 cum
589 2197 663 2229 aliis
680 2198 898 2238 compositum
912 2198 1098 2237 particulis.
1122 2215 1164 2221 —
1191 2197 1263 2228 Hoc

242 2246 278 2277 in
303 2253 427 2284 genere
453 2244 578 2286 primas
600 2244 666 2275 sibi
691 2244 844 2286 deposcit
869 2243 925 2290 μή
954 2242 1024 2278 οὖς
1052 2254 1128 2277 nam
1154 2245 1195 2276 de
1223 2241 1261 2277 οὐ

244 2290 294 2338 μή
312 2295 429 2331 agetur
446 2292 481 2322 in
500 2301 532 2323 v.
554 2288 605 2325 οὐ.
643 2292 695 2323 De
719 2292 788 2323 illis
814 2301 891 2324 cum
908 2293 1037 2332 primus
1054 2293 1264 2324 observasset

242 2340 360 2372 Valck.
391 2339 431 2371 ad
455 2339 593 2379 Hippol.
623 2335 669 2370 49
694 2340 804 2371 secuti
827 2343 909 2371 sunt
932 2340 1120 2371 accuratius
1145 2339 1262 2380 inqui-

245 2390 360 2418 rentes
374 2386 494 2419 Elmsl.
515 2386 558 2418 ad
570 2385 626 2418 OC
640 2382 722 2419 359.
741 2387 782 2419 ad
798 2386 888 2419 Med.
900 2383 981 2418 215.
1006 2383 1108 2419 1209.
1128 2387 1259 2418 Buttm.

246 2443 320 2466 exc.
340 2434 382 2466 ad
399 2434 499 2466 Dem.
520 2434 556 2465 in
574 2433 656 2465 Mid.
677 2443 711 2474 p.
735 2430 822 2474 146,
851 2434 948 2466 cuius
967 2437 1081 2466 tamen
1100 2435 1262 2466 rationem

245 2481 377 2512 nemini
405 2481 612 2522 probabilem
640 2481 751 2513 visum
780 2482 823 2513 iri
847 2485 976 2514 certum
1002 2485 1072 2521 est,
1106 2482 1263 2522 inprimis

247 2537 325 2560 vero
342 2529 460 2560 Herm.
481 2527 523 2560 ad
540 2527 599 2560 ΟΒ
617 2524 661 2560 13
677 2531 713 2560 et
729 2528 808 2562 diss.
825 2528 867 2559 de
880 2528 936 2560 ell.
953 2532 988 2560 et
1001 2529 1113 2569 pleon.
1133 2538 1167 2569 p.
1178 2525 1260 2560 229.

246 2575 371 2616 Opusc.
392 2579 418 2606 t.
442 2572 472 2607 1.
498 2575 541 2607 cf.
561 2575 728 2616 Hartung..
749 2575 813 2609 vol.
834 2572 868 2609 2.
889 2585 923 2616 p.
948 2572 1026 2608 170.
1054 2573 1111 2619 [G.
1125 2576 1163 2608 F.
1177 2575 1264 2615 Gay-

242 2623 305 2663 ler,
329 2622 371 2654 de
388 2619 429 2656 οὐ
447 2626 482 2654 et
499 2620 563 2666 μή,
585 2619 624 2656 οὐ
643 2621 693 2667 μή
710 2626 746 2654 et
763 2620 812 2668 μὴ
831 2619 883 2657 οὐ.
906 2623 1052 2663 Tubing.
1076 2620 1177 2655 1838.
1206 2624 1259 2655 W.

248 2670 289 2701 E.
310 2669 570 2710 Lieberkuehn,
597 2670 640 2702 de
665 2670 854 2703 coniunctis
878 2671 1113 2711 negationibus
1139 2668 1188 2716 μὴ
1208 2667 1259 2703 οὐ.

245 2716 365 2749 G.-Pr.
378 2717 496 2749 Vinat.
516 2713 638 2762 1853]
664 2717 780 2750 Herm.
801 2727 878 2750 cum
892 2717 1069 2750 Schaefero
1086 2718 1178 2749 visae
1195 2718 1264 2749 sint

245 2764 430 2805 particulae
463 2773 539 2796 sese
574 2765 785 2805 excipientes
817 2764 994 2797 intendere
1033 2765 1260 2806 negationem,

247 2812 328 2844 satis
346 2811 503 2851 ostendit,
528 2815 706 2856 utramque
723 2821 805 2843 suae
822 2812 1000 2853 potestatis
1018 2821 1093 2844 esse
1110 2813 1263 2845 retinen-—

245 2862 316 2891 tem
341 2868 405 2890 nec
426 2858 612 2899 quidquam
635 2860 750 2891 inesse
771 2859 981 2892 abundanter
996 2859 1091 2891 dicti.
1129 2858 1263 2900 Quippe

248 2904 297 2951 μὴ
324 2902 364 2938 οὐ
392 2915 468 2963 cum
494 2906 601 2938 modis
625 2907 733 2940 finitis
758 2906 952 2939 dubitanter
976 2910 1096 2946 negat:
1125 2903 1265 2940 δέδοικα

245 2949 369 3032 ἓῖἒῑιῗιῖ
388 2950 618 3045 {immi
627 2962 910 3042 ’ἓῖέοξέἒῖἑΐῖᾼ
920 2953 1181 3034 ἑῗῖἒὲἕῑῗῗῖἓ,
1196 2963 1262 3033 ¹33¹}

247 3055 313 3088 que
342 3046 565 3088 praecedente
595 3048 765 3081 sententia
791 3048 970 3089 principali
998 3051 1160 3088 negante,
1199 3057 1264 3089 quo

247 3095 332 3126 facto
365 3095 446 3135 quin
470 3094 631 3127 Latinum
656 3095 815 3127 reddunt.
859 3096 911 3127 Ita
934 3095 1054 3127 fortius
1078 3095 1260 3136 affirmant,

247 3142 357 3182 priore
375 3141 506 3174 sublata
523 3143 712 3182 negatione.
744 3142 840 3175 Hanc
856 3142 1055 3183 praecedere
1072 3142 1193 3174 debere
1210 3146 1264 3174 te-

248 3197 338 3220 mere
364 3189 500 3228 negavit
518 3189 648 3222 Schaef.
677 3199 753 3231 app.
782 3189 823 3221 ad
847 3189 946 3221 Dem.
976 3190 1040 3222 vol.
1067 3185 1102 3221 2.
1123 3199 1157 3230 p.
1179 3185 1259 3221 540.

249 3233 334 3267 Cum
354 3236 518 3277 infinitivo
535 3233 594 3280 [cf.
615 3236 658 3268 E.
677 3237 844 3276 Wentzel,
864 3235 992 3268 nachtr.
1015 3245 1044 3268 z.
1065 3235 1159 3268 lehre
1181 3236 1264 3269 iiber

251 3279 301 3326 μὴ
319 3278 359 3315 οὐ
377 3292 422 3314 m.
444 3282 476 3314 d.
497 3287 583 3323 part.
596 3294 642 3324 1u.
662 3283 694 3315 d.
715 3284 779 3318 inf.
803 3280 904 3316 1843.
941 3283 1201 3324 Lieberkuehn,
1221 3283 1263 3315 de

249 3329 484 3368 negationibus
511 3328 560 3374 μὴ
589 3327 629 3363 οὐ
655 3341 683 3362 c.
711 3331 774 3363 inf.
803 3334 838 3362 et
854 3330 1041 3371 participiis
1060 3331 1259 3362 coniunctis.

250 3374 370 3406 G.-P1·.
383 3376 500 3408 Vinar.
516 3373 622 3420 1860]
635 3377 795 3409 dicuntur
813 3376 862 3422 μὴ
878 3374 941 3411 οὐκ
961 3375 992 3410 εἰ
1008 3374 1068 3410 καὶ
1084 3373 1166 3422 τρίτ’
1178 3374 1260 3417 ἐστί,

251 3421 300 3466 μὴ
326 3421 437 3470 παρῇς
460 3421 499 3455 τὸ
525 3422 575 3469 μὴ
602 3421 641 3456 οὐ
668 3422 794 3469 φράσαι
819 3424 878 3456 OB
902 3421 971 3456 283
988 3433 1028 3457 m
1045 3423 1194 3463 admitte,
1222 3432 1264 3456 ne

1230 135 1318 205 Μή

236 254 300 300 ὅρα
332 258 450 291 κακῶς
485 251 675 300 πράσσοντε
708 252 758 299 μὴ
792 251 901 298 μείζω
925 251 1020 287 κακὰ
1042 249 1256 299 κτησώμεθα
1291 262 1360 286 non
1376 252 1479 294 dican,
1499 255 1579 295 quin
1594 253 1687 289 dica-³
1702 254 1726 286 i·
1748 263 1779 286 e·
1799 252 1937 293 πάντως
1955 253 2074 302 φράζε·
2109 252 2176 290 ⁰¹⁷1?-
2192 253 2234 291 3⁸⁴

2147 4 2155 15 ι’
2181 0 2190 9 ’·
2199 0 2250 26 gy(

1985 147 2036 196 [11
2050 160 2086 193 p.
2100 146 2211 183 100-
2246 154 2252 177 ⁵

1293 297 1421 346 θοίμην
1448 299 1497 345 μὴ
1525 298 1564 334 οὐ
1588 294 1662 334 τάδ’
1686 298 1855 346 ἐκμαθεῖν
1878 306 1997 348 σαφῶς
2015 299 2119 336 1065.
2160 301 2270 356 dne(

1293 345 1358 381 οὐκ
1382 347 1471 389 ἔσει,
1501 346 1551 393 μὴ
1578 346 1618 381 οὐ
1637 345 1675 381 σέ
1692 359 1729 394 γε
1746 347 1804 382 καὶ
1821 349 2015 396 πατριώταν
2031 347 2180 386 Οἰδίπου
2197 347 2253 385 αὖ

1294 392 1381 427 1091
1402 395 1455 428 ch.
1483 392 1594 428 λείπει
1612 393 1676 440 μὲν
1693 389 1763 429 οὐδ’
1779 393 1802 429 ἃ
1818 393 1967 443 πρόσθεν
1984 389 2125 454 ᾔδεμεν,
2143 396 2183 432 τὸ
2201 409 2227 443 μ
2252 403 2254 405 ’

1294 439 1471 488 βαρύστον’
1495 440 1581 476 εἶναι
1607 439 1710 475 1232.
1754 442 1842 476 ὥστε
1867 441 1962 483 ξένον
1984 438 2016 491 γ’
2039 456 2080 478 αν
2106 442 2206 479 οὐδὲν
2230 462 2235 473 ·
2260 454 2264 457 ’

1293 488 1408 535 ὥσπερ
1427 488 1466 523 σὺ
1484 492 1557 532 νῦν,
1589 487 1800 536 ὑπεκτραποί
1827 502 1871 538 ην
1890 490 1940 537 μὴ
1959 490 1998 526 οὐ
2016 491 2239 532 συνεκσώζειν

1295 534 1363 569 566
1381 548 1412 570 v.
1434 538 1550 569 Herm.
1594 535 1756 582 πείσομαι
1771 550 1791 585 γ
1819 549 1836 584 ρ
1855 536 1894 572 οὐ
1910 541 2073 573 τοσοῦτον
2091 537 2204 580 οὐδέν,
2231 545 2262 573 s„

1296 583 1345 630 μὴ
1365 582 1404 618 οὐ
1422 582 1539 622 καλῶς
1557 582 1674 618 θανεῖν
1692 585 1774 617 Ant.
1797 583 1853 618 97.
1896 584 1946 631 μή
1963 597 2028 627 τοι,
2050 585 2254 633 κασιγνήτη,

1294 629 1469 712 &fisse
1491 630 1530 712 5
1542 629 1956 724 5555555555.ὺὲ
1969 633 2033 715 555,
2045 630 2265 716 545555.

1296 690 1376 760 gila:
1391 703 1459 758 936
1471 690 1540 758 ’9.ῃο
1577 691 1677 760 οὐδ’ἐν
1701 725 1717 760 ἐ
1741 724 1850 773 λείψω
1875 727 1914 762 τὸ
1940 728 1989 774 μὴ
2016 692 2184 763 ούῃπᾶσαν
2255 774 2257 778 ι

1296 771 1376 808 σθαι
1399 771 1498 807 τῶνδ’
1522 771 1691 819 ἀλήθειαν
1718 773 1796 820 πέρι
1815 775 1870 807 Τι’.
1893 772 1938 807 90
1963 774 2002 810 οὐ
2028 778 2064 808 in
2089 777 2185 810 libris
2210 785 2255 821 ⁰.

1295 831 1371 853 sum
1388 823 1537 853 Brunck.
1557 822 1696 854 addidit.
1730 819 1769 855 ού
1786 833 1819 854 τι
1838 821 1887 870 μὴ
1906 821 2027 868 σφαλῶ
2045 821 2075 869 γ’
2092 823 2127 858 ἐν
2145 821 2199 857 σοί
2213 833 2262 857 π’Ῠ

1292 868 1332 902 τὸ
1360 868 1408 914 μὴ
1436 866 1477 902 οὐ
1497 863 1567 902 τόδ’
1583 867 1688 916 ἄγγος
1705 868 1752 906 ὡς
1771 868 1843 916 ἔχει
1861 867 1968 910 δεῖξαι
1982 867 2064 903 622.
2108 873 2149 904 In
2168 871 2227 903 LA
2248 870 2261 911 ἵ

1295 914 1334 949 ού
1359 927 1410 958 pr.
1441 916 1510 962 μὴν
1536 926 1616 948 corr.
1646 915 1763 962 manu]
1790 918 1967 960 scriptum.
2011 917 2058 956 ὡς
2085 916 2149 952 οὐκ
2172 916 2211 952 ἀ
2244 918 2260 945 2¹

1293 962 1333 1020 το
1357 963 1406 1022 μη
1431 962 1470 997 οὐ
1495 961 1647 1021 πὲΙτροισι
1672 965 1738 1001 πᾶς
1764 962 1990 1022 καταξανθεὶς
2013 962 2131 999 θανεῖν
2149 967 2204 998 Ai.
2242 972 2251 988 ὲ

1295 1008 1986 1105 ἕζοῖρὲῗΐζῖὲρέἔ“ῖόᾱ;,5ὴοὲἓ’5θῖἱὲ
1999 1010 2213 1106 ‘'timis'’

1297 1105 1347 1152 μὴ
1366 1104 1405 1139 οὐ
1422 1105 1481 1139 τὸν
1501 1104 1585 1151 ἐμὸν
1605 1109 1784 1154 στοναχεῖν
1801 1101 1919 1152 πατέρ’
1935 1105 2057 1142 ἄθλιον
2077 1105 2144 1141 133
2160 1117 2216 1140 an.
2250 1135 2252 1138 ,

1296 1156 1410 1185 minus
1435 1157 1526 1185 recte
1553 1151 1593 1186 οὐ
1619 1155 1842 1186 omitteretur.
1878 1154 1964 1187 Cum
1983 1156 2162 1197 participio
2185 1159 2239 1188 ter

1296 1199 1336 1234 οὐ
1363 1202 1509 1258 dmum}
1536 1199 1575 1233 οὐ
1597 1198 1661 1247 γὰρ
1679 1198 1719 1234 ἂν
1739 1199 1874 1247 μακρὰν
1891 1199 2028 1250 ἴχνευον
2045 1201 2160 1261 αὐτός,
2181 1201 2231 1248 μή
2254 1203 2257 1207 '

1294 1246 1388 1329 {532³
1410 1245 1840 1342 ἔεὼσὲἕβὲἶοέεὲἓὲᾞῆ
1859 1246 2144 1343 οῆὐχῗιέεέἀᾞῖὶ
2161 1295 2204 1343 φα
2232 1272 2254 1324 J

1295 1354 1327 1376 τι
1344 1343 1399 1375 OC
1418 1307 1498 1375 3760.
1541 1306 1655 1376 <gemel
1681 1308 1816 1384 negritss
1840 1309 2084 1378 nonxaecuiffate
2100 1355 2168 1386 exp
2193 1358 2233 1373 ι.

1295 1391 1459 1422 adiectivo
1490 1391 1671 1432 composito
1695 1392 1806 1423 inest:
1842 1389 2056 1438 δυσάλγητος
2078 1390 2147 1532 Ιξόιρ
2171 1389 2212 1426 ἂν

1296 1486 1430 1518 Poterat
1455 1483 1495 1519 οὐ
1518 1486 1654 1526 abesse,
1684 1489 1724 1518 ut
1745 1495 1867 1518 sensus
1891 1491 1981 1519 esset
2004 1486 2034 1521 εί
2053 1499 2078 1533 μ
2120 1497 2218 1521 καιτοι
2243 1520 2245 1522 .

1298 1543 1401 1579 ροιμι.
1438 1533 1621 1565 Elmsleius
1638 1533 1798 1566 dubitans
1814 1535 2026 1574 praelaturus
2042 1539 2114 1567 erat
2131 1534 2201 1567 cod.
2230 1545 2248 1572 .»ζ

1296 1583 1317 1613 b
1335 1581 1535 1621 scripturam
1554 1578 1593 1613 ού
1610 1581 1811 1622 emittentia,
1841 1591 1908 1614 non
1925 1583 2121 1623 intelligens
2138 1579 2225 1616 δυσ
2243 1616 2246 1619 Δ

1295 1639 1354 1665 τος
1379 1624 1419 1662 ἂν
1446 1625 1523 1673 εἴην
1547 1627 1638 1659 idem
1666 1637 1740 1660 esse
1762 1629 1851 1669 quod
1867 1627 1933 1663 οὐκ
1948 1626 1990 1663 ἂν
2007 1628 2085 1675 εἴην
2103 1627 2212 1676 οίκτίρ
2242 1626 2243 1631 ’

1296 1679 1335 1707 ut
1359 1676 1503 1707 admisso
1521 1673 1571 1720 μὴ
1591 1671 1630 1708 οὐ
1648 1675 1710 1707 hoc
1733 1676 1881 1708 dicatur:
1909 1678 2008 1709 multa
2031 1678 2111 1710 inhu
2152 1690 2170 1705 ι.
2197 1686 2205 1703 ἰ
2222 1691 2236 1708 ι.

1296 1723 1435 1763 valebit,
1465 1724 1544 1763 quin
1567 1721 1709 1754 doleam.
1753 1723 1901 1755 Rursum
1918 1734 1986 1756 uno
2004 1725 2074 1757 loco
2091 1719 2236 1764 negant⁸

1298 1771 1405 1802 tentia
1429 1770 1617 1802 includitur
1641 1770 1914 1810 interrogationi:
1949 1769 1982 1804 τί
2006 1769 2095 1818 δῆτα
2121 1770 2166 1817 μέ
2226 1807 2231 1815 μ,

1299 1815 1338 1851 ού
1365 1814 1554 1862 παρουσίαν
1581 1815 1692 1863 ἔχειν,
1714 1818 1770 1849 Ai.
1792 1815 1873 1850 540.
1903 1816 2042 1864 μέλλειν
2067 1823 2120 1851 est
2180 1835 2187 1843 ι
2237 1816 2239 1818 ’

1298 1874 1420 1896 sen-us
1438 1866 1542 1905 igitur
1559 1866 1635 1897 talis
1650 1877 1656 1895 :
1686 1864 1764 1906 quid
1782 1869 1974 1907 cunctatur,
2004 1868 2084 1908 quin
2098 1867 2241 1909 venian

1298 1922 1390 1954 propt
1399 1922 1435 1944 er
1453 1914 1695 1944 cunctationem
1711 1915 1795 1944 certe
1806 1922 1876 1944 non
1887 1913 2018 1946 videtur
2029 1917 2199 1946 ventum.

1299 1961 1505 1991 scribebatur
1530 1957 1579 2004 μὴ
1605 1957 1645 1992 οὐ
1663 1958 1722 1990 OR
1738 1956 1806 1992 250
1823 1970 1883 2001 pro
1901 1959 2001 2006 ἐμοῦ.
2029 1972 2061 1993 v,
2082 1960 2224 1994 Sabaeis

1299 2017 1344 2039 cr.
1373 2017 1407 2048 p.
1431 2003 1497 2038 107
1523 2011 1557 2038 et
1577 2007 1695 2039 Herm.
1715 2007 1738 2038 l.
1760 2017 1804 2047 c.,
1833 2009 1916 2041 item
1932 2009 2014 2040 Ant.
2036 2005 2081 2040 33
2102 2019 2122 2040 a
2138 2008 2220 2041 Soh

1299 2055 1321 2086 l.
1344 2065 1370 2086 c.
1393 2064 1426 2095 p.
1451 2050 1517 2086 108
1543 2058 1577 2085 et
1603 2055 1724 2086 melius
1749 2056 1789 2086 ab
1807 2055 1924 2088 Herm.
1952 2056 1994 2088 de
2011 2056 2068 2087 ell.
2091 2059 2126 2088 et
2145 2065 2167 2097 p
2189 2069 2212 2082 0»
2239 2054 2242 2056 ’
2285 2051 2288 2074 ‘3

1299 2098 1388 2142 229,
1419 2106 1600 2133 correctum
1625 2106 1687 2133 est.
1710 2118 1814 2133 -.-
1833 2101 1848 2143 Η
1864 2103 1997 2135 Deinde
2023 2104 2087 2144 bis,
2109 2106 2172 2144 ter,
2203 2116 2207 2126 ·
2285 2096 2288 2139 ]

1299 2150 1436 2190 ponitur
1461 2146 1518 2193 μή
1545 2149 1736 2181 adverbium
1757 2148 1973 2189 prohibendi.-
2001 2149 2071 2195 μὴ,
2097 2149 2181 2196 πρὸς
2214 2150 2237 2191 ’,7
2285 2181 2288 2189 .

1301 2195 1368 2241 μὴ,
1391 2193 1542 2236 δέσποθ’,
1571 2194 1697 2240 ἱστόρει
1721 2193 1825 2230 πλέον
1843 2197 1901 2229 ΟΒ
1920 2194 2021 2229 1165.
2065 2209 2090 2242 μ
2137 2195 2205 2231 rot*
2225 2202 2233 2240 j„
2286 2196 2288 2235 ξ

1301 2243 1350 2290 μή
1378 2240 1409 2300 μ’
1439 2240 1628 2288 ἀτιμάσητε
1650 2254 1687 2288 γε
1705 2243 1760 2275 OC
1781 2241 1872 2276 1407
1889 2254 1963 2285 sqq.
2007 2244 2057 2290 μὴ
2076 2256 2102 2290 μ
2142 2245 2190 2290 μ’,
2283 2252 2285 2259 ’

1298 2301 1410 2325 κακαν
1427 2289 1527 2336 φάτιν
1543 2288 1611 2336 ἄρῃ
1629 2291 1684 2323 Ai.
1709 2287 1771 2322 191
1792 2291 1844 2322 ch.
1888 2290 1958 2337 μή,
1986 2290 2071 2338 πρὸς
2086 2289 2194 2338 γενείο
2219 2301 2222 2308 ·
2285 2279 2288 2333 ί

1299 2333 1390 2385 ’ξὲλῃ
1415 2336 1458 2371 τὰ
1484 2335 1628 2384 φίλτατα
1646 2338 1701 2370 ΕΙ.
1724 2334 1825 2370 1208.
1871 2337 1920 2384 μή
1944 2335 1977 2372 τί
2025 2350 2041 2372 ε
2057 2337 2136 2372 πολ
2179 2354 2186 2367 ο
2218 2357 2230 2377 η
2283 2346 2288 2406 1

1300 2384 1349 2431 μή
1367 2382 1404 2443 μ’
1421 2383 1586 2429 ἀποστερ’
1600 2395 1662 2429 σῃς
1681 2381 1771 2417 1275
1786 2395 1859 2426 sqq.
1880 2396 1926 2418 m.
1953 2350 2044 2419 ἀλλὰ
2063 2384 2113 2432 μὴ

1300 2430 1334 2478 μ’
1356 2431 1461 2479 ανὲρῃ
1479 2433 1534 2465 OC
1553 2429 1574 2463 2
1600 2428 1734 2473 8—10;
1763 2433 1931 2472 prioribus
1960 2438 2073 2465 tamen
2098 2433 2188 2466 chori
2219 2433 2236 2441 ''

1299 2482 1563 2521 interponuntur
1580 2480 1830 2521 interrogative,
1851 2483 1891 2513 ut
1906 2480 1961 2512 El.
1985 2477 2086 2513 1275.
2116 2480 2169 2514 of.
2204 2488 2210 2506 ³

1299 2528 1340 2561 ad
1356 2527 1444 2559 Med.
1469 2524 1535 2559 175
1553 2530 1621 2559 not.
1642 2531 1668 2558 t.
1698 2526 1861 2559 Similiter
1877 2525 2062 2573 μηδαμῶς,
2083 2525 2134 2573 μή
2176 2540 2181 2555 ·
2218 2561 2230 2570 ,-

1299 2578 1356 2607 tur
1372 2575 1434 2607 Ph.
1458 2571 1566 2615 1300,
1593 2585 1624 2606 V.
1648 2571 1831 2618 μηδαμῶς.
1855 2592 1895 2599 —-
1923 2575 1938 2617 ΙΙ
1960 2570 2031 2620 Μή
2057 2585 2102 2621 γε
2124 2577 2215 2610 εει-κ.»

1326 2620 1350 2668 ἠ
1375 2633 1413 2667 γε
1437 2618 1546 2654 πλείω
1570 2618 1671 2654 τῶνδ’
1693 2620 1786 2667 ἔχειν
1810 2620 2007 2668 δυσφημίαν
2030 2623 2106 2654 Hel.
2128 2622 2168 2654 fr.
2203 2639 2217 2659 x,

1315 2679 1369 2710 ap.
1390 2668 1491 2702 schol.
1512 2669 1571 2701 Ar.
1593 2668 1710 2710 Equit.
1732 2665 1798 2710 84,
1826 2670 1885 2701 ubi
1909 2677 2001 2701 nunc
2025 2670 2183 2702 scribitur
2214 2700 2216 2702 ,
2250 2687 2252 2693 ·

1298 2714 1436 2754 πλείους
1457 2741 1464 2748 .
1480 2742 1487 2749 .
1504 2741 1511 2748 .
1532 2713 1756 2762 δυσφημίας]
1779 2716 1793 2758 Η
1809 2712 1880 2762 Μὴ
1909 2714 1954 2750 δέ
1976 2725 2079 2758 neque
2101 2724 2187 2748 vm.
2209 2706 2215 2748 f

1301 2761 1392 2809 μηδὲ
1425 2764 1631 2796 scribebatur
1665 2761 1755 2808 μηδὲ
1786 2761 1991 2809 προσφέρειν
2026 2760 2115 2808 μέθυ
2141 2758 2217 2795 Οὓ’

1300 2811 1471 2852 praecedit
1497 2811 1588 2842 enim
1608 2811 1739 2842 iussum
1756 2811 1953 2843 affirmando
1969 2811 2147 2852 prolatum.
2199 2812 2218 2844 ³,

1300 2859 1426 2890 iniuria
1449 2858 1649 2899 quibusdam
1674 2859 1802 2898 placuit
1828 2857 1878 2902 μὴ
1906 2856 1943 2891 δὲ
1967 2855 2145 2904 προσδόκα
2184 2875 2187 2882 ·
2207 2850 2216 2901 J

1299 2902 1379 2937 367.
1401 2922 1443 2928 -—
1463 2905 1477 2946 ΙΙ
1494 2901 1564 2950 Μὴ
1591 2902 1699 2950 δῆτα
1723 2915 1764 2936 ne
1785 2914 1862 2936 vero
1889 2902 2000 2948 [Hart.
2022 2902 2060 2946 1,
2081 2900 2161 2937 306.
2194 2925 2196 2929 -

1299 2953 1339 2984 ad
1356 2953 1478 2984 Devar.
1498 2949 1531 2991 2,
1553 2949 1649 2996 436}
1697 2950 1745 2996 μὴ
1766 2950 1871 2998 δῆτα,
1901 2950 1950 2997 μὴ
1970 2946 2044 2997 δῆτ’
2059 2949 2179 2996 ἴδοιμι

1298 2997 1434 3057 ἡμέραν
1452 2999 1509 3032 OR
1526 2996 1606 3031 830.
1653 2998 1701 3055 μῄ
1721 2997 1837 3056 3⁷:³³?ss
1855 2998 1939 3044 πρὸς
1955 2996 2049 3056 θεῶν
2061 3024 2069 3039 ,
2095 2996 2153 3033 τὸν
2167 3001 2216 3046 γ)

1360 3044 1475 3092 αίκισῃ
1497 3043 1598 3078 1153.
1643 3057 1693 3091 μη
1722 3044 1786 3091 δητ
1817 3044 1985 3124 αῒπκηθλιξ»ί
2003 3042 2157 3124 (ἒῖ1174-
2187 3057 2205 3098 ⁴¹4
2262 3078 2273 3103 ·,

1915 3141 1951 3171 in
1976 3147 2133 3180 responso
2171 3121 2210 3145 ‘²⁵
2264 3119 2275 3153 '1

1299 3059 1388 3139 grim
1410 3091 1467 3126 τὸν
1494 3090 1658 3138 δύστηνον
1678 3090 1746 3126 ὧδέ
1762 3087 1791 3139 γ’
1808 3090 1899 3126 αἰκίσ

1299 3139 1418 3175 τέκνον
1436 3141 1504 3181 ξΡΙὶ.
1533 3137 1634 3172 1367.
1679 3141 1874 3181 Insequitur
1901 3104 1923 3183 ἶ]

1300 3185 1495 3233 δῆτατοῡτό
1513 3197 1550 3232 γε
1568 3188 1628 3219 Ph.
1643 3183 1711 3219 763
1728 3197 1770 3219 ne
1788 3187 1876 3219 istud
1892 3196 1978 3227 vero,
2000 3187 2139 3218 obsecro.
2155 3211 2158 3213 .

1300 3236 1424 3275 ποτε,
1455 3232 1627 3279 μήποτε
1653 3235 1693 3266 ab
1719 3235 1901 3266 editoribus
1931 3234 2029 3273 vulgo
2057 3233 2148 3266 nulia
2202 3273 2205 3275 Δ

1301 3283 1427 3314 ratione
1446 3282 1641 3313 miscentur.
1676 3281 1761 3312 Mihi
1787 3279 1922 3326 μήποτε
1946 3289 2134 3321 nunquam,
2167 3298 2171 3303 -
2197 3276 2209 3289 ³

1302 3330 1489 3369 significare
1514 3329 1647 3360 videtur
1673 3327 1761 3359 haud
1785 3337 1931 3368 unquam
1957 3331 1991 3358 et
2007 3337 2049 3358 πε
2066 3335 2085 3367 q
2184 3331 2210 3376 ζὶ

1301 3376 1438 3417 quidem
1471 3384 1571 3407 sensu
1606 3376 1709 3407 altero
1742 3375 1870 3415 peccari
1903 3383 1968 3406 non
2001 3374 2122 3415 potuit.
2182 3369 2199 3397 ἶ
2261 3393 2263 3395 -

1301 3423 1522 3455 enuntiandis
1546 3423 1668 3463 optatis
1695 3426 1754 3454 aut
1776 3422 1925 3453 cautelae
1950 3420 2206 3459 signification*
