2288 3600
29 5 84 44 ¹²⁴¹„
102 0 155 30 ζὴ,
178 0 195 15 ἡ,
251 0 253 2 .
274 0 291 8 ,,

21 45 30 61 ἑ

26 131 76 172 '2
97 134 312 184 ωδε-318]

33 241 114 277 flav.
134 241 248 289 τάφου
274 243 354 275 Ant.
375 238 456 275 490.
507 243 609 275 Recte
635 243 736 275 schol.
771 241 872 277 τοῦδε
893 242 1003 289 τάφου

26 307 32 319 ι
59 289 179 325 λεῦσαι
194 291 325 331 iungit3
361 290 477 321 Herm.
498 287 571 323 ἴσον
589 287 771 335 βουλεῦσαι
784 301 815 323 τ.
835 301 866 323 τ.
910 291 1006 331 Quod

42 351 47 366 ι
67 341 124 370 ‘art
139 338 334 379 exemplum
350 337 432 369 Eur.
453 336 578 369 Phoen.
599 333 680 378 550,
699 337 849 369 alienum
866 342 936 379 est3
957 339 1004 370 ibi

25 394 88 417 «am
110 382 186 418 ἴσον
210 382 381 429 δωμάτων
398 381 416 417 ἔ
442 393 490 416 ειν
516 385 698 425 obiective‚
732 382 805 417 ἴσον
830 382 1004 430 βουλεύειν

21 433 230 465 verbialiter
245 432 384 464 dietum.
454 435 468 463 t
484 440 560 473 nos,
583 431 712 464 Schaef.
734 432 838 463 sentit
854 433 895 464 ad
911 433 1000 464 Plut.

24 484 26 493 '
46 487 82 521 p.
101 475 182 512 469.
200 496 242 502 —
268 479 350 510 Oum
367 478 530 520 infinitivo
541 489 552 509 .·
569 472 663 511 ταῦτ’
680 475 875 523 ἐβουλεύσω
893 480 1003 512 ποιεῖν

36 530 41 540 “
65 523 145 559 537.
173 524 205 560 τί
219 536 286 570 μου
303 523 424 571 δρᾶσαι
440 522 661 569 βεβούλευσαι
677 523 773 571 πέρι;
796 523 876 558 738.
932 524 971 571 όρ

65 569 156 619 ποίῳ
181 571 240 606 καί
273 583 336 618 σφε
371 570 527 618 βουλεύει
558 574 715 613 mavei-⁴3
762 573 842 604 Ant.
863 538 944 605 77³3.
975 538 1003 618 ‘g

20 618 100 654 ’ΰτα
116 618 160 666 δή
180 630 222 665 με
238 617 298 654 καὶ
315 617 553 665 βεβούλευνται
570 621 698 660 ποιεῖν;
721 620 773 651 ΕΙ.
795 616 874 652 385.
903 618 935 653 εἴ
951 631 1005 653 τι-

39 670 42 673 ’
65 665 193 701 δόλοισι
209 665 427 712 βουλεύουσιν
446 664 605 711 ἐκβαλεῖν
623 663 702 698 649.
740 659 762 712 ᾗ
778 664 1006 713 βεβούλευμαι

24 712 104 749 λεῖν
121 710 200 746 947.
227 716 379 748 τοιοῦτον
397 712 505 759 ἄνδρα
522 711 696 758 βουλεύων
715 711 805 747 ἑλεῖν
826 711 926 746 1001.

23 773 35 827 ἶ,
63 781 215 830 Βουλή
245 784 259 827 ΙΙ
284 785 458 816 consilium
475 787 620 825 captum.
649 781 778 830 βουλῆς
798 780 896 817 οὐδέν
915 783 1003 818 ἐστιν

37 827 114 867 θιον
129 832 243 878 ’κακῆς
264 831 318 863 ΕΙ.
350 828 451 864 1047.
495 831 687 872 Respondet
710 832 791 863 haec
809 831 943 863 Electra
964 833 1004 864 ad

26 882 36 917 ,ι’
83 879 281 912 sothemidis
297 880 397 911 verba
414 877 494 912 οὐδὲ
508 875 684 923 βουλεύσει
697 876 810 912 πάλιν.
830 877 909 916 νέας
920 877 1004 923 βου-

22 960 30 971 Ἴ,
79 924 204 960 νέοισιν
228 923 476 973 ἐγκαταζεύξας
497 923 636 971 τρόποις
653 926 708 957 Ai.
729 922 810 957 736.
851 926 946 958 Suid.
967 937 1000 958 v.

33 976 37 983 “
55 971 250 1014 αταζεύΕας.
273 974 446 1005 comitium
456 977 599 1005 mutasse
607 973 745 1004 Aiacem
761 973 889 1004 dicunt.
916 974 1004 1005 Hinc

78 1024 122 1053 la
160 1021 227 1061 fati
269 1021 429 1052 dicuntur
467 1018 582 1065 μήδεα
618 1018 838 1053 παντοδαπᾶν
877 1018 1002 1065 βουλᾶν

3 1094 5 1100 .
26 1101 46 1106 ,γ
70 1078 132 1099 r.
153 1069 195 1100 fr.
208 1064 278 1100 604
294 1065 476 1112 [incertum
493 1077 575 1099 num
593 1064 793 1110 Sophoclis}
818 1084 859 1090 —
878 1067 892 1110 ΙΙ
910 1069 1004 1099 alteri

71 1130 75 1141 a
119 1126 130 1146 .-
160 1112 183 1148 ἅ
199 1112 229 1161 γ’
246 1112 368 1160 ἔλαβες
386 1112 528 1159 βουλαῖς
545 1112 562 1147 ἐ
592 1116 648 1151 αῖς
666 1115 726 1146 ΡΙι.
751 1112 852 1147 1247.
881 1112 921 1147 οὐ
940 1113 983 1160 γά

27 1163 53 1214 {2³³
68 1159 170 1209 υλῆς
192 1160 295 1196 ταύτὸ
311 1160 371 1196 καὶ
388 1159 518 1207 δρόμου
529 1160 567 1194 τέ
592 1172 628 1198 ος
646 1161 687 1193 fr.
708 1163 776 1193 inc.
796 1159 865 1194 735
882 1171 1005 1194 secun-

92 1210 194 1242 verba
209 1209 378 1242 Plutarchi
395 1209 435 1241 de
453 1209 587 1241 Gan-ul.
606 1218 639 1250 p.
660 1205 727 1240 511
747 1210 763 1240 f
776 1209 892 1241 eodem
910 1209 1005 1241 modo

92 1257 139 1298 igi
154 1259 276 1298 potest.
655 1253 688 1299 (1
705 1266 739 1296 p.
761 1252 829 1288 316
846 1257 907 1288 lin.
930 1253 1006 1300 13.)

27 1309 239 1364 4ῬΒούλη
250 1326 307 1360 μα
330 1325 362 1346 v.
392 1311 578 1359 βούλευμα.

32 1356 307 1420 Ὲούλομαι.
336 1373 351 1416 ΙΙ
379 1373 525 1406 Formae.
542 1382 651 1413 praes.
674 1370 844 1418 βούλομαι
860 1373 920 1405 Ph.
942 1370 999 1405 94.

0 1427 2 1429 ’
95 1418 195 1454 1273.
219 1417 320 1454 1375.
350 1420 408 1452 OR
425 1417 505 1453 623.
540 1419 595 1452 OC
614 1416 694 1452 363.
715 1417 794 1452 464.
815 1417 897 1452 485.
919 1417 998 1452 504.

62 1470 94 1506 ᾗ.
130 1470 212 1501 Ant.
237 1464 338 1500 1053.
377 1467 431 1499 Tr.
452 1464 533 1499 232.
569 1467 623 1498 El.
646 1464 726 1499 337.
749 1464 851 1500 1043.
887 1465 1003 1512 βούλει

42 1535 48 1550 ,»
78 1509 161 1548 233.
189 1511 270 1548 762.
302 1511 402 1547 1238.
448 1516 529 1546 Ant.
559 1511 639 1546 757.
671 1511 771 1547 1168.
816 1514 872 1547 Tr.
896 1511 998 1556 1223,

46 1572 218 1605 =usquam
241 1562 459 1604 discrepatur.
512 1558 674 1595 ούλεται*
697 1563 778 1593 Ant.
809 1559 877 1594 507
901 1559 997 1606 [secl.

64 1606 127 1655 ·..]
163 1610 219 1642 OG
240 1606 340 1642 1183.
385 1609 440 1641 Αἰ.
464 1607 479 1641 1
508 1607 564 1641 81.
610 1606 775 1652 βούλεσθε
791 1610 871 1640 Ant.
896 1606 995 1641 1038.

46 1654 251 1703 .’,ουλοίμην
276 1657 330 1688 ΕΙ.
361 1653 461 1688 1304.
507 1654 741 1700 βουλοίμεσθα
763 1656 822 1702 ΡΙι.
848 1652 927 1688 529.
955 1674 996 1679 —-

132 1705 191 1738 ΟΒ
210 1701 310 1736 1057.
335 1700 434 1735 1522.
464 1703 520 1735 Oc
541 1699 641 1735 1538.
664 1703 719 1734 Tr.
737 1700 816 1735 486.
839 1704 892 1735 Ai.
915 1699 994 1735 765.

55 1746 166 1784 259.
203 1751 353 1783 Phthiot.
375 1752 415 1782 fr.
437 1747 524 1791 622,
546 1746 579 1782 3.
607 1768 648 1773 —
677 1750 773 1791 impf.
802 1748 997 1795 ἐβουλόμην

53 1793 179 1834 1239.
208 1816 249 1822 -
276 1797 342 1838 fut.
375 1794 591 1842 βουλήσομαι
613 1797 671 1829 OR
689 1795 789 1830 1077.
834 1797 888 1829 OC
909 1795 997 1829 1289

2 1859 4 1862 ·
57 1843 142 1888 53:21.
203 1843 343 1889 ουλήσει
366 1845 420 1876 Ai.
444 1841 545 1876 1314.
576 1862 616 1867 -
644 1853 713 1876 (ιον.
739 1841 924 1889 βουληθείς
941 1844 996 1877 OC

5 1919 7 1921 .
70 1914 76 1920 .-
95 1893 149 1925 ΕΙ.
197 1889 273 1925 100.
294 1892 309 1935 ΙΙ
332 1891 425 1923 Usus.
454 1893 493 1923 In
511 1891 703 1923 definienda
720 1892 894 1923 verborum
913 1889 998 1936 βού-

94 1950 105 1973 ι
137 1944 171 1972 et
202 1937 315 1973 θέλειν
345 1938 589 1979 significatione
615 1947 682 1970 non
708 1939 871 1970 assentior
895 1939 995 1970 Butt-

61 1997 108 2030 4ο
131 1987 242 2019 Lexil.
271 1983 310 2028 1,
336 1983 382 2017 27
408 1989 442 2017 et
467 1985 640 2017 Nitzschio
664 1985 706 2017 ad
731 1985 815 2017 Plat.
844 1987 914 2018 lon.
935 1983 993 2018 84.

2 2046 6 2060 >
60 2030 80 2071 ¹
88 2033 200 2066 uidem
217 2038 307 2066 recte
330 2030 478 2066 θέλειν
504 2033 694 2072 generalius
710 2033 897 2073 significare
915 2033 996 2065 dicit

28 2094 32 2098 ³
63 2081 181 2123 plius
198 2081 293 2122 quasi
306 2081 427 2120 valere,
448 2083 487 2111 ut
503 2089 746 2121 nonnunquam
762 2084 916 2121 ponatur,
938 2081 995 2112 ubi

63 2142 72 2169 ι·
91 2138 156 2160 uus
172 2129 266 2160 verbi
283 2124 468 2172 βούλεσθαι
485 2137 567 2159 usus
584 2127 639 2159 sit.
669 2127 737 2160 Sed
747 2127 845 2168 illud,
865 2128 995 2159 Atticos

6 2207 7 2210 ,
59 2168 79 2201 ’Ἀ
92 2176 269 2217 scriptores
295 2178 330 2206 et
353 2178 467 2215 poetas
492 2178 682 2216 spectantes
700 2183 816 2206 verum
841 2184 915 2206 esse
932 2183 993 2206 ne-

0 2244 2 2249 ·
62 2216 116 2264 ᾖε,
134 2218 282 2256 θέλειν
300 2222 488 2262 significare
501 2222 706 2262 propositum
722 2220 896 2263 quoddam,
910 2221 994 2262 quod

75 2270 78 2273 ”
107 2283 126 2299 ιι
155 2279 214 2310 ur,
239 2270 433 2308 eonsilium‚·
461 2265 707 2313 βούλεσθαι
731 2271 841 2300 aulem
857 2269 995 2309 optanda·

4 2325 6 2329 ·
64 2315 218 2357 [limmdi
242 2317 352 2357 aliquo
376 2316 543 2347 notionem
566 2316 618 2347 vel
642 2317 746 2347 solam
763 2317 926 2347 continere
942 2317 996 2348 vel

71 2363 261 2405 'fit-mam.
320 2363 421 2395 Nobis
446 2366 560 2394 contra
583 2359 733 2395 θέλειν
755 2364 995 2403 proclivitatem

71 2409 89 2444 ”,.
104 2426 109 2437 ι
168 2412 282 2451 animi,
302 2409 500 2442 desiderium
517 2409 683 2450 quoddam
699 2410 833 2441 libenter
848 2409 995 2450 faciendi

0 2466 4 2474 ²
71 2445 91 2491 ῗ
101 2466 173 2490 care
189 2457 324 2489 videtur
340 2457 439 2496 (Lu-st
457 2455 596 2496 haben);
624 2455 672 2502 βο
684 2453 870 2490 ύλεσθαι
886 2459 994 2489 consi—

2 2516 34 2548 s.-
68 2495 224 2546 &aliquod
247 2504 426 2536 secundum
450 2503 711 2536 deliberationem
733 2503 823 2544 apud
839 2513 899 2535 nos
915 2514 993 2536 con-

86 2587 89 2589 .
150 2553 399 2592 elproposilum
416 2551 499 2590 (sich
516 2551 750 2592 entschliessen‚
771 2551 838 2582 sich
854 2551 993 2583 vorneh-

69 2596 73 2614 ”’
121 2597 183 2631 Est
198 2608 287 2640 vero,
307 2599 365 2630 ubi
383 2608 422 2630 ea
438 2599 538 2630 verba
555 2602 811 2630 commutentur.
833 2616 873 2622 —
894 2598 908 2641 ΙΙ
927 2599 992 2630 Le-

77 2640 93 2680 ’”’,
134 2645 331 2686 significatio
365 2648 507 2687 prostat:
560 2642 731 2690 βούλομαι
759 2642 877 2682 καλῶς
904 2643 992 2691 δρῶν

155 2694 188 2726 ῖν
208 2690 338 2738 μᾶλλον
354 2689 378 2736 ἢ
396 2693 493 2725 νικᾶν
509 2696 627 2729 ’κακῶς
650 2692 711 2724 Ph.
740 2689 786 2724 94
822 2692 898 2725 haec
912 2693 994 2724 mihi

133 2754 139 2767 r
161 2742 238 2772 stat.
281 2739 391 2771 Affert
408 2739 500 2772 Suid.
521 2750 553 2771 v,
583 2736 797 2785 βουλομένῳ.
827 2741 946 2786 φωνῆς
965 2733 993 2772 δ’

123 2796 134 2819 ι
147 2784 317 2831 βούλομαι
332 2786 393 2818 Ph.
414 2783 495 2818 255.
516 2786 624 2818 Possit
642 2786 735 2818 reddi
753 2785 838 2818 lubet
854 2787 990 2818 audire:

73 2832 102 2836 ”
117 2837 168 2865 est
184 2838 296 2865 autem
314 2833 429 2865 Graeci
453 2832 626 2874 videmini,
656 2833 711 2864 sed
736 2835 858 2864 certum
883 2836 992 2865 tamen

181 2890 291 2912 vocem
314 2882 456 2912 vestram
479 2880 615 2919 audire,
650 2889 693 2911 ne
718 2881 913 2912 temerariae
939 2889 991 2912 me

138 2940 163 2959 .
212 2927 300 2969 Apte
326 2928 504 2968 respondet
530 2927 783 2968 Neoptolemus:
823 2919 992 2973 Ἕλληνες

73 2974 82 3003 ἲ
93 2972 112 3013 ᾖ·
131 2975 230 3007 τοῦτο
246 2972 310 3030 γὰρ
330 2971 446 3019 βούλει
463 2970 598 3018 μαθεῖν,
619 2974 653 3005 id
670 2974 758 3015 quod
775 2974 907 3005 labendi
923 2975 991 3006 vim

74 3020 149 3059 fut,
177 3016 254 3055 ὅποι
267 3032 288 3054 τ
313 3017 448 3055 ἐνθένδε
467 3018 699 3066 βουλοίμεσθα
715 3018 813 3054 πλεῖν
832 3017 913 3052 329.
941 3018 991 3058 δὶς

62 3103 73 3112 „
94 3066 99 3085 ἶ
112 3063 221 3107 ούλει
231 3065 416 3102 ἀναπολεῖν
435 3065 468 3113 μ’
484 3065 569 3113 ἔπης
594 3065 701 3100 1238;
723 3077 789 3100 non
802 3077 884 3099 num
901 3069 992 3108 cupis

22 3124 30 3145 κ
97 3134 112 3139 ..
132 3114 134 3117 ’
162 3114 220 3146 sed
242 3125 322 3147 num
336 3118 438 3156 putas
453 3123 504 3146 me
521 3116 725 3147 iteraturum.
767 3106 936 3159 βούλομαι
954 3112 991 3147 δέ

21 3161 30 3195 ’,
82 3160 184 3205 Ἰῃειν
211 3158 311 3194 1273.
355 3159 450 3207 ὅμως
475 3171 511 3194 σε
537 3155 706 3206 βούλομαι
727 3158 823 3207 τῆσδ’
851 3159 990 3195 ἐκπλεῖν

21 3223 24 3230 ·
86 3210 109 3249 ,ἵ
137 3199 236 3241 1375.
279 3208 484 3241 Persuadere
510 3209 602 3240 enim
627 3208 721 3250 eupit
738 3209 988 3250 Neoptolemus,

21 3261 23 3275 ¹
93 3249 135 3297 ‘f'
161 3278 170 3295 ‚
191 3264 275 3296 quae
298 3257 363 3288 sibi
379 3256 486 3288 facere
502 3256 627 3287 lubeat.
671 3251 846 3300 θνήσκειν,
866 3252 905 3288 οὐ
924 3267 991 3302 φυ-

21 3294 24 3342 ζ
128 3292 294 3347 βούλομαι
309 3301 368 3334 OR
384 3298 464 3335 623.
500 3303 756 3343 Ineptissimum
773 3306 862 3334 esset
879 3305 985 3344 cupio,

765 123 924 194 Βουλή
954 155 1016 164 -
1045 125 1285 191 Βούνομος

1961 131 2056 179 127

1041 241 1092 281 δὶς
1108 242 1172 289 γὰρ
1190 241 1230 277 οὐ
1257 244 1270 276 ὶ
1287 236 1456 288 βούλομαι
1472 241 1589 289 ἀλγεῖν
1607 245 1662 277 OC
1675 242 1757 278 363.
1786 244 1986 291 παραινέσαι
2003 256 2056 280 σοι

1042 283 1211 335 βούλομαι
1224 301 1244 323 τ
1285 283 1446 336 σύμφορα
1461 288 1542 324 464.
1570 284 1702 326 τούτων
1719 290 1864 326 ἀκοῦσαι
1883 286 2053 338 βούλομαι

1040 335 1120 370 485.
1163 338 1264 371 τοῦτο
1291 331 1461 382 βούλομαι
1489 335 1614 383 μαθεῖν
1640 336 1727 380 504,
1758 341 1847 381 quod
1871 344 2054 382 utrumque

1040 394 1108 416 rem
1120 389 1250 426 spectat
1265 384 1485 426 efficiendam.
1514 383 1593 430 ἥκω
1607 384 1671 431 γὰρ
1685 384 1751 434 οὐχ
1765 386 1812 424 ὡς
1826 385 1908 432 δρᾶν
1924 398 1957 421 τι
1971 385 2055 432 βου-

1041 429 1160 477 ληθείς
1178 428 1258 464 732.
1293 430 1336 477 τῇ
1350 425 1383 465 θ’
1399 429 1506 465 αὑτοῦ
1524 432 1619 479 φρενὶ
1635 431 1736 479 χάριν
1762 444 1854 493 παρα
1903 437 1953 468 εῖν
1967 460 1975 473 .
2002 434 2054 480 τῷ

1042 476 1107 513 θεῖ
1132 472 1164 512 θ’
1181 476 1203 511 ἃ
1222 471 1381 523 βούλεται
1408 476 1509 512 1183.
1554 482 1703 525 κομπεῖν
1730 476 1758 513 δ’
1781 445 2055 528 ουχὶσβούλομαι

1045 491 1144 558 1209
1198 526 1349 557 Theseus
1373 536 1493 567 parum
1518 528 1644 559 urbane
1668 528 1863 569 loqueretur
1886 538 1955 561 non
1980 530 2056 561 libel

1041 574 1175 613 9l0riari
1197 573 1357 605 dicendo:
1401 574 1462 605 hoc
1487 573 1588 606 dicit:
1624 584 1734 606 meum
1754 585 1824 608 ποπ
1847 580 1912 617 est,
1945 580 1982 608 ul
2005 586 2056 608 me

1041 621 1167 653 ἰαοίετη.
1197 618 1215 653 ὃ
1234 618 1283 665 μὴ
1303 613 1356 661 ου’,
1375 619 1493 654 τέκνον
1513 616 1656 667 Αἰγέως,
1675 615 1801 666 βούλου
1819 621 1943 657 παθεῖν
1965 621 2055 656 1538

1040 677 1080 698 ne
1098 667 1179 698 talia
1196 669 1285 699 ineas
1301 668 1448 708 consilia,
1469 668 1557 699 unde
1571 668 1605 700 id
1618 668 1795 710 efficiatur.
1817 664 1931 715 βούλει
1945 668 2055 714 λέγειν

1040 725 1071 746 τι
1086 711 1145 747 καὶ
1162 711 1271 760 λέγων
1290 711 1399 760 μηδὲν
1423 707 1558 755 κλόειν;
1588 716 1669 747 Ant.
1691 713 1771 748 757.
1794 718 1987 750 Absurdum
2005 722 2056 749 est

1041 761 1175 793 libuitne
1188 771 1215 792 s.
1229 763 1407 802 capiemur,-
1427 761 1488 794 hoc
1504 762 1604 794 dicit:
1623 772 1698 803 erqo
1714 773 1749 795 eo
1767 767 1886 796 veniali
1903 765 2050 806 comitio,

1039 811 1077 839 ut
1093 806 1224 840 dicendi
1245 810 1412 840 licentiam
1438 808 1496 840 tibi
1517 819 1674 851 sumeres,
1704 812 1764 842 alii
1786 821 1827 843 ne
1851 809 2051 843 concederes.

1041 852 1080 888 οὐ
1099 852 1269 900 βούλομαι
1283 854 1340 889 τὸν
1359 854 1478 900 μάντιν
1496 853 1666 890 ἀντειπεῖν
1684 861 1803 895 κακῶς
1823 855 1924 899 1053,
1952 868 2054 899 quem

1040 911 1175 934 versum
1192 904 1289 934 affert
1306 903 1473 944 Moschop.
1487 903 1591 935 Dictt.
1606 905 1677 936 Att.
1691 916 1723 936 v.
1744 901 1829 940 ἐπω.
1852 902 1904 939 ἀεί
1920 916 1952 939 τι
1993 900 2054 939 ου’-

1039 946 1101 982 λου
1134 948 1306 996 χρήσιμον
1340 947 1616 995 προσμανθάνειν
1651 950 1798 984 Phthiot.
1838 954 1878 985 fr.
1915 950 1960 984 62
1996 978 2004 994 ,
2033 951 2054 986 3

1041 993 1192 1039 [aliunde
1210 1007 1284 1028 esse
1301 1001 1475 1038 sumptum
1492 1003 1607 1030 monet
1616 996 1777 1043 Nauck.].
1791 994 1917 1044 βούλου
1930 997 1971 1034 λό
1995 1012 2054 1038 ους

1041 1041 1210 1088 ἐμπέδους
1229 1041 1293 1088 [sic
1310 1044 1413 1076 ch.:
1436 1041 1595 1089 ἐμπέδως
1615 1043 1687 1090 LA]
1707 1044 1880 1092 εἰρηκέναι
1898 1047 1954 1079 Tr.
2015 1044 2048 1079 6.

1041 1092 1199 1131 Ineptum
1216 1092 1256 1123 de
1273 1092 1496 1132 propensione
1514 1097 1547 1124 et
1558 1093 1725 1125 desiderio
1740 1094 1845 1126 animi
1863 1095 1899 1126 in
1915 1095 2053 1127 alienis-

1041 1139 1125 1170 sima
1147 1139 1188 1170 ab
1214 1139 1282 1170 Iole
1307 1138 1488 1170 Deianirae
1506 1140 1679 1172 voluntate
1697 1141 1859 1180 cogitare:
1901 1146 1953 1173 est
1977 1153 1999 1174 α
2023 1145 2053 1173 te

1042 1186 1189 1226 impetra,
1213 1184 1322 1217 habita
1343 1195 1452 1217 rerum
1476 1188 1616 1219 ratione.
1652 1185 1750 1234 εἴπερ
1767 1185 1918 1233 εὐσεβεῖν
1937 1182 2053 1233 βούλει

1044 1228 1144 1264 1223.
1189 1232 1374 1274 Alloquens
1405 1232 1544 1272 Hyllum
1568 1234 1731 1266 Hercules
1755 1231 1924 1268 incertum
1948 1237 2053 1268 relin-

1041 1289 1144 1320 quere
1162 1289 1227 1311 non
1244 1284 1365 1321 potest,
1379 1280 1506 1312 velitne
1523 1281 1580 1312 ille
1593 1290 1635 1313 an
1650 1282 1734 1314 nolit
1746 1281 1908 1323 pietatem
1921 1284 2046 1323 colere;

1040 1326 1101 1358 hoc
1117 1326 1210 1368 dicit,
1230 1326 1388 1368 siquidem
1401 1329 1558 1368 pietatem
1582 1330 1652 1360 vita
1674 1333 1705 1361 et
1726 1329 1827 1370 factis
1839 1330 1977 1371 probare
1994 1330 2051 1362 de-

1039 1375 1180 1406 crevisti.
1225 1371 1314 1420 δόρει
1333 1371 1459 1419 βούλου
1477 1376 1615 1421 κρατεῖν
1633 1377 1688 1407 Ai.
1710 1373 1789 1408 765.
1819 1377 1902 1409 hanc
1919 1377 1977 1409 tibi
1993 1377 2050 1419 fa-

1039 1420 1145 1452 ciendi
1161 1422 1309 1462 reyulam
1324 1421 1423 1453 scribe
1439 1423 1579 1456 τοιαῦτα
1597 1415 1625 1455 δ’
1641 1419 1731 1456 ἀλλὰ
1747 1422 1806 1458 καὶ
1826 1422 1863 1457 σὲ
1881 1422 2051 1470 βούλομαι

1039 1470 1149 1501 ποιεῖν
1168 1468 1221 1500 ΕΙ.
1244 1465 1322 1500 337.
1362 1468 1475 1500 Potest
1497 1470 1685 1509 significare
1703 1472 1801 1502 velim
1818 1475 1847 1503 te
1865 1481 1988 1513 qaoque
2004 1474 2051 1504 sic

1038 1514 1166 1555 facere:
1202 1517 1314 1557 aptius
1339 1520 1391 1547 est
1416 1525 1493 1548 vero
1514 1515 1640 1548 decrevi
1657 1517 1746 1558 apud
1763 1521 1792 1549 te
1809 1520 1888 1550 meis
1905 1521 2050 1551 consiliis

1039 1562 1095 1593 hoc
1111 1562 1250 1604 efficere.
1278 1559 1412 1600 τούτοις
1430 1560 1498 1609 ἐγὼ
1516 1561 1578 1608 ζῆν
1595 1566 1668 1601 τοῖς
1684 1563 1804 1609 νόμοις
1819 1563 1860 1599 ού
1878 1563 2049 1621 βούλομαι

1041 1605 1140 1641 1043.
1162 1608 1220 1642 καὶ
1237 1607 1269 1642 τί
1284 1607 1468 1655 βουληθεὶς
1482 1610 1600 1656 πάρει;
1625 1608 1725 1644 1100.
1755 1610 1794 1645 οὗ
1810 1610 1860 1658 μή
1888 1623 1958 1646 εστι
1970 1624 2050 1647 και-

1038 1654 1105 1701 ρός,
1128 1656 1176 1702 μὴ
1197 1655 1331 1703 μακρὰν
1350 1654 1476 1701 βούλου
1494 1655 1603 1703 λέγειν
1622 1654 1722 1699 1259,
1744 1668 1811 1691 non
1827 1670 1906 1692 cave
1921 1663 2046 1701 cupias,

1037 1704 1093 1735 sed
1112 1713 1188 1735 cave
1204 1704 1263 1735 tibi
1278 1704 1470 1744 faciendum
1490 1708 1599 1745 putes.
1642 1699 1737 1739 κούδ’
1753 1704 1794 1740 ἄν
1812 1717 1848 1740 σε
1865 1704 2050 1752 λυπήσασα

1036 1747 1226 1797 βουλοίμην
1243 1747 1307 1794 [sic
1325 1761 1368 1782 m.
1383 1761 1447 1783 rec.
1469 1753 1505 1783 in
1524 1752 1595 1791 LA,
1617 1763 1660 1785 m.
1673 1763 1724 1794 pr.
1741 1750 1919 1800 λεξαίμην.
1941 1755 2044 1787 Dind.

1035 1807 1078 1828 ex
1102 1798 1172 1830 Pal.
1203 1795 1381 1844 δεξαίμην]
1414 1796 1524 1845 βραχὺ
1555 1796 1642 1845 αὐτη
1677 1794 1751 1846 μέγ’
1783 1797 1893 1847 εὑρεῖν
1926 1799 2048 1848 ’κέρδος

1038 1841 1127 1876 1304
1166 1855 1239 1877 mea
1263 1847 1347 1877 ratio
1370 1855 1439 1877 non
1454 1849 1511 1879 est.
1557 1845 1684 1878 Eadem
1708 1849 1791 1880 ratio
1816 1850 2047 1890 exemplorum

1035 1896 1097 1931 est,
1118 1893 1241 1933 quibus
1268 1894 1460 1934 importune
1487 1894 1641 1925 futurum
1667 1896 1855 1935 praesentis
1879 1897 1969 1927 vices
1993 1897 2048 1928 in-

1034 1940 1160 1970 vasisse
1186 1939 1338 1972 videtur:
1375 1938 1410 1977 ἔς
1434 1951 1470 1973 τε
1493 1939 1550 1974 τὸν
1577 1938 1676 1986 φίλον
1700 1936 1840 1976 τοσαῦθ’
1865 1940 2044 1988 ὑπουργῶν

1034 1984 1181 2032 ὠφελεῖν
1200 1984 1437 2031 βουλήσομαι,
1465 1986 1513 2020 ὡς
1535 1986 1608 2020 αἰὲν
1634 1986 1673 2021 ού
1692 1991 1860 2032 μενοῦντα
1883 1991 1939 2022 Ai.
1961 1988 2042 2023 681.

1036 2032 1174 2066 Posthac
1199 2034 1258 2065 sibi
1283 2036 1330 2066 ita
1353 2034 1461 2074 facere
1485 2038 1609 2066 certum
1632 2044 1699 2066 esse
1722 2037 1816 2068 dicit.
1860 2035 1990 2082 τούμὸν
2018 2031 2045 2069 δ’

1033 2078 1119 2125 ἐγώ,
1147 2079 1200 2114 ’κεί
1218 2079 1362 2127 σμικρόν
1380 2079 1469 2121 ἐστι,
1497 2078 1619 2128 σπέρμ’
1645 2080 1728 2115 ἰδεῖν
1755 2081 1971 2129 βουλήσομαι
1988 2084 2046 2116 OR

1036 2125 1125 2160 1077
1160 2138 1298 2168 peryam
1331 2130 1366 2160 in
1396 2129 1573 2169 aperienda
1596 2139 1671 2161 mea
1693 2132 1829 2170 oriyine.
1872 2130 1932 2164 καὶ
1951 2126 2046 2165 ταῦτ’

1033 2168 1090 2221 ἀφ’
1107 2172 1204 2219 ὑμῶν
1223 2173 1440 2220 βουλήσομαι
1453 2177 1571 2222 ’κυρεῖν
1586 2174 1665 2220 ἐμοί
1678 2176 1733 2208 OC
1750 2173 1850 2210 1289.
1880 2179 1947 2210 Nec
1965 2179 2045 2211 dnm

1032 2223 1163 2254 locutus
1180 2222 1354 2262 Polynices
1371 2226 1461 2262 erat,
1484 2233 1548 2255 nec
1564 2225 1693 2255 abibat:
1721 2228 1809 2256 recte
1827 2226 1931 2264 igitur
1947 2227 2041 2267 dicit,

1027 2272 1121 2309 post,
1142 2269 1177 2300 'si
1203 2270 1329 2301 locutus
1345 2279 1416 2310 ero,
1447 2270 1588 2302 abeundi
1611 2272 1741 2302 veniam
1758 2272 1832 2303 dari
1850 2275 2045 2305 conveniens

1030 2315 1213 2348 videbitur:
1239 2327 1432 2358 quanquam
1454 2318 1556 2349 etiam
1582 2315 1752 2362 βούλομαι
1776 2319 1817 2350 ad
1838 2322 2043 2352 sententiam

1030 2364 1116 2395 bene
1134 2364 1284 2404 quadrat.
1314 2382 1354 2387 —
1390 2363 1404 2406 ΙΙ
1436 2364 1542 2404 Magis
1567 2365 1607 2396 ad
1625 2365 1746 2397 liber-di
1763 2366 2043 2406 significationem

1030 2411 1112 2442 haec
1128 2411 1357 2452 propendent:
1392 2409 1506 2473 ἀρχὴν
1531 2408 1647 2445 κλύειν
1673 2409 1712 2445 ἂν
1739 2410 1809 2445 οὐδ’
1832 2410 1923 2452 ἅπαξ
1940 2412 2042 2493 ἐξου-

1030 2455 1143 2504 λόμην
1161 2458 1221 2489 Ph.
1246 2454 1347 2490 1239.
1376 2457 1556 2499 *καςεστιν
1575 2457 1664 2507 αὐτῇ
1675 2457 1735 2505 (τῇ
1755 2458 1943 2506 τυραννίδι)
1981 2461 2042 2507 ρᾶν

1030 2502 1140 2550 λέγειν
1158 2498 1190 2538 θ’
1207 2502 1229 2537 ἃ
1247 2502 1404 2550 βούλεται
1422 2507 1503 2538 Ant.
1524 2502 1593 2538 507
1614 2502 1707 2549 [secl.
1734 2505 1859 2552 Iacob.]
1884 2508 2043 2550 quidquid

1030 2552 1230 2583 collibuerit:
1257 2553 1322 2584 etsi
1347 2554 1449 2585 etiam
1473 2552 1630 2595 quidquid
1653 2553 1826 2586 decreverit
1843 2559 1933 2587 recte
1951 2555 2041 2587 dica-

1030 2603 1095 2631 tur.
1124 2596 1236 2632 πάντα
1255 2597 1304 2644 μὴ
1324 2597 1450 2643 βούλου
1467 2601 1605 2645 κρατεῖν
1624 2599 1682 2631 OR
1702 2597 1810 2642 1522,
1839 2603 1927 2642 quod
1943 2602 2038 2636 Suid.

1030 2650 1068 2678 ut
1085 2647 1298 2687 proverbium
1314 2647 1429 2687 affert,
1457 2651 1492 2679 et
1508 2647 1620 2688 ipsum
1642 2648 1762 2688 prioris
1787 2649 2042 2689 significationis

1028 2695 1172 2734 patiens.
1203 2690 1288 2726 ὅπου
1308 2687 1336 2725 δ’
1349 2691 1494 2739 ὑβρίζειν
1511 2690 1593 2739 δρᾶν
1610 2687 1642 2727 θ’
1660 2692 1682 2727 ἃ
1699 2692 1857 2738 βούλεται
1875 2695 1965 2742 παρ’
1980 2697 2037 2729 Ai.

1032 2737 1133 2772 1081.
1176 2733 1298 2785 πρῶθ’,
1319 2736 1341 2772 ἃ
1358 2744 1478 2787 πρῶτα
1505 2738 1693 2786 βούλομαι,
1723 2740 1855 2781 δίδαξον
1880 2744 1935 2774 Tr.
1946 2707 2037 2776 3³232.

1030 2787 1162 2818 Deinde
1188 2790 1241 2818 est
1265 2788 1324 2818 ubi
1343 2788 1474 2827 placere
1498 2788 1676 2827 significet.
1717 2787 1747 2821 εἰ
1771 2787 1937 2834 βούλεσθε
1954 2791 2036 2824 Ant.

1031 2830 1131 2866 1038.
1177 2831 1318 2866 πλούτει
1348 2844 1385 2866 τε
1401 2832 1465 2880 γὰρ
1491 2828 1564 2867 κατ’
1590 2832 1703 2877 οἷκον,
1732 2834 1762 2868 εί
1786 2834 1923 2880 βούλει,
1951 2836 2039 2884 μέγα

1030 2877 1131 2912 1168.
1163 2880 1400 2913 Concedendae
1419 2883 1608 2914 sententiae
1622 2883 1673 2914 vis
1690 2884 1798 2914 inest:
1827 2886 1855 2914 si
1872 2884 1930 2915 tibi
1946 2885 2039 2917 vide-

1027 2931 1092 2959 tur.
1137 2928 1322 2959 Memorant
1346 2928 1472 2960 Athen.
1501 2927 1533 2960 7.
1562 2938 1596 2969 p.
1624 2926 1693 2961 280
1718 2931 1750 2962 b.
1784 2926 1837 2962 12.
1867 2941 1900 2972 p.
1922 2928 1989 2963 547
2009 2942 2036 2964 c.

1028 2974 1126 3006 Eust.
1156 2984 1189 3015 p.
1210 2970 1297 3015 957,
1320 2971 1374 3007 17.
1399 2973 1507 3012 1606,
1537 2972 1594 3008 23.
1639 2973 1756 3021 βούλει
1771 2974 1933 3023 λάβωμαι
1952 2977 2040 3024 δῆτα

1027 3018 1085 3054 καὶ
1102 3018 1190 3066 θίγω
1206 3019 1238 3054 τί
1256 3031 1336 3063 σου;
1365 3022 1425 3053 Ph.
1447 3019 1527 3054 762.
1557 3040 1599 3046 -
1626 3024 1784 3064 Denique
1807 3026 1906 3056 malle
1931 3027 2037 3066 signi-

1027 3069 1103 3100 ficat
1120 3069 1224 3100 semel
1241 3069 1378 3109 quidem
1390 3094 1398 3109 ‚
1422 3079 1499 3101 nam
1516 3079 1634 3102 versus
1651 3070 1712 3102 Ph.
1733 3067 1779 3102 94
1796 3080 1896 3112 supra
1911 3073 2039 3105 laudati

1027 3115 1091 3147 alia
1108 3115 1210 3146 ratio:
1239 3113 1270 3148 εἴ
1287 3125 1329 3160 με
1347 3118 1518 3162 πημανεῖς
1534 3127 1583 3157 τι,
1611 3114 1774 3162 βουλήσει
1791 3117 1875 3151 ποτὲ
1891 3118 1950 3153 καὶ
1967 3117 2038 3153 δει-

1027 3159 1087 3198 λὸς
1104 3158 1189 3195 εἶναι
1207 3159 1352 3206 μᾶλλον,
1372 3160 1396 3207 ἢ
1416 3157 1441 3196 ’ν
1461 3161 1540 3208 ἐμοὶ
1556 3161 1684 3208 θρασύς
1701 3165 1755 3197 Ai.
1780 3162 1880 3197 1314.
1932 3165 2037 3200 ἄλλον

1026 3208 1119 3241 enim
1135 3217 1201 3240 non
1217 3211 1323 3249 mayis
1341 3210 1517 3251 significat,
1538 3211 1596 3243 sed
1609 3213 1731 3251 potius.
1765 3209 1798 3254 (Ι
1807 3221 1842 3253 p.
1855 3209 1897 3244 31
1932 3224 1960 3245 a.
1975 3212 2040 3257 m.)

1097 3252 1154 3289 Bo
1166 3253 1239 3289 ύνο
1251 3267 1326 3300 μος
1344 3257 1445 3289 bubus
1462 3258 1625 3297 depastus.
1662 3255 1679 3291 ὁ
1704 3256 1764 3291 τὰν
1784 3255 1896 3305 Κρίσᾳ
1914 3254 2039 3305 βούνο-

1028 3313 1092 3347 μον
1109 3299 1201 3349 ἔχων
1218 3300 1325 3335 ἀκτάν
1350 3303 1405 3335 ΕΙ.
1430 3301 1492 3336 181
1513 3305 1565 3336 eh.
1610 3305 1669 3336 LA
1687 3298 1856 3350 βούνομον
1880 3316 1930 3348 pr.
1953 3305 2038 3351 βου-

22 3385 24 3392 ,
159 3357 338 3389 properum-s
353 3359 426 3381 sum
441 3349 665 3391 interpretari.
708 3346 751 3382 τὰ
776 3347 813 3381 δὲ
840 3345 990 3395 ῥηθέντα
1025 3347 1130 3394 νόμον
1149 3358 1229 3381 corr.
1250 3359 1349 3390 quam
1376 3352 1576 3391 scripturam
1600 3359 1710 3392 apogr.
1732 3356 1767 3383 et
1785 3353 1878 3385 Suid.
1900 3365 1931 3385 V.
1954 3347 2035 3398 βού-

20 3410 25 3453 *
122 3390 220 3439 μηδὲ
233 3393 429 3441 μεμνῆσθαι
444 3394 556 3442 μάτην
565 3392 656 3428 1057
682 3396 782 3427 abiice
803 3397 985 3428 consilium.
1024 3407 1130 3440 νομον
1147 3399 1300 3428 tuentur.
1331 3414 1372 3420 —-
1398 3395 1496 3434 πόλις
1521 3396 1690 3443 φθίνουσα
1713 3393 1740 3430 δ’
1757 3397 1895 3445 ἀγέλαις
1914 3398 2037 3444 βουνό-
