2288 3600
7 190 18 195 ..
38 180 39 183 ,
62 145 254 192 11-913,]

0 195 19 219 [r

0 242 117 300 bavit}
163 253 229 286 Sed
257 253 292 284 in
323 252 383 284 Ph.
408 247 473 283 119
499 251 564 282 etsi
593 250 686 282 codd.
713 250 866 290 plerique
895 247 954 282 κέ-

0 295 50 383 no
77 302 221 340 habent,
250 309 324 331 cum
352 307 462 340 neque
488 298 707 338 imperativus
731 305 842 337 neque
858 297 953 336 plus-

3 384 6 385 7
40 350 227 391 perfectum
253 347 447 385 conveniat,
484 345 557 376 iure
590 354 633 375 ex
658 344 757 375 Trici.
789 348 824 374 et
847 343 948 374 schol.

0 391 62 430 kur
76 395 245 437 optativus
257 391 407 439 κεκλῇος
430 401 520 423 nunc
537 394 624 423 certo
641 392 791 422 firmatus
809 400 868 431 per
879 391 948 429 LA,

15 451 59 476 uo
74 446 127 474 est
142 435 283 486 κεκλησ’
298 449 349 481 pr.
371 435 510 472 κεκλ“ι’
528 448 592 470 sec.
614 448 658 469 m.
697 438 844 468 Eliditur
861 437 951 468 enim

19 488 70 522 ’(1.
106 489 234 520 Buttm.
256 487 314 519 Gr.
342 484 364 529 S
382 483 438 526 98,
483 483 515 517 6.
545 482 676 531 κέκλῃο
695 485 863 520 defendit,
894 484 952 514 sed

0 536 191 579 bquendum
216 534 439 574 grammaticis
463 533 548 573 fuit,
579 532 681 563 schol.
711 532 751 564 ll.
771 529 796 577 ψ
814 527 893 562 361.
923 543 952 563 ω

0 576 22 616 i.
43 584 140 615 Eust.
162 582 201 613 ad
219 582 260 613 Il.
281 594 310 613 ω
328 577 407 611 745.
431 580 524 611 Suid.
547 590 576 609 v.
601 577 768 623 μεμνῇτο,
790 580 832 609 cf.
848 579 947 609 Dobr.

0 626 55 663 Ar.
78 630 168 661 Plut.
189 624 268 659 992.
298 627 415 658 Herm.
436 627 475 657 ad
492 626 575 658 Eur.
599 627 644 657 lA
665 622 754 657 1184
779 629 813 656 et
830 624 947 656 Matth.

10 678 92 710 mai.
114 686 147 716 p.
165 671 245 707 376.
274 676 314 706 In
332 675 424 705 libris
442 674 578 714 quidem
595 673 713 703 horum
730 673 951 712 optativorum

0 728 94 757 'stans
128 723 294 762 scriptura
323 721 539 759 desideratur,
569 720 627 751 sed
661 719 800 750 minime
834 728 951 750 verum

0 772 167 804 mmaticos
185 769 251 800 sola
268 770 395 799 ratione
420 777 525 807 eaque
543 767 658 807 inepte
675 766 791 797 subtili
816 767 851 797 in
870 775 949 796 con—

0 818 112 850 nendo
137 821 276 848 accentu
302 825 379 846 usos
397 824 490 854 esse,
519 814 606 854 quod
634 814 706 844 vult
724 813 851 844 Buttm.
874 813 951 844 Ari-

0 865 61 897 rchi
86 865 177 895 enim
202 867 236 894 et
254 862 432 894 Herodiani
459 870 528 892 mos
547 870 636 891 nunc
653 861 773 891 melius
798 861 950 899 cognitus

0 911 113 950 hibet3
143 909 201 941 sed
227 919 300 941 cum
328 909 496 949 duplicem
530 905 714 951 παράδοσιν
748 908 946 948 reperirent,

0 959 36 991 iri
60 959 222 990 rationem
247 957 347 987 simul
372 959 552 996 sequentes
579 964 652 986 sese
669 955 883 985 addixerunt.
910 971 948 976 —

0 1030 9 1039 .
36 1001 191 1050 ἐκλήθην
227 1003 285 1035 OR
304 999 404 1034 1359.
442 998 577 1048 κληθῇς
611 1002 666 1032 Tr.
689 998 789 1032 1205.
831 997 951 1046 κληθῄ

7 1048 90 1085 149.
111 1048 253 1096 κληθείς
262 1051 316 1081 Ai.
330 1046 410 1080 290.
429 1067 469 1072 —-
493 1048 637 1079 Medium
651 1057 803 1088 praesens
819 1045 950 1080 καλοῦ-

0 1098 82 1134 ·ρὈΟ
103 1095 192 1130 1385
218 1102 253 1129 et
276 1094 488 1140 καλούμενον
519 1096 578 1126 Ph.
599 1092 686 1134 228,
715 1105 814 1135 quem
841 1096 949 1126 locum

0 1146 30 1179 ld
52 1146 153 1177 dubie
178 1149 267 1176 recte
293 1145 408 1175 Herm.
438 1143 612 1183 explicuit.
632 1159 738 1174 ——.-
774 1143 817 1173 11.
852 1141 945 1173 Usus.

0 1194 86 1227 stivi.
114 1203 133 1223 a
165 1191 410 1231 Antiquissima
427 1191 624 1229 significatio
643 1189 774 1220 videtur
799 1198 872 1220 esse
888 1198 948 1219 no-

0 1243 28 1272 ἰε
42 1237 270 1278 compellandi.
310 1235 413 1270 καλεῖ
440 1235 503 1282 γὰρ
529 1235 630 1269 αὐτὸν
648 1233 761 1268 πολλοὶ
785 1233 946 1280 πολλαχῆ

0 1285 89 1325 <OG
107 1282 207 1317 1626.
234 1282 484 1321 κάνακωκύσας
500 1281 603 1316 καλεῖ
620 1284 699 1314 Ant.
720 1279 819 1314 1227.
847 1281 949 1315 καλεῖ

18 1330 91 1378 ,ἤδη
116 1329 221 1366 Λάιον
240 1329 347 1365 πάλαι
370 1329 488 1376 νεκρόν
517 1330 575 1362 OR
595 1326 696 1361 1245.
726 1330 814 1361 Hinc
829 1339 948 1361 nomen

0 1381 105 1413 nificat
129 1379 259 1411 indere:
292 1377 339 1415 ὥς
363 1388 450 1424 σφας
473 1375 646 1421 καλοῦμεν
671 1373 862 1421 Εὐμενίδας
892 1376 947 1408 OC

0 1422 27 1466 b.
47 1428 132 1459 Item
150 1427 297 1458 convicio
314 1426 530 1466 compellare:
560 1422 648 1469 ἀνὴρ
665 1422 728 1469 γὰρ
747 1421 782 1456 ἐν
804 1421 948 1460 δείπνοις

0 1470 245 1520 ᾗπερπλησθεὶς
272 1470 362 1519 μέθῃ
390 1469 490 1505 καλεῖ
507 1465 585 1517 παρ’
603 1471 685 1516 οἴνῳ
698 1497 705 1511 ,
735 1468 884 1508 πλαστὸς
901 1470 948 1507 ὡς

0 1527 18 1559 lt
38 1518 139 1565 πατρί
163 1521 221 1552 OR
237 1517 316 1551 780.
339 1537 380 1542 -
408 1521 439 1550 b.
470 1519 566 1550 Porro
581 1527 696 1550 vocare
713 1519 766 1549 vel
790 1517 948 1549 advocare

0 1570 43 1610 3¹,ss-
79 1565 159 1600 ὅταν
191 1564 372 1611 καλῶμεν,
409 1563 582 1611 ὁρμᾶσθαι
614 1567 733 1611 ταχεῖς
760 1565 820 1596 Ph.
843 1562 944 1596 1080.

0 1604 152 1659 ι’ΐκόμην
172 1608 269 1659 ἔγωγ’
293 1611 347 1654 ἄν,
376 1612 405 1645 εἰ
423 1611 460 1645 σὺ
481 1611 529 1657 μὴ
557 1606 681 1648 ’κάλεις
699 1611 757 1643 OR
773 1609 852 1644 432.
882 1610 949 1644 πό-

0 1660 34 1699 αν
61 1659 212 1694 ἐκείνους
237 1658 337 1697 αὖθις
359 1658 460 1693 πάλιν
485 1657 666 1703 καλῶμεν;
706 1659 760 1691 Tr.
781 1656 861 1690 343.
890 1657 948 1691 καί

0 1704 226 1754 ζπροσβλέψας
250 1705 351 1740 καλεῖ
376 1704 454 1746 796,
485 1707 572 1747 quod
600 1708 629 1737 si
655 1707 731 1746 quis
748 1706 788 1737 de
806 1707 948 1745 compel-

0 1749 38 1795 ἔρ
60 1756 248 1794 intelligere
262 1755 346 1794 vult,
366 1755 455 1786 licet.
483 1751 581 1786 κάλει
598 1752 636 1786 τὸ
653 1754 719 1785 πᾶν
737 1764 795 1797 μοι
813 1750 949 1797 σπέρμα

0 1796 249 1847 ἕὸμαιμόνων,
278 1799 376 1834 κάλει
401 1799 438 1834 δὲ
461 1800 525 1846 τήν
550 1798 711 1833 τάλαιναν
746 1794 947 1844 Ἀλκμήνην

0 1844 102 1929 iffi,
118 1842 433 1928 ‘Iresiae
529 1843 828 1927 ¹⁰.⁹
843 1845 947 1924 ,es

0 1928 60 1980 *ww
77 1941 215 1976 καλεῖτε
228 1943 309 1974 Ant.
323 1920 403 1973 4451.
420 1907 465 1974 ξε,
480 1906 689 1985 πφοσμολεῖν
706 1917 803 1974 καλῶ
817 1941 871 1972 Ai.
887 1937 942 1972 72.

0 1983 107 2036 ξ’ᾳμῶς
132 1987 186 2036 σφ’
212 1986 277 2027 ἔξω
302 1986 400 2022 κάλει
427 1986 483 2019 74.
541 1990 660 2034 εῦκρον
685 1986 784 2021 καλῶ
809 1984 888 2019 342.
918 1987 946 2020 ὦ

0 2035 26 2079 ξ,
42 2035 154 2082 πατὴρ
173 2034 274 2069 καλεῖ
291 2046 325 2068 σε
344 2033 423 2067 541.
453 2036 713 2075 Adsignificatur
736 2035 779 2066 ad
805 2044 837 2065 se
855 2036 945 2066 invi-

0 2076 29 2124 fg}
53 2085 120 2121 πᾶς
143 2093 179 2116 σε
197 2079 381 2128 Καδμείων
406 2080 493 2119 λεὼς
509 2079 610 2115 καλεῖ
631 2079 771 2118 δικαίως
788 2082 842 2114 OC
862 2078 940 2113 742.

601 132 875 200 Καλλιβόας
901 161 963 169 -
990 131 1297 181 Καλλιστεῖον

1912 132 2010 182 365

989 249 1090 280 bitur.
1127 245 1298 294 ἄκλητος,
1329 245 1399 282 οὐδ’
1422 243 1478 282 ὑπ’
1502 247 1659 295 ἀγγέλων
1684 246 1828 294 κληθείς
1862 250 1916 280 Ai.
1939 245 2007 280 290

989 292 1070 340 [quo
1094 297 1164 327 loco
1187 293 1330 341 ἄκαιρος
1356 306 1399 328 ex
1425 297 1596 328 Herwerd.
1626 297 1711 328 coni.
1741 296 1875 336 scripsit
1901 296 2005 327 Dind.

988 352 1046 384 pro
1063 340 1233 387 ἄκλητος;
1256 343 1316 374 hoc
1333 344 1424 375 enim
1439 348 1570 375 servato
1586 339 1731 388 κληθείς
1749 344 1784 374 in
1803 340 1918 376 συθείς
1934 353 2009 374 mu-

988 390 1129 422 tandum
1153 386 1254 433 esse}
1301 390 1564 430 Adsigniflcatur
1590 391 1777 421 invocatio:
1804 389 1832 422 ὦ
1866 387 2003 429 θάνατε,

990 434 1126 476 θάνατε,
1155 441 1229 474 πῶς
1254 434 1307 469 ἀεὶ
1332 435 1547 481 καλούμενος
1574 435 1613 470 οὐ
1641 435 1725 482 δύνᾳ
1752 434 1871 481 μολεῖν
1900 447 2002 474 ποτε,

990 484 1050 515 Ph.
1072 480 1150 515 797.
1197 483 1242 514 Et
1267 484 1425 515 iudiciale
1450 485 1647 516 vocabulum
1673 490 1725 515 est
1757 483 1796 514 de
1820 484 1876 514 tite
1899 485 2006 515 inten-

989 530 1110 562 tanda:
1139 529 1162 574 ἡ
1185 529 1415 575 πατροκτόνος
1443 529 1521 575 δίκη
1539 527 1678 576 κέκλητ’
1695 527 1854 577 [κεκλῄθ
1872 528 2006 575 Cobet]

989 573 1029 610 ἂν
1048 575 1144 622 αὐτῷ
1161 578 1308 609 Phthiot.
1327 580 1368 609 fr.
1388 575 1468 609 624.
1498 580 1539 610 V.
1558 580 1672 619 lntpp.
1694 578 1852 618 Harpocr.
1870 588 1900 608 v.
1918 575 2005 623 κλῆ-

990 634 1038 661 σις
1071 628 1106 656 et
1137 621 1322 670 κλητῆρες.
1346 642 1449 656 —-.—-
1484 626 1516 656 b.
1548 625 1815 656 Usitatissimum
1830 629 1901 665 est,
1930 634 2006 656 cum

987 681 1108 703 nomen
1123 680 1230 711 yerere
1248 682 1274 703 s.
1294 674 1426 703 nominc
1445 673 1555 712 aliquo
1573 673 1685 703 vocari
1702 672 1879 710 significat.
1909 671 2004 703 Falso

989 719 1065 759 quis
1091 719 1285 758 existimet,
1314 728 1472 760 praesens
1500 723 1534 750 et
1551 719 1787 759 imperfectum
1809 722 1945 760 tempus
1963 720 2004 750 de

989 765 1175 805 accipiendo
1200 767 1332 797 nomine
1357 766 1423 797 dici
1438 791 1445 805 ,
1476 766 1602 807 reliqua
1618 770 1768 806 tempora
1784 766 1826 797 de
1844 766 2000 806 gerendo.

989 810 1078 845 ὀκνῶ
1097 810 1267 858 προδότης
1284 810 1466 846 καλεῖσθαι
1484 813 1544 843 Ph.
1566 808 1622 844 94.
1652 811 1670 846 ὁ
1689 813 1771 845 πᾶσι
1788 810 1920 849 κλεινὸς
1938 809 2001 848 Οἰ-

989 857 1106 896 δίπους
1131 856 1344 904 καλούμενος
1370 860 1428 892 OR
1444 857 1478 891 8.
1508 857 1543 899 ἐξ
1577 857 1616 892 οὔ
1640 858 1697 892 καὶ
1724 857 1880 904 βασιλεὺς
1904 857 2006 892 καλεῖ

991 903 1074 938 1201
1096 907 1148 937 ch.
1177 904 1306 952 χθονὸς
1331 905 1488 940 καλεῖται
1503 903 1608 950 τῆσδε
1631 904 1832 952 χαλκόπους
1851 905 1930 943 ὀδός
1947 907 2002 939 OG

987 951 1043 984 57.
1074 950 1205 998 Θησεὺς
1230 951 1387 986 καλεῖται
1405 950 1461 985 69.
1492 952 1560 999 ἐγὼ
1586 952 1642 990 σός
1659 952 1697 1000 γέ
1721 964 1774 987 τοι
1790 951 2004 998 καλούμενος

988 997 1088 1031 1324.
1110 999 1159 1045 μὴ
1179 998 1276 1037 πόσις
1295 999 1357 1045 μὲν
1371 995 1552 1046 (Ηρακλῆς
1571 999 1653 1045 ἐμὸς
1666 998 1824 1034 καλεῖται
1842 1001 1897 1032 Tr.
1912 999 1999 1042 5513

986 1049 1033 1078 sic
1050 1048 1164 1078 Herm.
1186 1057 1229 1078 ex
1248 1049 1305 1078 LA
1324 1052 1358 1079 et
1377 1049 1432 1078 LB
1450 1059 1480 1079 v.
1504 1047 1545 1092 μ’

986 1093 1105 1131 ὁποῖος
1124 1093 1170 1127 ὢν
1188 1093 1276 1140 ἀνὴρ
1295 1093 1377 1138 ἐμὸς
1395 1093 1497 1127 καλεῖ
1516 1092 1531 1126 1

989 1138 1087 1172 1194.
1111 1159 1152 1164 -
1187 1134 1278 1187 Ἰόλη
1312 1139 1462 1174 ’καλεῖτο
1497 1143 1552 1173 Tr.
1574 1139 1653 1173 381.
1678 1159 1717 1165 —-
1749 1139 1814 1178 ἕως
1845 1148 1896 1174 τις
1929 1139 2001 1174 ἀντὶ

985 1186 1156 1233 παρθένου
1205 1187 1267 1232 υνὴ
1286 1186 1405 1235 κληθῇ
1432 1189 1487 1220 Tr.
1512 1185 1588 1220 149.
1618 1188 1744 1234 πατρὸς
1762 1186 1871 1222 ἄλλου
1900 1191 2000 1235 γενοῦ

983 1245 1056 1275 του,
1078 1229 1159 1280 μηδ’
1204 1235 1266 1279 μὸς
1290 1233 1429 1281 κληθῇς
1455 1234 1503 1268 ἔτι
1532 1232 1631 1267 1205.
1657 1254 1697 1260 -
1724 1235 1829 1273 κακὸς
1860 1234 1897 1269 δὲ
1915 1236 1999 1282 πρὸς

984 1284 1044 1315 σοῦ
1061 1281 1119 1315 καὶ
1137 1280 1245 1328 φίλων
1261 1280 1476 1328 κεκλήσομαι
1492 1283 1550 1314 OR
1566 1279 1646 1314 522.
1676 1282 1733 1315 σὸν
1751 1279 1818 1328 ἄρα
1841 1280 1996 1329 τοῦργον,

985 1327 1048 1362 οὐκ
1081 1328 1162 1374 έμὸν
1196 1326 1401 1374 κεκλήσεται
1425 1331 1479 1361 Ai.
1503 1327 1604 1361 1368.
1641 1327 1807 1375 ἐλευθέρα
1835 1328 1936 1364 καλεῖ
1959 1329 1999 1364 τὸ

984 1374 1104 1409 λοιπόν
1131 1377 1184 1407 ΕΙ.
1205 1373 1286 1407 971.
1313 1376 1370 1410 τὸν
1396 1375 1514 1409 λοιπὸν
1539 1374 1664 1423 γρόνον
1688 1374 1774 1409 κέκλ
1803 1387 1840 1410 σο
1859 1375 1995 1411 πάντων

985 1421 1223 1467 εὐσεβέστατος
1247 1424 1307 1454 Ph.
1327 1422 1384 1455 85.
1415 1421 1442 1455 σ’
1468 1422 1503 1456 ἓν
1528 1417 1672 1468 εἱλόμην
1699 1421 1721 1467 ἢ
1741 1421 1784 1457 ἄλ
1809 1435 1848 1458 ου
1865 1423 1997 1471 κεκλῆ-

986 1466 1064 1503 σθαι
1092 1468 1223 1515 μητέρα
1253 1471 1307 1501 Tr.
1338 1467 1416 1502 736.
1447 1468 1519 1508 ἐξὸν
1545 1470 1672 1516 πατρὸς
1695 1469 1831 1504 πάντων
1858 1470 1996 1518 ἀρίστου

984 1515 1093 1550 παῖδα
1117 1515 1326 1562 κεκλῆσθαι,
1354 1515 1463 1550 καλοῦ
1487 1521 1549 1563 τῆς
1568 1531 1592 1563 μ
1619 1516 1698 1562 τρός
1723 1519 1775 1550 El.
1798 1515 1878 1550 366.
1908 1518 1997 1574 σοιρά

983 1562 1011 1596 τ’
1028 1563 1147 1610 ἀρίστα
1163 1576 1199 1597 τε
1217 1567 1299 1601 παῖς
1315 1563 1423 1610 κεκλῆ
1449 1562 1506 1598 θαι
1529 1528 1617 1597 1089
1635 1565 1687 1596 ch.
1715 1568 1882 1611 καταρκεῖ
1896 1568 1997 1599 τοῦοε

984 1607 1173 1657 κεκλῆσθαι
1192 1610 1317 1658 πατρός
1336 1613 1452 1643 Alead.
1474 1614 1513 1643 fr.
1539 1610 1615 1652 107,
1640 1609 1670 1643 1.
1701 1611 1804 1658 σοφός
1820 1606 1849 1645 τ’
1873 1610 1914 1646 ἂν
1932 1611 1997 1646 αὐ-

1559 1073 1564 1079 .
1596 1045 1727 1092 ἐξήκεις
1749 1044 1777 1079 δ’
1801 1045 1857 1080 ἵνα
1884 1049 2002 1092 φανεῖς

1561 1092 1617 1127 58.
1635 1093 1751 1140 μήτηρ
1768 1092 1926 1128 καλεῖται
1944 1095 1997 1126 El.

966 1658 1040 1695 ’τὸς
1073 1656 1225 1704 κάγαθὸς
1255 1656 1379 1704 κεκλῇ’
1405 1656 1477 1704 ἅμα
1504 1659 1564 1691 ΡΙ1.
1588 1656 1665 1691 119.
1688 1677 1791 1690 ——.—
1810 1661 1996 1699 Adsignifl-

986 1710 1078 1737 catur
1095 1706 1168 1736 laus
1182 1707 1233 1737 vel
1251 1707 1452 1746 reprehensio
1466 1704 1522 1751 [de
1537 1716 1601 1747 qua
1618 1707 1707 1738 verbi
1720 1708 1752 1737 vi
1764 1708 1806 1738 cf.
1822 1707 1991 1747 Ludewig.

985 1754 1024 1784 de
1043 1754 1194 1784 ubertate
1212 1763 1245 1794 p.
1267 1750 1346 1796 14]:
1374 1748 1416 1787 Ἡ
1440 1751 1560 1799 ακλῆς,
1590 1752 1607 1787 ὁ
1635 1753 1750 1790 πιστὸς
1775 1751 1861 1799 ἡμῖν
1885 1753 1997 1801 κάγα-

985 1798 1044 1836 θὸς
1071 1797 1284 1844 καλούμενος
1311 1801 1365 1831 Tr.
1388 1799 1408 1831 5
1439 1799 1467 1831 1.
1497 1800 1525 1834 ὦ
1552 1798 1712 1846 μεγίστης
1731 1798 1912 1838 Παλλάδος
1929 1813 1996 1836 κα-

982 1844 1145 1891 λούμεναι
1180 1851 1298 1880 πασῶν
1323 1841 1470 1893 Ἀθῆναι
1501 1845 1690 1893 τιμιωτάτη
1717 1845 1814 1885 πόλις
1838 1848 1894 1880 OC
1915 1846 1992 1881 107.

982 1897 1046 1939 γῆς
1079 1891 1216 1939 ὅσοιπερ
1245 1888 1360 1931 Ἀπίας
1392 1899 1521 1940 πρῶτοι
1554 1893 1738 1927 καλοῦνται
1774 1892 1874 1927 1304.
1915 1894 1995 1929 οὐδὲ

981 1952 1048 1986 νυμ
1079 1939 1127 1977 ίος
1145 1939 1280 1986 βροτοῖς
1299 1939 1452 1987 ἐκλήθην
1471 1939 1545 1986 (ἂν)
1562 1941 1608 1975 ὧν
1628 1940 1711 1987 ἔφυν
1728 1939 1796 1976 ἄπο
1815 1943 1872 1974 OR
1888 1939 1988 1975 1359.

982 1987 1029 2020 ὡς
1045 1986 1061 2020 ἐ
1085 1984 1216 2033 ευθέρῳ
1231 1986 1351 2033 ψευδεῖ
1367 1986 1549 2022 καλεῖσθαι
1566 1988 1634 2035 κὴρ
1651 1987 1825 2034 πρόσεστιν
1844 1988 1882 2022 οὐ
1901 1987 1992 2036 καλή

982 2035 1036 2066 Tr.
1049 2031 1128 2066 454.
1146 2033 1233 2068 κούκ
1251 2033 1291 2068 ἂν
1309 2039 1479 2081 γυναικῶν
1497 2034 1638 2081 ἥσσονες
1655 2030 1835 2081 καλοίμεθ’
1852 2035 1893 2070 ἄν
1906 2038 1987 2069 Ant.

980 2079 1059 2114 680.
1099 2081 1242 2127 γαστρὸς
1277 2080 1424 2129 [μητρὸς
1449 2084 1550 2115 Dind.
1578 2093 1606 2115 c.
1638 2081 1782 2127 Nauck]
1811 2081 1993 2118 καλεῖσθαι

3 2129 27 2170 st..
45 2130 212 2162 Hortandz·
229 2134 263 2162 et
279 2129 478 2161 admonendi
495 2130 595 2160 simul
615 2130 705 2160 inest
723 2130 783 2160 vis.
805 2126 892 2174 αὐτή
912 2126 945 2161 θ’
979 2126 1086 2162 παῖδα
1112 2127 1215 2168 Synd.
1235 2131 1275 2161 fr.
1301 2128 1378 2162 148.
1399 2128 1432 2162 3.
1457 2149 1558 2161 —-.—
1585 2131 1647 2162 Est
1664 2131 1721 2162 ubi
1747 2132 1876 2170 gravior
1891 2133 1992 2172 paulo

0 2137 65 2216 ἵζει
88 2175 169 2222 κᾶμ’
194 2175 374 2222 ὑπηρετεῖν
391 2173 528 2217 καλεῖς;
557 2177 610 2208 El.
631 2172 711 2208 996.
739 2174 857 2221 καιρὸς
879 2173 943 2221 γὰρ
960 2176 1228 2221 ‘circumlocutio
1253 2179 1345 2208 verbi
1371 2179 1572 2209 substantivi
1592 2178 1734 2209 videtur.
1765 2171 1835 2211 ἕνθ’
1863 2172 1992 2211 Ἑλλά-

0 2225 38 2262 „tt
60 2221 167 2258 πλοῦν
193 2226 332 2257 σκοπεῖν
362 2224 420 2254 Ph.
442 2220 521 2254 466.
544 2241 584 2246 —
610 2223 642 2255 d.
671 2223 776 2263 Saepe
798 2233 817 2254 a
842 2223 944 2254 medii

0 2268 173 2316 fflo‘bpm,
192 2273 359 2311 imprecor,
376 2271 524 2311 obtestor,
546 2271 789 2309 significatione
804 2270 943 2301 minime

0 2313 55 2352 ἷκε
80 2319 187 2350 omnis
205 2319 296 2349 enim
314 2319 450 2349 ‹lc-orum
467 2317 612 2348 maxime
630 2318 795 2348 invocatio
812 2327 831 2347 a
853 2326 942 2348 com—

0 2363 96 2405 bula,
127 2374 211 2405 quae
229 2369 282 2396 est
299 2366 405 2405 prima
422 2365 514 2396 verbi
531 2365 582 2395 vis
594 2389 602 2404 ,
630 2365 713 2395 exit.
750 2364 815 2395 Via
831 2367 941 2395 trans·-

0 2411 65 2452 hjdi
82 2421 148 2443 uno
166 2413 234 2443 loco
252 2412 419 2443 cernitur:
447 2409 480 2444 τί
502 2409 581 2447 τοὺς
606 2408 707 2447 θεοὺς
734 2408 842 2447 οὕτως
860 2407 941 2443 οἰνα-

0 2462 59 2500 ζῌνν
82 2456 220 2499 καλεῖς;
250 2459 309 2489 ΡΙ1.
332 2455 411 2489 736.
447 2459 567 2490 Dolore
591 2458 802 2489 excruciatus
828 2458 941 2489 Philo-

0 2503 39 2543 ἡ,
61 2509 139 2537 ante
170 2505 412 2537 exclamaverat
437 2503 478 2537 ἰὼ
503 2501 588 2538 θεοί.
632 2505 713 2535 Inde
731 2505 812 2535 haec
836 2509 935 2535 sunt:

0 2546 78 2596 ᾖδ’
95 2550 209 2598 ὅρκιον
225 2549 323 2584 καλῶ
344 2549 444 2583 1324.
464 2550 566 2584 τάσδε
586 2549 647 2588 τὰς
665 2549 748 2588 θεὰς
772 2549 851 2595 ἐμοὶ
874 2563 939 2584 κα-

0 2594 178 2643 Κῇίίινοῦμαι
194 2598 248 2630 OG
269 2595 369 2630 1011.
396 2592 522 2631 τοιαῦτ’
539 2596 685 2643 ἀρῶμαι,
713 2597 770 2631 καὶ
788 2595 885 2630 καλῶ
901 2597 940 2631 τὸ

0 2631 110 2725 ἱξᾶἓου
137 2644 275 2691 στυγνὸν
301 2644 464 2691 πατρῷον
491 2643 608 2690 ἔρεβος
630 2644 685 2677 OG
704 2641 806 2676 1389.
841 2643 939 2678 καλῶ

74 2703 90 2725 ε
107 2690 280 2737 δαίμονας,
308 2689 404 2725 καλῶ
423 2689 449 2723 δ’
462 2684 554 2737 ’Ἄρη
576 2689 675 2723 1391.
704 2689 801 2724 καλῶ
818 2689 850 2725 θ’
867 2689 940 2736 ἅμα

2 2738 106 2772 ἴον
122 2732 254 2785 Ἑρμῆν
278 2736 315 2771 εὖ
336 2750 377 2783 με
395 2737 546 2784 κοιμίσαι
561 2740 616 2770 Ai.
628 2735 708 2778 831,
730 2740 789 2770 ubi
806 2749 882 2770 cum
899 2740 935 2770 ad

1 2795 99 2831 <vum
123 2787 188 2827 ipsi
214 2787 309 2817 Aiaci
335 2786 512 2817 ferendum
544 2786 735 2826 invocetur,
771 2795 809 2817 eo
836 2787 939 2826 magis

1 2826 62 2869 ².··
86 2833 229 2864 mediam
248 2833 427 2864 desideres,
455 2830 552 2865 καλῶ
571 2830 599 2864 δ’
624 2831 779 2879 ἀρωγοὺς
797 2831 939 2877 σεμνοὺς

2 2876 41 2924 ᾗ.)
76 2877 268 2912 τανύποδας
285 2876 365 2911 835.
385 2877 515 2912 τούτων
534 2877 705 2924 μάρτυρας
722 2877 819 2912 καλῶ
838 2876 938 2916 θεούς

2 2921 114 2969 ’.ευῖ48.
143 2927 405 2966 Adsignificatur
422 2926 592 2957 adoratio.-
620 2924 701 2972 φέρε
719 2928 778 2959 νῦν
797 2924 937 2972 στείχων

8 2966 41 3014 ““f
63 2970 209 3006 ’καλέσω
235 2974 295 3005 Ph.
319 2969 408 3004 1452
424 2983 478 3005 an.
500 2990 541 2996 —-
568 2973 583 3014 ΙΙ
612 2973 693 3004 Usus
713 2972 813 3004 Medii
830 2974 936 3004 infre-

5 3015 24 3063 ζῐ
39 3023 117 3056 ,est.
150 3020 250 3051 Diras
266 3021 436 3059 imprecari
452 3020 616 3058 significat
632 3019 687 3051 OG
708 3017 807 3051 1385.
836 3017 937 3053 τάσδε

2 3063 111 3098 ’δ”ών
128 3064 223 3111 ἀρὰς,
253 3063 294 3098 ἅς
310 3076 361 3099 σοι
377 3063 562 3111 καλοῦμαι.
598 3067 844 3107 Antiquissima
862 3076 936 3098 vero

2 3111 241 3154 &advocandi
266 3114 299 3144 vi
322 3118 410 3144 recte
435 3114 601 3154 explicuit
624 3114 838 3145 Hermannus
871 3113 931 3145 Ph.

2 3155 154 3204 ,ἄνδρα
171 3157 334 3205 δύστηνον
352 3157 562 3204 καλούμενον
581 3158 770 3205 φωνήσατε.
791 3157 936 3204 [καλού-

3 3236 5 3238 .
22 3199 67 3243 ³3³
79 3204 207 3250 einek.]
243 3206 327 3238 Cum
344 3207 443 3246 vulgo
467 3203 678 3250 καλούμενον
691 3234 698 3247 ,
726 3208 762 3238 in
780 3216 844 3248 quo
860 3208 936 3238 libri

33 3253 60 3294 s
71 3252 157 3292 ium,
186 3263 259 3284 cum
278 3254 441 3294 prioribus
458 3254 675 3293 iungeretur,
704 3254 848 3285 Brunck.
869 3264 936 3286 κα-

39 3302 45 3338 j
61 3307 98 3331 ον
115 3301 265 3332 correxit.
289 3318 328 3323 —
348 3300 353 3341 Ι
385 3299 467 3331 Usus
479 3301 614 3339 passivi.
638 3319 678 3323 —
705 3311 733 3331 a.
760 3301 870 3331 vocari
887 3301 934 3331 si-

108 3343 126 3378 ὃ
150 3340 189 3386 δ’,
218 3346 265 3383 ὡς
291 3343 449 3393 ἐπῃσθετ’
475 3345 515 3379 ἐκ
539 3343 621 3379 θεοῦ
649 3344 862 3392 καλούμενος
880 3347 934 3378 OG

1 3405 9 3434 j
35 3390 159 3435 ‘quod
183 3395 306 3424 rectius
332 3395 398 3433 ita,
427 3403 525 3433 quam
552 3394 764 3433 compellatus
789 3394 935 3434 explica-

978 2234 1046 2256 νων
1073 2221 1095 2256 ά
1118 2222 1193 2268 οραὶ
1218 2220 1405 2261 Πυλατίδες
1436 2222 1617 2258 καλέονται
1651 2221 1821 2267 [κλέονται
1845 2223 1992 2269 Musgr.]

980 2270 1035 2302 Tr.
1049 2266 1092 2302 63
1127 2271 1176 2301 ch.
1200 2282 1231 2302 v.
1252 2268 1355 2304 κλέω.
1378 2271 1432 2303 Sic
1449 2276 1483 2303 et
1499 2272 1550 2303 El.
1571 2268 1641 2303 230
1654 2281 1698 2302 m.
1719 2273 1888 2312 explices:
1908 2271 1991 2305 τάδε

977 2315 1040 2362 γὰρ
1058 2315 1167 2350 ἄλυτα
1190 2316 1404 2362 κεκλήσεται.
1440 2319 1604 2358 pinguius
1618 2319 1658 2350 de
1675 2318 1736 2349 hoc
1753 2319 1912 2360 loquendi
1929 2329 1988 2359 ge-

978 2373 1056 2395 nere
1070 2365 1227 2405 exposuit
1236 2366 1348 2396 Monk.
1363 2366 1403 2396 ad
1416 2366 1498 2397 Eur.
1514 2366 1649 2406 Hippol.
1662 2362 1694 2396 2.
1714 2366 1837 2397 Locum
1849 2367 1987 2398 Trachi-

977 2411 1107 2442 niarum
1134 2413 1297 2452 explicuit
1322 2413 1490 2451 Wyttenb.
1517 2413 1557 2444 ad
1578 2414 1661 2444 Plat.
1683 2412 1821 2444 Phaedr.
1848 2423 1882 2454 p.
1903 2410 1985 2445 285.

1046 2477 1279 2526 Καλλῖβόα
1290 2493 1305 2519 ς
1331 2492 1481 2514 canorus.
1521 2481 1538 2516 ὁ
1571 2480 1758 2528 καλλιβόας
1790 2480 1893 2520 αὐλός
1927 2484 1982 2515 Tr.

976 2525 1044 2560 640
1062 2529 1113 2560 ch.
1728 2527 1760 2573 (Ι
1777 2540 1811 2571 p.
1832 2526 1913 2569 913,
1934 2527 1988 2574 3.)

1046 2583 1241 2632 Καλλίβὸ
1253 2598 1366 2633 τρυς.
1411 2586 1428 2621 ὁ
1462 2585 1685 2632 καλλίβοτρυς
1717 2586 1896 2632 νάρκισσος
1930 2588 1984 2620 OC

975 2631 1044 2666 682
1061 2635 1112 2666 ch.
1150 2634 1307 2666 Cincinni
1325 2636 1444 2665 florum
1470 2636 1510 2666 ad
1528 2644 1612 2666 uvae
1630 2636 1890 2666 similitudinem
1907 2645 1985 2667 con-

975 2682 1146 2721 glomerati
1172 2682 1423 2722 significantur3
1454 2682 1544 2712 unde
1561 2683 1615 2713 vel
1638 2682 1773 2723 floribus
1795 2684 1934 2722 spissum
1953 2693 1980 2714 c.

975 2729 1090 2759 Herm.
1111 2729 1343 2769 interpretere.
1360 2729 1461 2760 Plura
1479 2740 1510 2761 v.
1527 2739 1578 2769 ap.
1597 2729 1721 2768 Reisig.
1743 2739 1851 2760 enarr.
1867 2739 1902 2770 p.
1919 2727 1985 2761 100

975 2779 1009 2806 et
1026 2777 1121 2807 Voss.
1144 2776 1184 2806 ad
1203 2776 1316 2814 hymn.
1347 2775 1420 2807 Cer.
1449 2787 1481 2806 v.
1507 2773 1560 2807 12.
1598 2776 1783 2815 Reisigium
1807 2777 1888 2817 quid
1912 2786 1984 2808 mo-

974 2823 1070 2862 verit,
1091 2827 1130 2853 ut
1145 2819 1369 2867 καλλιβότρυς
1386 2823 1546 2854 scriberet
1564 2823 1686 2855 nescio.

1043 2888 1076 2925 K
1086 2890 1137 2924 αλ
1146 2889 1166 2924 λ
1177 2903 1216 2924 ικ
1227 2903 1298 2924 οττ
1307 2903 1327 2924 α
1338 2890 1356 2936 β
1367 2890 1383 2924 έ
1394 2905 1421 2924 ω
1438 2892 1565 2923 cottabo
1579 2892 1690 2923 dextre
1707 2892 1798 2924 Ludo.
1825 2893 1877 2937 τῷ
1894 2890 1983 2925 καλ-

972 2936 1228 2983 λικοτταβοῦντι
1245 2938 1425 2984 νικητήρια
1441 2937 1564 2985 τίθημι
1590 2939 1689 2971 Salm.
1712 2940 1752 2971 fr.
1773 2937 1853 2980 482,
1874 2936 1908 2970 2.

1044 3005 1118 3052 [*K
1130 3007 1179 3042 αλ
1189 3007 1211 3041 λ
1221 3020 1230 3041 ι
1241 3019 1287 3041 στ
1299 3007 1321 3041 ά
1331 3019 1382 3054 φυ
1392 3007 1439 3042 λο
1449 3020 1465 3046 ς
1481 3010 1563 3042 Ant.
1587 3006 1676 3041 1133
1687 3009 1737 3041 ch.
1759 3010 1844 3041 coni.
1867 3010 1977 3041 Wolff.

972 3056 1069 3086 metri
1088 3066 1186 3087 causa
1202 3065 1261 3096 pro
1278 3053 1569 3102 πολυστάφυλος]

1042 3109 1341 3147 Καλλιστεῖον
1360 3124 1386 3145 s.
1409 3115 1521 3154 potius
1545 3112 1595 3147 τὰ
1619 3112 1886 3148 καλλιστεῖα
1911 3116 1981 3146 vir-

973 3162 1050 3191 tutis
1063 3162 1260 3200 praemium.
1272 3158 1315 3194 τὰ
1328 3171 1351 3192 π
1374 3164 1447 3194 ῶτα
1457 3158 1648 3194 καλλιστεῖ’
1665 3158 1862 3206 ἀριστεύσας
1877 3171 1981 3206 στρα-

970 3208 1030 3239 τοῦ
1048 3208 1102 3237 Ai.
1124 3204 1204 3239 435.
1234 3208 1317 3239 Nam
1334 3171 1466 3240 &gemme
1486 3208 1619 3239 Telamo
1636 3209 1676 3239 ab
1694 3209 1838 3239 Hercule
1855 3210 1982 3249 accepit

971 3254 1157 3294 praemium
1174 3255 1314 3285 militiae
1332 3264 1406 3285 cum
1424 3256 1496 3295 ipso
1513 3256 1553 3286 ad
1571 3256 1701 3286 Troiam
1717 3260 1893 3295 susceptae
1905 3280 1913 3295 ,
1942 3259 1981 3286 ut

971 3304 1081 3331 narrat
1098 3301 1259 3332 Pisander
1282 3301 1406 3332 Athen.
1430 3299 1484 3336 11,
1505 3298 1574 3333 220
1592 3302 1696 3334 Schw.
1726 3302 1895 3334 Sermonis
1919 3313 1980 3333 au-

972 3347 1098 3378 daciam
1115 3348 1280 3388 explicuit
1298 3349 1411 3379 Herm.
1441 3348 1505 3380 Sed
1523 3349 1623 3379 schol.
1645 3349 1685 3379 de
1708 3349 1854 3380 Hesione
1871 3349 1978 3380 inter-

971 3397 1132 3434 pretatur.
