2288 3600
75 163 109 197 p.
123 148 338 199 res-772]

33 264 82 300 tfrt
98 256 216 306 θηρῶν
234 256 352 304 ὀρείων
370 259 430 292 Ph.
451 256 530 292 936.
552 261 574 292 i.
587 270 617 293 e.
639 257 744 305 θῆρες
761 257 927 300 ξυνόντες.
948 257 1020 306 μέγ’

39 331 42 335 .
85 303 198 353 λέγοις
230 303 376 352 δώρημα
439 308 476 344 ’ς
511 305 686 347 ξυνουσίας
718 306 772 339 OC
798 303 878 340 647.
922 305 1023 354 σοφοὶ

23 389 33 400 -,
55 363 171 402 ραννοι
198 356 266 387 τῶν
298 357 413 400 σοφῶν
461 352 602 400 υνουσίᾳ
633 354 688 386 Ai.
710 355 803 387 Locr.
832 355 873 387 fr.
898 351 952 387 12.
978 372 1019 379 —

24 419 25 422 =
60 401 146 433 alate
164 400 290 433 dictum
308 397 386 434 ὅταν
413 398 451 434 δὲ
474 397 635 448 πλησθῇς
659 403 722 446 τῆς
746 398 846 435 νόσου
862 398 1022 446 ξυνουσίᾳ

27 444 165 480 ··.520.
189 465 229 473 --
249 447 429 480 Difficilior
445 448 616 480 sententia
633 451 685 480 est
701 447 755 480 OG
774 444 852 480 63.:
880 446 1020 482 τοιαῦτά

24 488 173 528 ”.ιταῦτ’
188 491 286 536 ἐστίν,
315 493 343 528 ὦ
366 488 440 536 ξέν’,
468 492 508 528 ού
533 492 648 541 λόγοις
664 494 836 540 τιμώμεν’,
866 492 956 529 ἀλλὰ
977 493 1020 544 τῇ

26 565 32 572 .
52 538 171 587 νουσίᾳ
194 538 309 575 πλέον.
345 542 436 574 Haec
459 542 500 574 de
518 541 640 575 Colono
664 542 785 584 hospes
809 543 937 574 advena
953 542 1020 575 Oe-

21 597 102 632 po.
121 589 267 621 Brunck.
295 598 364 621 non
387 588 483 629 fama
507 591 611 630 mayis
629 599 729 631 quam
753 591 823 630 ipso
838 599 905 622 usu
919 593 1019 629 nota,-

23 669 29 674 ,,
50 645 141 676 usgr.
157 645 226 668 non
241 645 387 668 sermone
403 639 533 668 tantum
549 636 731 677 honestata,
757 636 814 668 sed
829 637 934 669 multo
949 647 1021 668 ma-

35 692 80 723 s,
118 682 248 725 quando
268 692 424 723 praesens
448 686 663 716 consueveris.
707 684 820 724 Longo
845 685 1021 716 verborum

21 730 141 762 »abitu
174 731 376 762 sententiam
408 731 624 763 infuscarunt
648 731 776 763 Heller.
805 728 840 763 e't
861 730 1017 764 Doederl.

45 780 85 810 ut
98 777 239 817 Reisigii
257 787 335 809 vera
353 778 533 819 sententia,
555 778 688 810 illorum
701 777 836 810 deorum
853 778 1017 818 honorem,

62 834 95 856 e
119 828 166 856 est
188 833 266 856 vera
282 825 448 865 relign'onis
465 826 644 866 sanctitas,
674 835 743 857 non
759 825 882 865 verbis,
910 825 966 857 sed
988 834 1022 856 re

52 872 118 912 91³
134 874 165 903 et
189 870 290 911 factis
307 872 480 912 declarari,
502 873 648 904 maxime
665 875 704 905 ut
721 872 948 904 Eumenidum
966 882 1020 904 sa-

16 922 66 950 '-=a
89 921 306 960 spectentur,
334 922 393 951 aut
417 919 605 951 Hermanni
635 928 704 951 non
728 922 797 951 tam
820 920 1022 951 sermonibus

20 979 45 1009 Ὶὶι
85 966 180 997 inum
201 969 231 997 et
256 965 352 1006 fama
378 966 454 998 haec
471 967 642 1007 celebrari,
673 976 773 1007 quam
789 966 1021 999 consuetudine

57 1021 122 1044 ιισιι
145 1014 180 1044 in
204 1012 322 1045 honore
346 1013 475 1054 haberi,
503 1014 627 1055 quibus
645 1014 756 1046 verbis
781 1014 961 1055 praecipue
980 1013 1021 1045 de

39 1059 135 1092 olono
148 1059 237 1091 dicta
254 1061 497 1102 respiciantur,
525 1070 590 1102 quo
615 1061 688 1093 eius
706 1061 815 1093 herois
832 1061 923 1102 apud
939 1061 1020 1093 alios

39 1107 194 1141 meur-itas
210 1106 334 1140 honore
358 1108 512 1149 populari
536 1109 746 1150 aliquantum
763 1108 916 1140 videatur
931 1118 1020 1140 com-

20 1154 24 1160 *
41 1154 157 1187 nsari.
742 1154 793 1199 (ΙΙ
810 1165 844 1196 p.
865 1152 944 1196 770,
966 1152 1020 1199 6.)

20 1212 39 1246 ⁷.
82 1208 108 1246 Σ
120 1222 139 1245 υ
151 1223 168 1245 ν
180 1223 198 1246 ο
209 1223 232 1259 φ
244 1223 261 1257 ρ
271 1223 290 1246 υ
301 1210 319 1246 ό
329 1223 347 1246 ο
358 1224 384 1258 μ
393 1223 434 1246 αι
451 1213 594 1253 frontem
610 1217 640 1246 et
657 1215 833 1254 supercitia
850 1214 1015 1246 contraho.

39 1275 41 1279 .
74 1255 96 1292 ἀ
124 1257 186 1306 δὴς
201 1258 260 1294 καὶ
278 1258 560 1306 συνωφρυωμένη
577 1263 689 1307 χωρεῖ
705 1260 788 1306 πρὸς
805 1258 900 1306 ἡμᾶς
916 1263 1020 1307 γραῖα

37 1324 39 1326 -
60 1331 67 1338 .
87 1270 168 1347 8169,
196 1307 354 1340 tristitiae
373 1308 518 1348 signum.
540 1309 686 1340 Brunck.
709 1305 735 1346 Ε.

81 1372 472 1423 Συντᾶλαιπωρέω
512 1379 720 1410 miseriarum
747 1381 878 1419 partem
909 1381 1013 1419 capio.

22 1424 81 1504 ἴδς
109 1421 173 1504 gig
186 1421 376 1504 1εῑὶγὲτὲείροις
410 1424 526 1470 μόνοις
555 1423 629 1459 οἷόν
661 1436 698 1459 τε
727 1423 1018 1472 συνταλαιπωρεῖν

30 1481 39 1498 ἰ
72 1481 88 1504 ε
281 1498 288 1504 .

25 1532 32 1561 ἲ
81 1527 140 1574 [*]
160 1526 458 1576 Συντᾶράσσω
485 1530 652 1564 conturbo.
697 1529 820 1579 ἐχθραὶ
848 1529 886 1564 δὲ
912 1532 1018 1565 πᾶσαι

51 1575 295 1623 νταράσσονται
319 1575 435 1615 πόλεις
462 1579 542 1610 Ant.
565 1574 666 1610 1080.
706 1580 880 1611 irritantur
902 1579 944 1611 ad
962 1579 1016 1610 in—

49 1625 231 1656 urandum
249 1625 386 1658 bellum.
409 1622 504 1669 [secl.
523 1623 669 1670 Wund.]

19 1695 24 1724 L
80 1690 312 1739 Συντέμνω
336 1697 458 1728 tralate
484 1695 603 1734 brevio,
633 1696 787 1728 contraho
804 1697 844 1728 de
863 1706 1017 1729 sermone

36 1738 120 1778 ὖθος
137 1739 200 1788 γὰρ
214 1737 410 1788 Ἀργολιστὶ
425 1740 522 1776 συντέ
550 1752 618 1775 νειν
633 1740 672 1787 [f.
688 1742 881 1787 συντέμνων
894 1742 1016 1789 Dind.]

39 1801 74 1822 α
101 1785 138 1826 ύς
158 1789 250 1822 Ulix.
268 1790 351 1821 Eur.
369 1791 411 1822 fr.
427 1787 507 1830 411,
523 1754 556 1822 ΚΞ.
580 1788 637 1832 [cf.
657 1791 759 1822 schol.
775 1791 873 1823 Pind.
893 1792 1012 1824 Isthm.

133 1834 294 1880 σύντομοι
310 1834 348 1870 δὲ
366 1834 406 1870 οὐ
425 1834 529 1882 μόνον
547 1833 721 1878 Λάκωνες,
749 1834 840 1870 ἀλλὰ
855 1836 913 1871 καὶ
932 1833 1018 1883 Ἀρ-

24 1883 119 1926 ῖοι.]
142 1883 307 1924 praecido,
337 1894 356 1915 a
372 1885 426 1916 via
442 1885 740 1926 praecurrentibus
756 1885 914 1918 ductum:
936 1895 1017 1918 συν-

45 1940 165 1975 μνουσι
202 1929 243 1976 ἀρ
260 1929 350 1965 θεῶν
367 1929 538 1968 ποδώκεις
559 1929 639 1968 τοὺς
656 1929 873 1979 κακόφρονας
891 1930 1017 1977 βλάβαι

37 1981 89 2010 nt.
113 1942 214 2010 1103.
252 1979 296 2018 gl.
332 1975 587 2022 καταβάλλουσι
619 1980 722 2019 male;
761 1980 884 2011 melius
909 1980 1012 2012 schol.

30 2022 184 2070 ,ντόμως
209 2023 465 2059 κατακόπτουσι
491 2023 551 2059 καὶ
575 2023 775 2070 βλάπτουσι.
820 2027 885 2058 Est
902 2031 1016 2058 autem

16 2076 134 2110 pactum
157 2069 245 2104 κατὰ
267 2071 306 2105 τὸ
332 2070 582 2117 σημαινόμενον
607 2073 794 2105 accusativo
811 2074 925 2105 addito
942 2083 1018 2114 pro-

16 2116 33 2147 “u
52 2129 82 2150 ·r
94 2119 376 2158 significationem
389 2117 629 2164 καταλήψεως,
646 2129 730 2161 quae
744 2122 779 2151 in
794 2121 1017 2161 praecidenda

20 2167 29 2194 ἶ
49 2179 55 2193 ι
78 2166 180 2198 inest.
202 2184 243 2189 —
263 2167 412 2198 Medium
436 2167 602 2198 recidendi
618 2168 642 2199 i.
664 2177 692 2199 e.
722 2169 852 2199 irritam
868 2167 1017 2208 faciendi

23 2225 28 2241 ι·
44 2213 254 2250 nificatione
267 2214 396 2246 dictum
412 2214 556 2245 videtur.
585 2212 663 2247 ἄνευ
683 2213 793 2258 δορὸς,
821 2211 901 2248 ἄνευ
919 2213 1017 2260 σιδή-

16 2257 68 2295 ’κυ
101 2257 212 2293 πάντα
243 2271 295 2293 τοι
325 2259 541 2304 συντέμνεται
570 2257 704 2305 Κύπρις
727 2259 770 2293 τὰ
799 2259 934 2307 θνητῶν
958 2260 1017 2295 καὶ

27 2310 95 2355 ,ffiv
123 2304 340 2351 βουλεύματα
356 2308 423 2340 inc.
442 2309 483 2341 fr.
506 2305 587 2348 678,
609 2305 664 2340 16.

21 2372 28 2402 τ’·
77 2370 214 2411 Συντ’ἵ’
228 2374 282 2423 θη
294 2389 339 2422 μι
363 2388 531 2419 compone.
566 2379 721 2410 Proxime
738 2389 756 2410 a
775 2380 905 2420 propria
923 2380 1014 2411 verbi

57 2425 153 2457 abest
186 2423 221 2458 ἐν
251 2422 375 2472 βραχεῖ
398 2422 531 2464 ξυνθεὶς
559 2423 650 2471 λέγω
684 2426 736 2458 ΕΙ.
757 2423 837 2458 673.
868 2426 1015 2458 brevibus

23 2472 30 2511 j
65 2484 90 2504 ο.
125 2472 228 2504 Plane
246 2473 424 2512 figuratam
449 2473 631 2505 dictionem
654 2473 780 2505 habent
804 2473 903 2505 haec:
933 2484 1014 2507 συν-

20 2516 110 2556 ·“εὶς
149 2516 237 2552 έλων
254 2516 362 2552 πολύν
374 2520 430 2552 Ai.
443 2517 523 2553 303.
545 2520 694 2552 irridens.
715 2519 769 2567 χώ
783 2517 916 2558 συνθεὶς
932 2519 1013 2554 τάδε

20 2583 24 2605 .·
46 2569 53 2579 ¹
78 2562 124 2598 40
151 2590 158 2597 .
179 2566 246 2598 doti
262 2570 386 2599 auctor.

46 2628 49 2633 ’
74 2631 300 2680 Σύντομος
319 2636 435 2669 brevis.
471 2634 572 2670 *εἰπέ
590 2648 669 2682 μοι,
698 2636 747 2682 μὴ
768 2639 891 2683 μῆκος,
922 2635 1012 2671 ἀλλὰ

32 2718 39 2722 ,
86 2694 156 2727 ομα
173 2684 253 2715 Ant.
268 2681 347 2715 446.
369 2685 575 2726 apographa:
597 2694 674 2716 nam
691 2683 790 2718 συντό
821 2696 867 2722 ως
882 2685 952 2716 LA.
966 2703 1011 2728 ÷

28 2753 33 2760 ..
72 2733 100 2762 ῶ
118 2727 157 2762 δέ
174 2740 226 2763 σοι
243 2732 371 2775 σημεῖα
385 2729 493 2764 τῶνδε
510 2729 661 2775 σύντομα
673 2732 731 2764 OR
742 2729 783 2763 71
815 2757 821 2763 .
847 2732 1011 2764 adiectivo

23 2776 34 2801 ⁹·
60 2778 200 2809 verbum
217 2779 486 2818 acccommodato,
517 2779 603 2819 quod
620 2779 832 2811 substantivo
849 2780 1010 2820 applicari

34 2823 140 2855 buit>

20 2896 22 2899 ·
75 2878 308 2928 Συντόμως
327 2883 475 2915 breviter.
516 2881 593 2917 εἶπέ
611 2894 680 2928 μοι,
701 2882 750 2930 μὴ
768 2885 893 2928 μῆκος,
921 2881 1011 2917 ἀλλὰ

32 2927 181 2974 ντόμως
193 2931 273 2962 Ant.
288 2927 368 2962 446.
390 2940 501 2971 apogr.
519 2928 680 2974 σύντομα.
710 2931 764 2963 Sic
780 2931 1009 2972 superlativus

59 2979 114 3008 tus
132 2980 194 3008 est.
225 2974 281 3021 [de
299 2987 363 3018 quo
380 2978 564 3019 prudenter
582 2978 742 3010 disseruit
757 2978 797 3009 E.
819 2978 1005 3017 Frohwein,

26 3036 43 3059 j-
63 3023 230 3055 adverbiis
242 3024 377 3056 Graecis
396 3025 431 3056 in
443 3025 591 3065 Curtius,
613 3034 748 3065 gramm.
771 3024 866 3056 Stud.
888 3026 915 3057 I.
935 3021 951 3056 1
971 3035 1004 3066 p.

34 3069 74 3109 .Ἰ
113 3067 382 3114 ξυντομωτάτως
408 3070 470 3115 μὲν
497 3068 536 3105 ἂν
560 3069 698 3118 τύχοιμι
721 3069 820 3111 λέξας
846 3067 1008 3107 Οἰδίπουν

30 3114 158 3155 ,λότα
174 3117 228 3150 Oc
250 3115 350 3151 1579.
388 3119 452 3151 Sed
476 3118 648 3159 confestim
672 3119 806 3150 videtur
829 3119 1009 3158 significari

33 3166 49 3185 ·'
76 3160 164 3197 81οι
193 3163 369 3210 συντόμως
387 3164 550 3212 σκήπτρῳ
567 3163 695 3203 τυπείς.
726 3165 858 3207 Quippe
876 3167 1007 3198 brevis-

39 3220 125 3254 ‚¹¹¹1OE
141 3214 274 3253 tempus
291 3213 383 3244 inter
396 3217 563 3245 enarratas
580 3222 632 3245 res
650 3213 882 3244 intercessisse
899 3213 1007 3253 signi-

707 142 1050 211 Συνοφρυόομαι
1079 172 1138 179 -
1169 144 1380 210 Σφαγεύς

1970 151 2066 199 709

1130 257 1363 308 Συντρέχω
1381 273 1549 295 concurro.
1594 264 1729 305 Proprie
1745 265 1871 297 dictum
1895 264 2067 313 κάθυὸρος

1059 305 1098 341 οὔ
1131 307 1263 354 κρατὴρ
1289 306 1468 355 μειλιχίων
1494 314 1606 343 ποτῶν
1640 308 1781 356 ῥεύματι
1806 311 1979 358 συντρέχει
2012 314 2066 347 OC

1061 351 1126 387 160
1143 356 1195 388 ch.
1217 366 1248 388 v.
1268 354 1412 402 κρατήρ.
1443 357 1575 390 Tralate
1593 358 1679 390 dicta
1696 362 1777 391 sunt
1794 357 1879 400 εἰπέ,
1907 353 1960 405 τῷ
1971 359 2066 406 μόρῳ

1057 398 1230 450 ξυντρέχει
1263 403 1318 436 Tr.
1338 399 1407 436 879
1425 403 1477 436 ch.
1507 405 1543 436 in
1567 406 1661 446 quale
1684 415 1787 445 glenus
1811 408 1923 438 mortis
1954 411 2068 448 sponte

1057 450 1257 490 incucurrit,
1286 451 1309 483 i.
1331 460 1363 492 q.
1385 451 1548 492 quomodo
1573 461 1609 483 se
1628 453 1822 486 interemit:
1848 450 1912 487 τίνι
1929 451 2066 499 θανάτῳ

1057 494 1236 530 συνέπεσεν
1254 497 1356 529 schol.
1393 497 1439 530 Et
1463 498 1505 530 de
1531 499 1752 531 conveniendo
1771 503 1806 532 et
1822 502 2061 541 conspirando:

1057 540 1196 589 *πολλή
1222 537 1279 577 ’στ’
1307 541 1441 590 ἀνάγκη
1466 542 1549 591 τῇδε
1572 546 1671 579 τοῦτο
1697 545 1888 594 συντρέχειν
1908 549 1962 580 Tr.
1983 546 2063 581 295.

1057 601 1088 623 V.
1109 589 1226 624 Herm.
1247 590 1473 637 συμπράττειν
1491 593 1567 624 Vat.
1586 596 1622 625 et
1638 593 1743 626 Paris.
1762 605 1815 635 ap.
1832 595 1945 629 Herm.
1968 593 2063 640 [secl.

1056 635 1200 682 Wund.]
1787 639 1835 685 (11
1853 653 1887 684 p.
1907 641 1988 683 771,
2009 639 2065 687 4.)

1128 692 1154 730 Σ
1165 693 1239 730 ύντ
1251 707 1295 743 ρο
1306 708 1331 744 φ
1341 708 1359 730 ο
1370 708 1386 734 ς
1419 707 1490 730 una
1505 701 1677 738 enutritus,
1702 700 1780 731 inde
1797 703 1833 732 et
1849 704 2007 740 coynatus
2031 705 2068 733 et

1056 752 1198 776 consors.
1227 744 1361 785 Proprie
1373 744 1502 777 dictum
1516 755 1523 775 :
1540 744 1579 779 τὸ
1597 744 1784 791 σύντροφον
1801 745 1898 792 γένος
1915 749 1970 780 Ai.
1982 745 2062 780 861.

1057 791 1098 821 ab
1111 791 1214 823 Aiace
1227 792 1454 823 Athenienses
1471 793 1647 833 populares
1661 794 1882 835 appellantur.
1905 793 1976 838 εἰμὶ
1992 797 2067 832 τοῖς

1058 839 1196 883 φονεῦσι
1214 835 1400 884 σύντροφος
1418 839 1472 871 El.
1496 836 1596 872 1190.
1617 850 1685 872 una
1703 843 1810 873 vivere
1827 851 1934 881 coyor.
1965 842 2066 874 Simi-

1057 885 1134 917 liter
1152 885 1280 917 dictum
1306 883 1397 930 μηδὲ
1421 883 1607 933 σύντροφον
1633 881 1716 932 ὄμμ’
1734 885 1823 934 ἔχων
1842 888 1903 920 Ph.
1928 886 1990 924 171
2011 889 2061 920 ch.

1057 929 1155 976 ὄμμα
1172 933 1259 964 male
1276 934 1423 973 explicat
1441 933 1556 974 schol„
1579 938 1688 966 cetera
1704 936 1810 966 bene:
1840 933 1889 980 μὴ
1914 934 1950 968 δὲ
1977 933 2064 981 ὁρῶν

1056 976 1106 1016 εἰς
1122 975 1305 1024 ἄνθρωπον
1324 977 1492 1013 σύνοικον.
1520 983 1668 1013 vicinum
1681 982 1908 1023 Hermannus,
1929 993 1988 1022 ego
2004 992 2064 1024 po-

1057 1026 1127 1058 tius
1151 1028 1240 1058 vitae
1262 1029 1443 1059 consortem
1469 1028 1681 1069 interpreter.
1718 1029 1864 1061 Brunck.
1893 1027 1928 1070 ξ,
1958 1034 2064 1061 metro

1056 1073 1184 1105 scilicet
1201 1074 1428 1107 consulturus.
1440 1092 1486 1097 —
1504 1074 1568 1116 [Ai.
1583 1072 1651 1107 622
1660 1075 1711 1108 ch.
1730 1073 1916 1122 σύντροφος
1935 1077 2060 1109 Nauck.

1056 1130 1114 1162 pro
1132 1118 1328 1167 ἔντροφος]
1346 1138 1387 1143 -
1407 1121 1557 1154 Tralate:
1588 1121 1771 1167 προυφάνη
1789 1121 1927 1163 κτύπος,
1951 1122 2064 1169 φωτὸς

1055 1165 1243 1213 σύντροφος
1261 1167 1307 1205 ώς
1323 1166 1521 1213 τειρομένου
1539 1180 1599 1202 του
1616 1170 1677 1201 Ph.
1698 1167 1767 1202 203
1785 1171 1838 1202 ch.
1867 1173 1991 1202 sonitus
2008 1172 2064 1202 ta-

1056 1214 1201 1246 borantis
1217 1225 1331 1255 comes,
1354 1216 1376 1248 i.
1390 1225 1419 1247 e.
1436 1217 1589 1257 proprius
1603 1217 1647 1248 ei.
1669 1217 1721 1256 De
1733 1217 1832 1248 Aiace
1849 1218 2040 1249 insaniente
2054 1228 2061 1247 ε

1055 1259 1169 1295 οὐκέτι
1183 1259 1381 1308 συντρόφοις
1404 1261 1522 1308 ὀργαῖς
1541 1261 1700 1307 ἔμπεδος,
1727 1261 1809 1296 ἀλλ’
1830 1262 1927 1302 ἐκτὸς
1949 1262 2066 1309 ὁμιλεῖ

1054 1309 1109 1340 Ai.
1124 1305 1191 1341 639
1199 1309 1250 1341 ch.
1269 1319 1290 1341 a
1302 1313 1391 1341 sueto
1409 1314 1439 1342 et
1458 1312 1602 1350 inyenito
1617 1320 1706 1342 more
1722 1315 1751 1343 et
1768 1313 1898 1351 inyenio
1915 1311 2059 1343 descivit.

1127 1374 1426 1426 Συντυγχάνω
1451 1379 1465 1422 ΙΙ
1491 1380 1634 1422 offendo,
1662 1380 1749 1421 forte
1767 1383 1906 1414 invenio.
1935 1379 2063 1427 λῃστὰς

1054 1423 1182 1471 ἔφασκε
1200 1425 1428 1473 συντυχόντας
1447 1425 1486 1461 ού
1501 1427 1564 1474 μιᾷ
1583 1425 1683 1474 ῥώμῃ
1697 1430 1832 1461 κτανεῖν
1850 1439 1899 1462 νιν
1914 1428 1971 1460 OR
1983 1425 2059 1460 122.

1052 1474 1315 1513 Adsignificatur
1351 1477 1578 1506 commercium
1594 1485 1668 1507 cum
1684 1477 1796 1516 aliquo
1814 1475 1970 1515 habitum,
1999 1486 2063 1517 qua

1053 1521 1086 1551 vi
1103 1522 1286 1561 yenitivum
1303 1521 1460 1553 adiunxit
1479 1522 1580 1563 Soph.
1597 1532 1603 1551 :
1641 1519 1788 1556 ἐναισίόυ
1807 1520 1844 1556 δὲ
1862 1520 2062 1569 συντύχοιμι

1053 1566 1108 1599 OC
1129 1564 1218 1599 1482
1233 1567 1284 1599 ch.
1316 1568 1389 1610 [σοῦ
1406 1566 1545 1614 τύχοιμι
1563 1570 1664 1602 Dind.
1683 1580 1710 1602 c.
1729 1569 1852 1602 Cobeto
1871 1579 1945 1602 nov.
1967 1563 2059 1602 lectt.

1053 1624 1087 1655 p.
1107 1611 1202 1656 201.]
1223 1615 1343 1648 Elmsl.
1364 1619 1398 1647 et
1417 1615 1546 1648 Schaei'.
1571 1614 1706 1661 ἐναισίῳ
1725 1617 1887 1649 scribunt.
1921 1617 1983 1650 Sed
2002 1617 2061 1649 hoc

1053 1671 1119 1693 non
1138 1662 1240 1693 semel
1258 1662 1385 1694 dictum
1404 1663 1571 1703 Sophocli.
1601 1663 1775 1710 συντυχὼν
1792 1667 1910 1696 κακῶν
1928 1661 2060 1708 ἀνδρῶν

1049 1703 1233 1752 Ἀτρειδῶν
1251 1709 1311 1741 Ph.
1328 1706 1407 1741 320.
1430 1710 1576 1742 Brunck.
1590 1711 1629 1742 ad
1645 1703 1727 1743 Eur:
1745 1711 1799 1743 Or.
1818 1707 1918 1743 1291.
1943 1710 2062 1756 [προσ-

1051 1755 1166 1802 τυχών
1184 1758 1368 1797 temptabat
1385 1757 1532 1789 Meinek.
1553 1758 1593 1789 ad
1610 1758 1665 1790 OC
1682 1768 1716 1799 p.
1737 1754 1832 1799 314.]
1848 1776 1886 1781 —
1899 1758 1968 1790 Nec
1985 1767 2062 1790 vero

1054 1804 1178 1834 veteris
1196 1804 1391 1845 interpretis
1409 1806 1491 1836 ratio
1508 1805 1694 1846 probanda,
1723 1802 1781 1838 σὺν
1799 1803 1852 1838 σοὶ
1867 1804 1982 1852 τυχών
2001 1814 2062 1836 ex-

1051 1850 1220 1891 plicantis.
1259 1849 1310 1882 Cf.
1333 1849 1539 1897 ἐντυγχάνω.
1565 1870 1605 1875 -
1625 1853 1676 1883 De
1693 1861 1726 1882 re
1740 1877 1747 1889 ,
1774 1855 1809 1883 et
1825 1855 1907 1883 sorte
1924 1852 2061 1893 quidem

1053 1899 1087 1928 et
1104 1897 1178 1936 fato
1195 1897 1306 1929 oblata
1323 1891 1455 1930 dicitur*
1466 1896 1569 1944 μοίρᾳ
1586 1895 1676 1932 τοῦδ’
1698 1895 1828 1944 ἐχθίονι
1854 1897 2063 1946 συντυχόντα

1052 1943 1112 1975 Ph.
1127 1940 1195 1976 682
1205 1944 1256 1977 ch.
1272 1963 1312 1968 —
1331 1944 1346 1986 ΙΙ
1363 1945 1495 1987 Accido,
1517 1946 1557 1977 de
1574 1946 1669 1977 rebus
1685 1950 1720 1978 et
1737 1946 1870 1987 quidem
1890 1946 2058 1987 infaustis.

1052 1993 1118 2023 πᾶν
1135 1989 1173 2024 τὸ
1191 1989 1355 2038 συντυχὸν
1373 1988 1484 2029 πάθος
1502 1993 1554 2025 Αἰ.
1577 1990 1657 2025 313.

1124 2045 1348 2095 Συντῦχία
1373 2055 1507 2083 eventus
1532 2055 1566 2083 et
1582 2051 1717 2091 faustus
1734 2052 1882 2092 quidem.
1910 2062 1969 2085 νεα
1993 2053 2063 2085 αἷσι

1052 2093 1247 2143 [νεοχμοῖσι
1264 2095 1387 2142 Dind.]
1409 2094 1500 2131 θεῶν
1526 2096 1582 2131 ἐπὶ
1607 2096 1799 2144 συντυχίαις
1816 2099 1896 2130 Ant.
1921 2096 1963 2130 15
2004 2109 2058 2130 an.

1050 2142 1096 2189 τῇ
1120 2143 1306 2190 προσφάτῳ
1332 2142 1423 2191 παρὰ
1444 2148 1514 2178 τῶν
1538 2143 1628 2179 θεῶν
1652 2143 1745 2191 αὐτῷ
1765 2143 1930 2193 δεδομένῃ
1949 2143 2063 2179 ἐπιτυ-

1051 2190 1114 2238 χίᾳ
1130 2191 1231 2223 schol.

1123 2242 1295 2296 Σύριγξ.
1325 2251 1339 2293 ΙΙ
1364 2251 1499 2291 Proprie
1516 2251 1630 2292 fistula
1643 2252 1830 2292 pastoritia.
1859 2249 1898 2284 ού
1925 2248 2060 2295 μολπὰν

1052 2295 1207 2343 σύριγγος
1225 2295 1317 2344 ἔχων
1335 2299 1396 2329 Ph.
1417 2295 1486 2330 213
1495 2298 1547 2330 ch.
1571 2316 1611 2322 —
1630 2298 1644 2340 ΙΙ
1663 2299 1878 2330 Transfertur
1904 2298 1946 2330 ad
1961 2308 2061 2330 venas

1050 2347 1245 2384 sanquinem
1260 2354 1382 2385 maqno
1401 2347 1525 2385 impetu
1543 2348 1736 2377 emittentes.
1773 2343 1822 2378 ἔτι
1846 2343 1910 2390 γὰρ
1935 2343 2060 2390 θερμαὶ

1050 2388 1203 2437 σύριγγες
1220 2389 1291 2425 σ’ίνω
1318 2395 1451 2436 φυσῶσι
1468 2390 1575 2436 μέλαν
1595 2390 1698 2436 μένος
1714 2393 1769 2425 Ai.
1794 2389 1883 2424 1412
1899 2402 1954 2424 an.
1990 2393 2060 2424 Me-

1049 2439 1198 2470 dicorum
1216 2440 1412 2471 vocabulum
1429 2442 1500 2471 est:
1530 2450 1561 2471 v.
1583 2440 1725 2471 Dorvill.
1745 2440 1786 2471 ad
1803 2439 1899 2471 Char.
1920 2449 1953 2480 p.
1976 2436 2055 2472 662.

1049 2486 1165 2526 Lips.;
1194 2487 1362 2518 similibus
1386 2486 1485 2518 dictis
1508 2487 1657 2518 illustrat
1684 2487 1763 2517 Lob.
1807 2486 1871 2520 Sed
1896 2487 2059 2518 confundi

1049 2542 1114 2564 non
1140 2533 1240 2565 debet
1266 2543 1342 2564 cum
1366 2534 1542 2565 Homerico
1566 2534 1623 2564 illo
1648 2530 1751 2569 αὐλὸς
1769 2530 1925 2576 αἵματος,
1947 2534 2058 2573 ipsius

1048 2580 1222 2619 sanguinis
1248 2580 1363 2611 emissi
1387 2581 1630 2621 appellatione,
1665 2580 1707 2612 de
1740 2590 1806 2620 qua
1832 2580 1932 2612 schol.
1962 2581 2001 2612 11.
2023 2591 2053 2625 ρ.

1047 2623 1127 2658 297.
1155 2627 1252 2659 sust.
1273 2628 1315 2658 aa
1331 2627 1392 2659 oa.
1413 2637 1448 2673 χ.
1476 2637 1510 2667 p.
1534 2623 1634 2667 1917,
1658 2624 1711 2659 13.
1734 2627 1798 2659 EM
1813 2637 1846 2668 p.
1868 2624 1947 2667 338,
1968 2615 2002 2660 4.
2023 2631 2058 2659 et

1046 2674 1171 2706 Iacobs.
1201 2674 1242 2705 ad
1267 2674 1423 2706 Philostr.
1452 2675 1576 2714 Imagg.
1605 2684 1638 2715 p.
1660 2671 1739 2706 257.
1762 2691 1803 2697 —
1831 2673 1845 2715 ΙΙ
1869 2674 1922 2705 Ab
1940 2675 2056 2706 eadem

1046 2722 1259 2753 concavitatis
1276 2721 1501 2752 similitudine
1518 2721 1750 2762 repetendum,
1771 2721 1860 2762 quod
1875 2721 2056 2753 modiatam

1045 2771 1134 2799 rotae
1159 2769 1335 2807 significat.
1381 2761 1437 2801 ὑπ’
1469 2765 1574 2812 αὐτὴν
1609 2766 1760 2814 ἐσχάτην
1799 2765 1929 2813 στήλην
1963 2766 2054 2814 ἔχων

1046 2810 1200 2860 ἔχριμπτ’
1227 2812 1279 2847 ἀεὶ
1305 2812 1443 2861 σύριγγα
1472 2815 1525 2848 El.
1548 2812 1627 2847 721.
1663 2808 1758 2848 Suid.
1778 2825 1810 2847 V.
1840 2813 1963 2861 σύριγξ,
1993 2825 2054 2847 ex-

1044 2863 1147 2902 plicat
1171 2860 1230 2894 καὶ
1258 2858 1281 2906 ἡ
1313 2860 1381 2907 ὀπὴ
1410 2863 1537 2909 τροχοῦ
1568 2859 1658 2895 οὕτω
1686 2859 1853 2895 καλεῖται.
1893 2863 1944 2894 Ita
1969 2863 2050 2894 Eur.

1045 2909 1182 2950 Hippoi.
1202 2905 1437 2941 1224.Aesch.
1451 2908 1543 2949 Sept.
1563 2906 1640 2941 187.
1664 2909 1782 2950 Suppl.
1798 2906 1874 2942 180.
1896 2920 1928 2941 v.
1944 2909 2050 2942 Stanl.

1045 2956 1086 2987 ad
1110 2956 1307 2997 Supplicum
1332 2956 1355 2988 l.
1377 2965 1405 2987 c.
1433 2953 1547 2999 (187).
1577 2967 1618 2980 -·-
1645 2957 1697 2988 De
1722 2959 1800 2988 tono
1825 2957 1956 2996 generis
1971 2949 2053 2988 'non

1046 3004 1127 3034 satis
1153 3007 1303 3035 accurate
1328 3003 1492 3044 praecipit
1516 3004 1592 3035 Arc.
1622 3013 1655 3044 p.
1679 3000 1733 3044 18,
1758 3001 1800 3036 18
1817 3013 1888 3044 sqq.
1910 3004 1952 3035 cf.
1973 3004 2050 3035 EM.

1044 3060 1077 3091 p.
1099 3046 1154 3090 36,
1179 3046 1235 3081 55.
1773 3048 1823 3094 (ΙΙ
1841 3060 1874 3091 p.
1897 3047 1977 3091 772,
1998 3048 2053 3094 7.)

1115 3099 1254 3154 Σύρος
1279 3107 1396 3148 Syrus.
1434 3103 1553 3151 Σύρων
1579 3105 1679 3147 ἔθνος
1705 3109 1824 3150 Tymp.
1845 3110 1886 3140 fr.
1908 3105 1987 3141 564.
2007 3127 2044 3132 -

1043 3155 1094 3186 De
1112 3158 1188 3187 tono
1206 3165 1237 3188 v,
1257 3155 1335 3187 Arc.
1355 3165 1389 3196 p.
1411 3151 1468 3195 69,
1489 3153 1521 3188 5.
1646 3159 1649 3165 '

1114 3209 1195 3250 Σῦς
1213 3223 1301 3253 aper.
1332 3212 1410 3250 συὸς
1429 3210 1586 3260 μέγιστον
1602 3216 1725 3260 χρῆμα
1743 3215 1782 3246 fr.
1804 3214 1944 3254 Meleag.
1991 3212 2047 3254 57,

1588 3258 1596 3271 t

42 3275 44 3277 ·
103 3267 130 3289 r.
153 3275 193 3282 —
213 3259 264 3290 De
281 3259 480 3301 superlativi
497 3261 554 3292 illa
572 3261 675 3292 forma
692 3260 815 3291 iniuria
833 3260 1008 3292 addubitat
1044 3257 1074 3292 1.
1106 3252 1218 3305 Ἀρης
1244 3258 1323 3297 συὸς
1348 3259 1522 3306 προσώπῳ
1549 3271 1659 3294 παντα
1681 3259 1841 3306 τυρβάζει
1864 3257 2035 3294 κακά’ίῃο

46 3304 124 3344 ⁴sig.
145 3314 261 3337 comm.
283 3315 328 3338 cr.
348 3317 382 3347 p.
400 3303 478 3339 389.

46 3362 55 3398 ³.
70 3358 96 3396 Σ
106 3359 126 3396 ύ
135 3373 152 3396 ν
162 3375 181 3396 τ
189 3375 208 3397 ο
217 3374 234 3396 ν
245 3375 263 3398 ο
273 3376 290 3402 ς
307 3366 463 3405 intentus,
482 3365 660 3398 vehemens.
690 3362 839 3411 συντόνῳ
855 3363 932 3412 χερὶ
948 3364 1004 3399 τὸν

49 3406 51 3412 ’
89 3421 105 3448 ς
122 3407 253 3444 πέπλον
271 3411 328 3443 Tr.
348 3407 428 3443 923.

986 3346 988 3348 q
1041 3304 1120 3347 720,
1142 3304 1176 3339 2.
1199 3325 1240 3330 -
1260 3307 1389 3339 Tonum
1407 3307 1502 3339 docet
1518 3308 1583 3339 ΕΜ
1598 3317 1632 3348 p.
1654 3305 1734 3348 736,
1754 3305 1811 3339 44.

1112 3361 1138 3399 Σ
1149 3376 1173 3411 φ
1183 3362 1233 3410 ἄγ
1243 3376 1259 3398 ε
1269 3363 1287 3398 ύ
1299 3376 1315 3403 ς
1329 3375 1508 3406 percussor.
1538 3367 1588 3398 De
1605 3366 1715 3406 yladio
1733 3366 1947 3398 incubiturus
1961 3366 2049 3397 Aiax

1041 3412 1123 3444 dicit
1145 3410 1164 3446 ὁ
1190 3413 1252 3458 μὲν
1279 3411 1426 3458 σφαγεὺς
1458 3409 1600 3458 ἕστηκεν
1624 3414 1679 3445 Ai.
1701 3411 1781 3445 815.
1823 3414 1933 3446 Affert
1955 3410 2049 3459 ξίφος
