2288 3600
223 121 323 170 240
1200 113 1219 166 ,'
1229 118 1293 170 Εν
1976 130 2008 178 [1
2022 143 2058 176 p.
2074 129 2190 167 598—
2222 82 2273 162 τι

222 247 289 270 non
303 238 475 278 haberent,
505 237 594 278 quod
610 237 874 278 desideraretur,
897 247 973 268 cum
991 238 1163 269 sufficeret
1179 238 1238 270 (la-

221 287 311 318 tivus
329 285 608 316 instrumentalis.
638 281 661 317 ἅ
685 295 734 317 νιν
759 282 970 330 κατέπεφνεν
994 282 1183 331 αἰσχίσταις
1201 282 1236 318 ἐν

222 329 349 366 αἰκίαις
365 332 416 363 El.
438 328 507 363 486
525 332 577 363 ch.
607 332 752 363 Tralatio
770 333 856 363 facta
881 342 899 363 a
921 332 1111 364 conditione
1129 336 1164 363 et
1185 341 1238 364 re-

222 382 285 412 bus
312 379 499 419 congenitis
524 379 773 419 significandis,
803 380 867 410 etsi
884 376 981 412 αἰκία
997 380 1112 411 mortis
1129 381 1237 420 ipsius

222 436 328 467 genus
346 426 482 458 indicat.
503 424 538 460 ἐν
554 425 606 471 τῷ
616 424 791 472 ξυμφορᾶς
805 424 1013 471 διεφθάρης;
1036 427 1116 458 Ant.
1133 423 1234 459 1229.

223 472 372 508 ἄσκοποι
404 470 441 506 δὲ
474 470 604 510 πλάκες
638 471 798 519 ἔμαρψαν
825 472 1024 517 (Oedipum)
1048 471 1083 506 ἐν
1112 471 1238 520 ἀφανεῖ

220 533 290 601 ὃῖἶὲ»,
308 518 698 601 ἕιῗρῖιφὲρῖῗεῖῗέαἳθ
707 518 877 601 griffi&
891 518 1238 601 ἐᾌῗῗχὲὀμῖἷαέρῖἶ

224 614 313 662 δόλῳ
333 613 386 648 δεῖ
410 612 542 660 μᾶλλον
566 611 589 659 ἢ
617 579 763 648 πείςσαντ’
789 579 902 661 ἅγεινς;
937 612 1012 647 102.
1041 607 1092 651 τίς
1114 580 1176 648 ’.ὧδ’
1203 613 1237 648 έν

223 661 343 709 αὔραις
366 660 543 708 τρέφεται,
575 659 665 695 1160
683 673 726 694 m.
763 660 892 699 κακοὺς
918 661 1002 707 πρὸς
1028 660 1173 708 αἰχμ’ν,
1202 660 1237 695 έν

223 709 261 744 δὲ
277 711 352 746 τοῖς
377 707 417 743 λό
441 720 490 746 οις
515 706 655 754 θρασεῖς
674 707 775 742 1307.
805 707 839 743 ἐν
857 707 971 755 λόγοις
989 707 1114 742 πείσειν
1153 720 1239 754 υνη-

224 754 378 803 σόμεσθα
398 721 498 789 1393.
526 756 566 790 τὸ
584 755 641 790 σὸν
660 759 812 803 γενναῖον
831 755 866 790 ἐν
885 756 1017 802 σμικρῷ
1033 754 1125 802 λόγῳ
1148 767 1237 802 παρ-

222 808 324 850 ῆκεν,
353 802 440 837 ὥστε
468 801 600 850 βραχέα
626 814 684 848 μοι
717 802 850 838 δεῖσθαι
882 802 1009 850 φράσαι
1034 804 1089 836 OC
1107 801 1174 836 569
1202 815 1232 835 v.

225 854 340 884 Herm.
379 849 513 897 ὁρῶμεν
545 862 569 884 π
593 852 800 884 οσκυνοῦντα
833 849 868 884 ἐν
891 848 1009 896 ταύτῷ
1025 849 1118 898 λόγῳ
1148 848 1236 882 1655

222 910 304 978 ung.
332 895 451 956 ψαύων
483 896 540 931 τὸν
569 861 648 933 θεὸν
681 896 715 931 ἐν
748 897 943 953 κερτομίοις
965 896 1134 956 γλώσσαις
1152 900 1236 955 Ant)

222 944 279 1026 {³2⁶}
296 945 382 1026 ’7έῖ
393 942 870 1039 λὲἔᾙὲγὲἶὲιῗὲρῖἱρζίᾎὲἶ.
888 944 1075 1033 ἶῗιὲῗῐῗῗῧ
1092 944 1238 1031 ἵῗῖῗξῦἶ

225 1045 306 1074 sunt
337 1039 372 1074 ἐν
407 1038 604 1086 ὀφθαλμοῖς
638 1038 729 1085 ὁρῶν
762 1041 843 1072 Ant.
865 1037 1071 1081 764,‘quod
1089 1041 1153 1072 etsi
1170 1050 1236 1071 non

224 1090 315 1122 idem
332 1092 383 1120 est
400 1088 488 1129 quod
512 1085 727 1133 ὀφθαλμοῖς,
756 1088 815 1119 sed
832 1088 873 1119 de
891 1097 925 1118 re
943 1091 1020 1119 ante
1046 1089 1157 1120 oculos
1175 1088 1238 1119 ali-

224 1138 321 1168 cuius
338 1137 424 1168 sacta
441 1136 577 1175 dicitur,
606 1139 719 1166 tamen
737 1135 856 1166 damno
874 1136 1064 1167 sententiae
1083 1136 1176 1166 nullo
1202 1132 1237 1167 ἐν

223 1185 366 1216 abesset.
393 1185 563 1228 γυναικῶν
589 1181 635 1215 ὧν
662 1180 748 1228 ὁρᾷς
773 1180 808 1215 ἐν
826 1179 975 1227 ὄμμασιν
995 1183 1049 1214 Tr.
1071 1179 1151 1214 241.
1174 1180 1238 1226 βα-

226 1233 319 1277 ρεῖαν
337 1227 514 1275 ξυμφορὰν
533 1227 569 1263 ἐν
588 1226 736 1274 ὄμμασιν
755 1227 925 1275 δεδορκώς
944 1226 1023 1261 746.
1054 1231 1095 1261 V.
1118 1230 1237 1262 Schra-

225 1280 293 1311 der.
322 1278 364 1310 ad
387 1277 562 1309 Musaeum
587 1286 620 1317 p.
642 1273 712 1308 260
734 1273 822 1319 (194
840 1275 953 1320 Lips]
977 1277 1109 1308 diversa
1126 1281 1238 1308 tamen

225 1327 434 1358 miscentem.
465 1322 534 1358 ὅτω
553 1322 590 1356 δὲ
609 1322 658 1368 μὴ
681 1320 753 1356 τάδ’
779 1322 868 1357 ἐστὶν
887 1322 921 1356 ἐν
938 1324 1059 1371 γνώμῃ
1078 1321 1162 1370 φίλα
1180 1324 1234 1354 Ai.

228 1370 328 1405 1038.
358 1370 394 1405 ἐν
411 1370 462 1417 τῷ
479 1356 618 1417 διέγνως
634 1372 735 1404 τοῦτο
753 1375 820 1404 τῶν
839 1369 1029 1416 εἰρημένων
1056 1371 1111 1402 ΕΙ.
1134 1367 1235 1402 1186.

225 1419 261 1453 ἕν
277 1430 315 1453 τε
333 1411 575 1499 γήρᾳάξυνᾴδεί
590 1415 679 1498 τῷδΞ
696 1415 813 1464 τάνδρί
830 1418 888 1475 QR
908 1414 1008 1476 1112.
1030 1420 1158 1497 Βοὲεοιιε
1176 1418 1240 1474 alia

224 1466 418 1547 323⁰&ss
427 1465 744 1553 .Ed{1.‘3'1}3{1}02‘{‘{'
764 1463 1067 1545 ἶῖἷιέὶέὲιῖῗᾞιιῗὲ
1076 1490 1141 1553 pro'
1154 1462 1239 1556 532.

225 1560 336 1608 τύχης
369 1572 396 1594 s.
425 1558 593 1608 εὐτυχῶς.
627 1553 804 1606 κρατοῦντ’
830 1559 865 1593 ἐν
892 1552 993 1606 ’Ἄρει
1021 1561 1076 1592 Ai.
1098 1556 1166 1591 613
1184 1559 1235 1590 ch.

227 1612 365 1642 sortasse
382 1610 484 1640 etiam
511 1605 689 1644 σθένοντας
715 1605 750 1640 έν
776 1605 917 1653 πλούτῳ
935 1609 989 1639 Ai.
1011 1604 1091 1639 488.
1120 1604 1240 1640 λείπο-

228 1651 1031 1738 eierasse..svssusseszsz

227 1753 309 1782 Ant.
332 1746 401 1782 958
419 1751 470 1782 ch.
493 1728 536 1783 ’ev
563 1712 761 1794 δεσμιςιμασι
787 1714 914 1795 σφηκῖί
932 1712 1096 1789 pAethiop.
1120 1750 1158 1780 fr.
1180 1712 1250 1779 2μ7ῳ

228 1800 280 1830 De
305 1798 358 1829 his
381 1802 415 1829 et
440 1798 564 1829 talibus
587 1797 753 1837 exemplis
777 1797 953 1828 concedam
970 1796 1129 1828 Dissenio
1146 1795 1237 1836 expl.

228 1845 326 1877 Pind.
347 1854 381 1886 p.
402 1841 470 1877 387
495 1842 554 1887 (cf.
585 1844 715 1876 Schaef.
736 1844 777 1875 ad
794 1844 967 1875 Demosth.
989 1840 1022 1874 2.
1044 1853 1076 1884 p.
1099 1839 1161 1886 52)
1186 1844 1240 1874 in-

229 1897 355 1924 teresse
373 1892 500 1932 aliquid
517 1892 700 1923 addaturne
725 1901 768 1922 an
786 1901 851 1923 non
869 1892 1010 1923 addatur
1025 1891 1238 1931 praepositio.

1274 238 1314 269 ad
1331 239 1407 284 Vig.
1428 248 1461 279 p.
1475 234 1555 270 742.
1577 238 1697 271 Blomf.
1717 239 1760 278 gl.
1779 238 1928 280 choeph.
1947 235 2076 280 p.227.
2097 239 2234 272 Brunck
2260 231 2262 237 ’

1274 294 1317 316 ex
1342 286 1413 317 suis
1431 285 1633 317 membranis
1650 295 1716 317 non
1737 287 1835 327 peius
1853 283 1888 319 ἐν
1905 287 2045 327 σαυτοῦ,
2072 287 2160 328 quod
2176 295 2244 328 exp
2263 283 2267 285 ’

1274 332 1344 364 cuit
1366 332 1528 364 Abresch.
1556 332 1597 363 ad
1622 333 1744 365 Aesch.
1773 333 1865 366 Pers.
1881 330 1974 376 162,
1995 333 2149 366 defendit
2166 332 2264 366 Val-

1273 380 1313 411 ad
1331 389 1408 411 suas
1426 384 1460 411 et
1476 379 1668 412 Hemsterh.
1690 384 1785 412 oratt.
1807 390 1840 421 p.
1862 375 1943 412 383.
1965 397 2007 403 —
2035 381 2111 412 Alia
2126 381 2266 414 laxiore

1274 427 1439 467 quandam
1470 435 1580 458 rerum
1597 427 1739 459 duarum
1752 428 2029 460 consociationem
2046 428 2181 468 habent,
2202 438 2221 469 q
2251 442 2265 455 a¹

1275 475 1392 505 attinet
1419 474 1516 513 vulgo
1543 475 1820 515 interpretantur.
1855 472 1898 508 τά
1921 468 1951 521 γ’
1977 473 2012 508 ἐν
2039 472 2092 508 σοὶ
2109 473 2278 520 δυσφόρυ

1275 519 1400 567 ἔχοντα
1417 520 1475 552 OR
1493 518 1561 552 770
1578 522 1600 553 i.
1622 531 1653 562 q.
1674 518 1717 554 τὰ
1735 520 1787 554 σά.
1820 522 2032 553 llermannus
2057 525 2086 553 tc
2104 521 2209 554 iudice
2224 531 2243 554 e

1273 569 1407 609 plicuit,
1436 577 1496 608 ego
1513 578 1532 599 a
1556 569 1811 608 cogitationibus
1838 570 1947 600 animo
1973 569 2162 600 volutandis
2189 579 2277 607 τιιι,

1274 616 1421 647 tiverini.
1452 609 1607 648 ὁθούνεκ’
1632 613 1674 660 ἠν
1702 614 1753 648 σοὶ
1780 612 1938 660 Πόλυβος
1950 613 2049 649 οὐδὲν
2075 614 2109 649 ἐν
2125 614 2214 662 γένει
2239 610 2277 643 's

1278 659 1366 694 1016
1406 664 1598 702 οορηαιίοηε
1631 666 1734 695 tenus.
1786 663 1964 704 Perperam
2004 663 2175 695 diversum
2209 663 2254 695 hu
2275 662 2277 665 ’

1274 710 1469 750 exemplum
1495 709 1552 741 ΟΒ
1571 706 1661 741 1430
1686 711 1857 742 contulere
1883 710 1988 743 Stanl.
2009 714 2044 742 et
2059 710 2221 742 Abresch.
2256 746 2260 749 ,

1274 757 1396 789 Aeson.
1419 757 1498 789 Cho.
1520 753 1600 789 285.
1618 774 1659 780 -
2003 755 2035 800 (Ι
2053 767 2086 798 p.
2108 754 2215 789 5981.
2236 750 2266 789 δ’

1368 801 1400 835 3.
1422 803 1436 845 ΙΙ
1454 804 1651 844 Sequuntur
1676 805 1921 835 Locutiones
1946 814 2036 836 mere
2061 804 2267 836 adven-bi

1273 851 1345 882 les.
1376 850 1410 884 ἐν
1432 849 1529 896 τάχει
1554 851 1576 882 i.
1598 861 1630 892 q.
1655 849 1791 897 ταχέως
1817 851 1874 883 OR
1891 848 1971 883 765.
2000 848 2100 883 1131.
2131 851 2186 883 OC
2232 851 2241 879 Ι
2273 846 2275 850 ’

1274 898 1328 930 ΕΙ.
1353 895 1407 930 16.
1429 891 1508 930 387.
1531 899 1585 930 Ai.
1606 895 1686 930 804.
1718 897 1753 932 ἐν
1771 897 1896 944 βραχεῖ
1911 899 1934 930 i.
1955 909 1987 939 q.
2009 897 2180 945 βραχέως,
2200 907 2258 940 ‘lu

1274 949 1387 976 tamen
1406 946 1503 977 aliter
1520 946 1688 986 explic-are
1713 947 1803 987 licet,
1833 946 1889 977 El.
1910 943 1990 978 673.
2019 945 2074 977 OC
2095 943 2262 990 1581[·ι

1274 990 1342 1025 435
1365 1003 1407 1024 ex
1426 993 1498 1025 Erf.
1527 993 1613 1024 coni.
1636 994 1737 1025 Dind.
1766 1003 1825 1034 pro
1851 1003 1886 1025 σε
1913 990 1966 1038 βρ.
1983 993 2076 1025 dedit
2093 990 2120 1026 α’
2139 990 2265 1072 ένβι.

1274 1041 1298 1071 i.
1319 1050 1350 1080 q.
1374 1038 1429 1073 διὰ
1454 1037 1611 1086 βραχέων
1630 1041 1669 1071 fr.
1691 1041 1757 1072 inc.
1779 1037 1858 1080 707,
1880 1037 1912 1072 3.
1935 1038 1970 1073 ἐν
1990 1037 2087 1086 μέσῳ
2105 1040 2160 1072 ΕΙ.
2267 1037 2271 1040 ”

1274 1087 1329 1118 OC
1344 1085 1412 1119 583
1430 1089 1556 1129 quippe
1575 1089 1616 1119 tle
1633 1091 1794 1129 tempore,
1817 1096 1882 1118 non
1896 1088 1936 1119 de
1954 1088 2129 1119 intervallo
2146 1087 2215 1119 dict

1274 1132 1309 1167 ἐν
1327 1133 1446 1180 κύκλῳ
1465 1135 1525 1166 Ph.
1546 1131 1626 1166 356.
1647 1135 1700 1167 Ai.
1722 1131 1803 1167 723.
1826 1133 1860 1167 έν
1878 1132 1955 1181 χρῷ
1975 1135 2029 1166 Ai.
2051 1131 2119 1166 786
2136 1131 2184 1178 [v.
2240 1149 2243 1161 ι
2265 1140 2269 1142 ·

1274 1182 1306 1212 h.
1329 1183 1351 1213 l.
1373 1186 1407 1214 et
1429 1182 1524 1214 Patli.
1546 1178 1578 1221 2,
1601 1178 1696 1226 302].
1725 1180 1760 1214 έν
1787 1179 1865 1228 δίκῃ
1885 1183 1940 1214 Tr.
1961 1177 2062 1213 1069.
2080 1182 2147 1213 inc.
2169 1181 2228 1216 GV

1275 1230 1298 1259 i.
1320 1240 1350 1269 q.
1379 1227 1530 1266 δικαίως.
1561 1227 1595 1261 ἐν
1613 1240 1662 1262 πα
1685 1227 1773 1274 έργῳ
1800 1226 1864 1262 θοῦ
1890 1239 1933 1274 με
1957 1228 2017 1259 Ph.
2039 1225 2119 1260 473.
2151 1227 2184 1262 ἐν
2211 1237 2231 1261 σ
2267 1223 2269 1226 ’

1274 1288 1297 1309 κ
1323 1275 1351 1308 ὧ
1375 1273 1573 1321 ποιούμενοι
1607 1273 1651 1307 49
1708 1278 1838 1308 minimi
1860 1277 2048 1317 pendentes.
2087 1274 2122 1309 ἐν
2155 1273 2254 1323 εὐχη

1276 1286 1358 1357 ἔθάυ
1381 1321 1460 1355 875.
1492 1322 1526 1356 ἐν
1556 1320 1675 1369 ἀργοῖς
1701 1320 1782 1356 οὐδὲ
1805 1317 1895 1356 τοῦτ’
1923 1320 2122 1368 ἐπραξάμην
2147 1323 2206 1355 OR
2233 1306 2265 1350 s

1277 1371 1376 1402 ducta
1393 1371 1473 1402 haee
1490 1382 1508 1402 a
1524 1370 1702 1410 referendis
1720 1372 1755 1402 in
1769 1372 1910 1411 aliquem
1922 1378 2096 1402 numerum
2113 1371 2156 1402 cf.
2171 1370 2245 1402 Val

1278 1419 1317 1450 ad
1334 1419 1461 1449 Phoen.
1486 1414 1586 1449 1282.
1608 1418 1732 1458 Musgr.
1755 1422 1789 1449 et
1806 1418 1924 1449 Markl.
1945 1418 1986 1449 ad
2003 1417 2051 1448 IA
2068 1413 2148 1450 969.
2171 1414 2206 1450 ἐν
2233 1432 2255 1443 ἰι

1278 1463 1378 1510 μάτῳ
1403 1465 1457 1497 OC
1485 1461 1574 1496 1675
1599 1475 1643 1496 m.
1668 1468 1842 1504 postremo.
1879 1463 1914 1498 έν
1939 1463 2006 1510 ἡσύ
2033 1476 2062 1510 ῳ
2086 1464 2142 1496 OG
2159 1461 2218 1496 82.
2236 1473 2238 1483 ·
2254 1459 2267 1502 ⁹,

1277 1510 1427 1559 ἁσυγαίᾳ
1449 1508 1514 1543 198
1532 1522 1576 1545 m.
1605 1513 1655 1544 De
1673 1510 1708 1545 ἐν
1728 1510 1827 1557 δεινῷ
1852 1513 1932 1543 Ant.
1956 1509 1999 1544 10
2023 1504 2046 1544 7
2064 1522 2094 1543 v.
2114 1512 2138 1543 i.
2167 1509 2216 1544 δει

1279 1554 1433 1591 Referam
1459 1559 1524 1591 huc
1550 1560 1651 1591 etiam
1676 1557 1711 1592 ἐν
1735 1556 1882 1604 καθαρῷ
1912 1557 2013 1605 βῆναι
2045 1557 2096 1603 τῷ
2122 1556 2208 1604 ξένῳ
2228 1563 2249 1586 ²:

1282 1603 1369 1638 1575
1388 1607 1439 1638 ch.
1461 1607 1628 1648 siquidem
1644 1606 1789 1638 recedere
1805 1607 1983 1647 significat.
2006 1624 2046 1630 -
2254 1640 2255 1643 Ἰ

1371 1651 1404 1686 4.
1426 1653 1440 1696 ΙΙ
1459 1654 1557 1694 Sunt,
1578 1655 1701 1694 quibus
1714 1652 1762 1691 εἰς
1780 1663 1847 1685 non
1860 1655 1973 1685 minus
1990 1658 2079 1685 recte
2097 1662 2201 1684 conve
2222 1653 2244 1680 ι“’

1278 1702 1330 1733 vel
1347 1703 1382 1732 in
1397 1702 1521 1741 quibus
1539 1702 1655 1732 sensui
1681 1705 1714 1732 et
1732 1701 1969 1732 consuetudini
1987 1704 2119 1732 nostrae
2137 1700 2171 1732 id
2196 1712 2211 1727 ιι

1278 1749 1456 1779 convenire
1473 1748 1616 1779 viderur.
1638 1748 1764 1779 Horum
1780 1749 1901 1788 partim
1918 1749 2038 1779 localia
2051 1751 2143 1787 sunt,
2166 1748 2217 1778 ita¹
2236 1763 2252 1773 ι’

1277 1796 1452 1837 plicanda,
1492 1801 1528 1826 ut
1554 1796 1619 1832 iam
1645 1796 1769 1826 versari
1793 1804 1831 1830 eo
1856 1795 1925 1827 loco
1957 1795 2084 1835 aliquid
2111 1795 2235 1834 cogite·
2254 1794 2277 1798 ”

1279 1853 1438 1884 quorsum
1457 1847 1609 1874 movetur
1626 1843 1744 1874 adhuc.
1780 1839 1836 1874 ἵνα
1859 1835 1942 1887 τῷδ’
1968 1840 2003 1875 ἐν
2029 1839 2051 1874 ά
2079 1838 2120 1875 θέ
2143 1851 2216 1887 κτῳ
2239 1841 2251 1846 ’“

1279 1888 1454 1937 προπέσῃς
1478 1887 1577 1922 νάπει
1601 1889 1662 1924 OC.
1678 1886 1742 1921 155
1760 1889 1812 1920 ch.
1841 1886 1876 1921 ἐν
1900 1886 2038 1934 τάφοισι
2087 1887 2124 1921 έσ
2151 1898 2167 1921 ε
2186 1883 2248 1920 14

231 1940 295 1972 Sed
311 1940 376 1971 alia
393 1944 493 1979 sunt,
521 1948 606 1979 quae
627 1947 694 1970 non
720 1939 898 1970 admittant
921 1939 1101 1970 discrimen
1118 1937 1237 1968 ullum.
1276 1937 1334 1971 τὸν
1362 1934 1574 1982 αὐτάδελφον
1601 1935 1635 1969 ἐν
1660 1935 1760 1982 τάφῳ
1785 1932 1918 1969 τιθεῖσα
1935 1938 2019 1968 Ant.
2042 1932 2123 1968 503.
2152 1933 2188 1968 ἐν
2222 1935 2251 1963 »ι’

231 1987 317 2019 Cum
333 1986 462 2018 dicatur
476 1979 551 2019 τάδ’
568 1983 603 2019 ἐν
620 1988 737 2032 χεροῖν
756 1983 839 2032 στέφ
881 1983 1035 2031 λαβούσῃ
1054 1985 1110 2016 ΟΠ
1124 1981 1192 2016 912
1209 1987 1243 2015 et

232 2033 266 2067 έν
285 2032 410 2074 ξέναισι
426 2031 524 2079 χερσὶ
549 2030 731 2078 κηδευθείς
750 2033 802 2064 ΕΙ.
828 1996 914 2064 17141
934 2032 1025 2073 apud
1037 2033 1240 2072 per-cyrinus,

231 2085 330 2123 poeta
354 2081 419 2113 sibi
445 2081 590 2121 sumpsit
616 2083 652 2112 ut
675 2081 716 2112 de
740 2081 811 2112 suis
836 2082 908 2121 ipsa
934 2080 1089 2111 manibus
1111 2079 1243 2110 Electra

231 2130 357 2160 diceret
375 2131 546 2160 mortuum
562 2127 705 2160 Oresten
729 2128 894 2159 curaturis
913 2125 948 2160 ἐν
974 2125 1104 2173 φίλαισι
1127 2124 1243 2172 χερσὶν

233 2173 409 2220 ἐκόσμησα
431 2175 482 2206 ΕΙ.
514 2171 614 2215 1138,
644 2175 701 2206 ubi
727 2175 767 2206 de
793 2175 995 2206 continendo
1024 2178 1059 2205 et
1084 2173 1244 2205 versando

233 2224 321 2254 inter
334 2231 454 2254 manus
472 2223 608 2262 cogitari
625 2231 690 2254 non
704 2226 824 2263 potest.
855 2225 1011 2254 σπῶντας
1027 2220 1063 2254 ἐν
1081 2218 1245 2267 χηλαῖσιν

233 2267 408 2349 ἁλλΐέἷὲιέκ
440 2270 522 2302 Ant.
545 2266 645 2301 1003.
684 2267 877 2305 στονόεντος
910 2267 945 2301 έν
977 2266 1071 2313 τομᾷ
1106 2265 1244 2313 σιδάρου

233 2317 288 2348 Tr.
396 2326 440 2348 m.
462 2326 507 2348 sc.
529 2314 677 2350 θάνατον
702 2313 818 2360 ἤνυσε.
847 2314 882 2349 έν
907 2314 1026 2360 νόμοις
1050 2313 1177 2359 πατρὸς
1195 2311 1247 2347 δεῖ

233 2361 474 2408 πωλοδαμνεῖν
506 2364 561 2395 Ai.
591 2360 660 2395 548
684 2365 706 2395 i.
736 2373 766 2395 e.
809 2361 926 2409 τρόπῳ
964 2360 1102 2408 πατρός.
1140 2379 1243 2393 -.-

233 2413 257 2442 i.
278 2411 294 2453 ΙΙ
312 2410 416 2443 Penes
433 2411 575 2451 aliquem
600 2420 674 2442 esse
698 2410 825 2451 aliquid
850 2411 1074 2450 significatur,
1108 2409 1245 2441 ductum

234 2458 319 2490 illud
335 2459 374 2490 ab
392 2459 492 2490 rebus
508 2458 632 2489 insitis.
655 2456 689 2490 ἐν
708 2456 761 2490 σοὶ
776 2455 819 2490 τὰ
835 2455 957 2490 κείνων
975 2455 1058 2502 φασὶ
1074 2452 1246 2502 γίγνεσθαι

233 2503 344 2552 κράτη
362 2504 417 2537 OC
435 2501 515 2537 392.
544 2503 578 2537 ἐν
597 2501 624 2537 δ’
642 2502 721 2549 ἐμοὶ
736 2502 835 2542 τέλος
853 2502 969 2537 αὐτοῖν
985 2501 1118 2549 γένοιτο
1141 2500 1246 2548 τῆσδε

235 2555 299 2598 τῆς
325 2550 442 2598 μάχης
465 2550 543 2598 πέρι
560 2548 640 2583 422.
678 2549 878 2585 σκαιοσύναν
898 2549 1080 2597 φυλάσσων
1099 2549 1134 2584 ἐν
1168 2548 1246 2594 ἐμοὶ
1263 2521 1267 2578 1

234 2598 430 2646 κατάδηλος
447 2597 540 2632 ἔσται
561 2595 651 2630 1214
668 2599 719 2630 ch.
739 2608 790 2631 me
807 2602 949 2638 auctore,
972 2600 1000 2630 si
1012 2607 1112 2638 penes
1127 2607 1177 2629 me
1195 2599 1247 2628 iu-

235 2648 371 2679 dicium.
408 2647 571 2679 Similiter
588 2646 711 2678 dicitur
737 2644 771 2678 ἐν
798 2643 834 2678 δὲ
859 2640 967 2679 τοῖσδ’
990 2643 1063 2682 ἴσος
1088 2644 1146 2676 OR
1163 2641 1242 2676 677.

236 2695 442 2735 Explicatior
458 2695 558 2725 etiam
583 2694 641 2725 illa
658 2694 708 2725 vis
725 2697 777 2725 est
798 2694 834 2724 in
851 2693 924 2724 his:
951 2694 1059 2726 ταῦτα
1083 2689 1110 2723 δ’
1137 2690 1171 2724 ἐν
1195 2690 1245 2736 τῷ

236 2740 370 2787 δαίμονι
387 2741 441 2774 OC
463 2737 563 2772 1443.
593 2738 628 2773 ἐν
652 2742 727 2773 τοῖς
744 2738 936 2780 δικασταῖς,
964 2732 1061 2773 κούκ’
1085 2737 1163 2783 ἐμοὶ
1179 2735 1248 2771 τόδ’

237 2786 370 2834 ἐσφάλη
388 2788 443 2819 Ai.
467 2784 557 2819 1136
580 2796 646 2818 non
673 2797 783 2820 coram
799 2786 960 2819 iudicibus
978 2797 1004 2818 s.
1026 2789 1109 2818 inter
1125 2785 1247 2817 iudices

238 2837 296 2868 sed
320 2837 390 2867 eius
413 2836 459 2866 rei
483 2835 581 2874 culpa
599 2843 700 2874 penes
724 2834 848 2867 iudices
872 2834 951 2874 fait.
980 2832 1014 2867 ἐν
1041 2832 1093 2866 σοὶ
1126 2831 1184 2865 καὶ
1207 2831 1246 2865 τὸ

237 2879 335 2916 πλεῖν
357 2879 452 2927 ἡμᾶς
476 2879 546 2926 ἤδη
572 2875 633 2914 ’στί
654 2882 715 2914 Ph.
736 2878 816 2914 963.
847 2882 899 2913 De
917 2882 976 2913 hoc
993 2889 1114 2921 genere
1132 2880 1246 2921 paucis

238 2939 300 2962 nec
331 2929 504 2970 aptissime
536 2929 605 2968 egit
635 2928 752 2961 Elmsl.
782 2929 823 2960 ad
848 2929 937 2960 Med.
964 2925 1046 2968 223,
1082 2928 1247 2968 copiosius

239 2977 400 3009 Valcken.
430 2975 470 3008 ad
495 2975 621 3007 Phoen.
650 2973 740 3008 1256
765 2980 800 3007 et
824 2977 865 3007 ad
886 2976 1022 3016 Hippol.
1045 2971 1124 3005 324.
1152 2974 1248 3005 Adde

238 3025 363 3057 racobs.
381 3023 422 3055 ad
439 3022 563 3054 Athen.
592 3032 625 3063 p.
650 3019 727 3055 183.
753 3023 885 3062 Pssugk.
906 3023 947 3054 ad
963 3023 1045 3053 Eur.
1066 3021 1143 3053 Hel.
1165 3017 1246 3052 996.

238 3070 357 3103 Matth.
385 3080 432 3110 gr.
455 3070 513 3101 Gr.
534 3066 555 3112 S
574 3066 653 3101 577.
677 3085 718 3091 ——
745 3070 833 3101 Hinc
858 3070 1005 3110 profecta
1027 3069 1116 3108 origo
1133 3068 1250 3099 harum

237 3118 461 3150 locutionum:
492 3115 526 3149 ἐν
558 3114 609 3149 σοὶ
655 3114 696 3162 ἀρ
726 3115 828 3161 ἐσμέν
862 3117 920 3148 ΟΒ
937 3112 1005 3148 314
1030 3117 1065 3146 in
1090 3118 1119 3146 te
1142 3115 1248 3146 omm‘s

237 3174 308 3205 spes
323 3167 435 3196 nostra
451 3164 602 3204 reposita.
632 3126 667 3196 έν
685 3161 766 3208 ὑμῖν
784 3163 831 3200 ὡς
854 3160 920 3196 iis*
943 3158 1090 3207 κείμεθα
1107 3161 1161 3194 OC
1179 3158 1247 3192 247

239 3212 290 3243 ch.
313 3209 348 3245 ἐν
367 3209 418 3244 σοὶ
435 3204 514 3243 πᾶσ’
540 3207 646 3255 ἔγωγε
665 3208 817 3255 σώζομαι
833 3211 887 3242 Ai.
935 3206 976 3241 19
994 3213 1029 3241 et
1046 3209 1249 3241 contrarium

239 3259 319 3290 huic
343 3254 382 3291 οὔ
398 3267 431 3290 τι
456 3255 506 3302 μὴ
526 3267 543 3289 σ
573 3254 646 3290 αλῶ
663 3251 692 3303 γ’
710 3255 745 3291 ἐν
764 3255 815 3290 σοί
833 3267 915 3290 ποτε
932 3257 986 3288 Tr.
1008 3252 1087 3288 621.
1116 3255 1248 3287 Deinde

241 3303 283 3338 ἐν
317 3302 458 3349 ἑαυτῷ
482 3313 508 3335 s.
546 3267 704 3338 ἕαυτοῡ
737 3301 968 3351 γίγνεσθαι
1001 3302 1043 3334 ad
1075 3311 1107 3333 se
1130 3301 1244 3333 redire.

238 3350 329 3386 ἀλλὰ
350 3353 410 3385 νῦν
443 3344 488 3383 ἔτ’
514 3348 548 3383 έν
583 3350 699 3395 σαῦτῷ
730 3352 829 3397 γενοῦ
861 3351 921 3383 Ph.
950 3347 1018 3381 950
1052 3359 1082 3381 v.
1105 3350 1245 3380 Dorvill.

240 3400 280 3431 ad
305 3398 403 3431 Char.
425 3408 456 3439 p.
479 3395 558 3430 409.
584 3398 730 3431 Brunck.
759 3398 799 3430 ad
815 3399 874 3430 Ar.
896 3399 998 3438 Vesp.
1019 3393 1100 3429 642.
1128 3395 1244 3427 Herm.

1280 1995 1379 2030 μναις
1398 1982 1524 2017 πίτνων
1542 1985 1596 2015 Ai.
1621 1981 1685 2015 185
1702 1984 1753 2014 ch.
1783 1981 1818 2016 ἐν
1845 1980 1940 2027 βουσὶ
1957 1982 2069 2016 πεσών
2088 1979 2156 2014 374
2165 1992 2208 2015 m.
2223 2008 2248 2025 ·.-

1281 2029 1468 2077 ρόπλακτοι
1494 2025 1521 2063 δ’
1546 2029 1581 2063 έν
1608 2028 1772 2075 στέρνοισι
1797 2032 1977 2063 πεσοῦνται
2001 2027 2124 2063 δοῦποι
2150 2025 2226 2061 633
2241 2028 2249 2063 ,j

1282 2080 1342 2110 His
1361 2079 1510 2119 proxime
1528 2079 1650 2110 absunt
1665 2076 1723 2110 τὸν
1741 2075 1846 2123 ἐναγῆ
1869 2075 1968 2123 φίλον
1995 2075 2031 2110 έν
2057 2074 2148 2123 αἰτίᾳ
2173 2073 2205 2122 β

1280 2127 1338 2158 OR
1355 2122 1423 2157 656
1441 2126 1491 2157 ch.
1522 2117 1636 2169 Ἔρως
1663 2123 1698 2161 ὃς
1725 2123 1759 2157 ἐν
1782 2123 1934 2170 κτήμασι
1951 2121 2107 2168 [ἀνδράσι
2123 2124 2223 2162 Blay

1281 2171 1414 2209 πίπτεις
1433 2173 1513 2204 Ant.
1535 2169 1613 2204 782.
1637 2171 1670 2204 έν
1689 2169 1716 2204 δ’
1735 2170 1811 2216 ἐμῷ
1828 2170 1919 2217 κάρᾳ
1935 2168 2015 2205 θεὸς
2031 2170 2167 2205 ἔπαισεν
2186 2167 2205 2202 1

1282 2221 1370 2251 Hinc
1396 2221 1526 2260 passive
1553 2219 1675 2251 dicitur
1700 2216 1841 2264 ἥθλησα
1864 2214 2098 2264 κινδυνεύματ’
2124 2216 2159 2251 ἐν
2186 2216 2247 2254 ἰ’-ζ

1281 2265 1373 2312 κάρᾳ
1390 2267 1445 2298 OG
1464 2263 1543 2299 564.
1567 2283 1607 2288 -
1626 2267 1703 2298 Alia
1720 2267 1885 2297 actionem
1903 2267 2002 2297 alicui
2020 2267 2232 2310 intentatam,

1282 2316 1317 2346 in
1343 2315 1488 2354 aliquem
1511 2314 1670 2345 directam
1693 2314 1896 2353 significant.
1934 2311 1968 2345 ἐν
1991 2314 2066 2350 τοῖς
2098 2310 2161 2358 γὰρ
2185 2307 2249 2355 01..

1283 2371 1366 2394 οισιν
1386 2359 1475 2397 ὅστις
1494 2357 1559 2393 ἐστ’
1584 2358 1672 2406 ἀνὴρ
1695 2358 1844 2407 χρηστός
1862 2361 1941 2391 Ant.
1963 2356 2042 2391 661.
2072 2359 2189 2391 Malim.
2223 2381 2232 2403 ,¹
2246 2392 2254 2404 ᾗ,

1284 2406 1430 2444 οἰκείους
1447 2408 1604 2448 intelligi,
1634 2401 1733 2448 quam
1748 2406 1869 2440 οἰκεῖα.
1899 2405 1935 2440 ἐν
1961 2404 2104 2452 ἀφόβοις
2130 2415 2172 2451 με
2224 2413 2246 2442 ιζ·

1283 2454 1390 2488 δεινὸν
1415 2453 1521 2501 χέρας
1546 2456 1601 2486 Ai.
1623 2451 1691 2486 366
1708 2464 1751 2485 m.
1782 2452 1834 2486 δεῖ
1861 2451 1887 2485 α’
1913 2451 2006 2491 ὅπως
2031 2450 2213 2499 πατρὸςδα
2229 2451 2251 2497 ῑῖγ

1284 2501 1318 2536 ἐν
1338 2499 1491 2560 ἐχθροῖς,
1517 2499 1590 2538 οἶος
1616 2499 1651 2540 ἐξ
1668 2499 1742 2534 οἵου
1768 2498 1910 2547 Ίτράφης
1927 2498 2006 2533 557.
2029 2499 2078 2545 μὴ
2106 2499 2140 2533 ἐν
2164 2496 2234 2533 ¹9⁶⁵

1284 2560 1333 2582 σιν
1359 2547 1520 2606 υβριστής
1545 2547 1625 2596 γένη
1648 2545 1747 2580 1092.
1778 2546 1940 2592 βουλήσει
1958 2545 2068 2584 δειλὸς
2091 2544 2197 2580 εἶναι,

1283 2595 1363 2637 λον,
1399 2607 1422 2640 η
1455 2590 1482 2629 ’ν
1517 2595 1593 2640 ἐμοὶ
1625 2593 1752 2641 θρασύς
1779 2592 1879 2626 1315.
1903 2612 1943 2617 -
1974 2593 2003 2627 εἰ
2027 2589 2147 2640 γέλωτ’
2272 2613 2274 2618 .

1283 2641 1374 2690 γελῶ
1392 2645 1473 2675 Ant.
1494 2640 1558 2675 551
1579 2644 1602 2674 i.
1624 2651 1655 2674 e.
1675 2639 1854 2688 καταγελῶ
1883 2652 1956 2681 σου,
1985 2645 2023 2673 ut
2040 2645 2129 2673 recte
2146 2649 2246 2685 exp-¹,

1284 2691 1384 2723 schol.
1431 2690 1666 2722 Diversissima
1692 2699 1822 2721 summa
1850 2690 1987 2720 levitate
2013 2689 2132 2720 miscet
2154 2687 2194 2719 ad
2219 2709 2239 2725 -,

1283 2738 1440 2769 Wexius:
1478 2738 1552 2769 vide
1578 2738 1688 2777 potius
1712 2736 1872 2768 Abresch.
1904 2736 1944 2767 ad
1970 2736 2091 2767 Aesch.
2119 2735 2181 2774 Ag.

1283 2782 1322 2818 οὐ
1348 2782 1415 2829 μὰν
1449 2782 1483 2817 ἕν
1509 2779 1537 2829 γ’
1571 2782 1648 2828 ἐμοὶ
1674 2781 1877 2829 προσθήσεις
1901 2780 1994 2815 τάσδ’
2027 2780 2048 2815 ἀ
2071 2780 2111 2819 άς
2143 2779 2198 2814 0ss
2239 2783 2241 2785 '

1283 2832 1334 2864 ch.
1364 2833 1386 2863 i.
1407 2841 1438 2863 e.
1465 2830 1649 2876 καταράσει
1674 2841 1752 2875 μου.
1790 2830 2022 2861 Adverbiascit
2062 2824 2210 2861 Οδυσσεὺ
2221 2835 2240 2852 *⁹⁷

1281 2881 1396 2915 κενοῖς
1421 2875 1584 2923 ὑβριζέτω
1602 2879 1656 2909 Ai.
1678 2874 1742 2908 971
1764 2878 1785 2908 i.
1807 2887 1836 2908 e.
1858 2875 1906 2914 εἰς
1922 2875 1961 2909 τὸ
1977 2874 2087 2909 κενόν.
2111 2891 2151 2898 -
2219 2892 2253 2905 ι..

1377 2923 1409 2957 5.
1431 2925 1445 2967 ΙΙ
1461 2927 1530 2957 Iam
1556 2926 1736 2965 singularia
1753 2924 1912 2965 quaedam
1935 2924 1976 2955 de
1994 2933 2057 2955 usu
2074 2931 2198 2966 praep
2234 2927 2236 2929 ’

1283 2974 1337 3004 nis
1355 2972 1547 3012 colligenda.
1572 2989 1674 3003 —.—
1699 2971 1713 3014 n
1738 2968 1981 3008 πλεονάζει.
2022 2970 2094 3002 Non
2119 2970 2242 3003 rei’ffl.

1283 3020 1349 3051 huc
1366 3020 1441 3059 illa,
1470 3028 1554 3060 quae
1572 3021 1608 3051 in
1625 3015 1648 3050 2
1664 3019 1686 3050 h
1713 3018 1941 3057 exhibuimuS,
1962 3027 2023 3049 nec
2048 3017 2164 3048 localia
2185 3023 2220 3056 q
2241 3049 2244 3052 ,

1284 3067 1358 3099 dam
1376 3067 1469 3098 velut
1487 3065 1521 3098 έν
1539 3062 1724 3112 ἀφθέγκτῳ
1752 3064 1800 3110 μὴ
1827 3063 2000 3111 προπέσῃς
2023 3063 2122 3096 νάπει
2139 3061 2201 3099 OG>
2222 3060 2224 3062 ’

1285 3114 1421 3146 Rectius
1447 3123 1485 3145 eo
1510 3114 1579 3145 loco
1600 3114 1828 3144 censebuntur
1853 3112 1943 3143 haec.
1980 3109 2075 3155 κακᾷ
2095 3103 2128 3155 μ’
2153 3107 2188 3142 ἐν
2222 3125 2247 3154 ’,Δ

1284 3158 1384 3197 πόλις
1417 3157 1514 3193 οὐδὲν
1539 3157 1626 3205 ἴδριν
1651 3158 1771 3205 γάμων
1798 3156 1955 3204 ἐνέδησεν
1980 3155 2045 3202 ἄτᾳ
2071 3156 2125 3189 OC
2142 3153 2163 3188 5
2191 3164 2224 3183 ⁴¹·

1285 3209 1313 3239 si
1331 3211 1420 3239 recte
1439 3208 1522 3239 coni.
1545 3207 1681 3246 Reisk.;
1707 3217 1726 3237 a
1743 3207 1837 3237 libris
1854 3206 1946 3236 enim
1964 3203 1998 3237 ἐν
2016 3206 2121 3236 abest.
2150 3200 2201 3235 ὅσι
2238 3236 2239 3242 ,
2273 3216 2283 3235 ,-

1277 3253 1347 3308 ἐκάη
1380 3252 1459 3298 ἐμοὶ
1492 3252 1632 3299 μνήμης
1666 3252 1713 3286 ἔνι
1746 3253 1803 3284 OR
1834 3248 1934 3284 1239.
1969 3249 2032 3284 κάν
2065 3243 2279 3296 γυναιξὶνκ

1295 3298 1391 3347 Αρης
1422 3299 1529 3334 ἔνεστι
1560 3300 1613 3331 El.
1645 3297 1743 3331 1242.
1782 3298 1888 3332 ἔνεστι
1913 3293 1941 3331 δ’
1966 3297 2000 3331 ἐν
2025 3296 2068 3344 χέ
2091 3307 2149 3330 σου
2272 3301 2273 3304 ’

2216 3327 2269 3349 «ἲ.

1285 3345 1400 3381 σκελεῖ
1430 3346 1515 3394 γονῇ
1554 3348 1595 3379 fr.
1623 3348 1688 3378 inc.
1718 3343 1805 3385 678,
1837 3343 1889 3377 10.
1929 3344 1963 3378 ἐν
1990 3342 2042 3381 οἷς
2067 3308 2187 3380 ἔνοῦς

1285 3392 1431 3433 ξύνεστιν
1474 3392 1589 3440 ἡμέρᾳ
1628 3391 1865 3439 τεθραμμένος
1906 3388 1991 3432 688,
2024 3389 2053 3422 1.
2107 3391 2177 3422 Non
