<?xml version="1.0" encoding="UTF-8"?>
<!DOCTYPE html PUBLIC "-//W3C//DTD XHTML 1.0 Transitional//EN"
    "http://www.w3.org/TR/xhtml1/DTD/xhtml1-transitional.dtd">
<html xmlns="http://www.w3.org/1999/xhtml" xml:lang="en" lang="en">
 <head>
  <title>
</title>
<meta http-equiv="Content-Type" content="text/html;charset=utf-8" />
  <meta name='ocr-system' content='tesseract 3.04.00' />
  <meta name='ocr-capabilities' content='ocr_page ocr_carea ocr_par ocr_line ocrx_word'/>
</head>
<body>
  <div class='ocr_page' id='page_1' title='image "./lexiconsophocleu00elleuoft_0517.png"; bbox 0 0 2288 3600; ppageno 0'>
   <div class='ocr_carea' id='block_1_1' title="bbox 0 0 298 83">
    <p class='ocr_par' dir='ltr' id='par_1_1' title="bbox 0 0 318 83">
     <span class='ocr_line' id='line_1_1' title="bbox 50 0 207 22; baseline 0 0"><span class='ocrx_word' id='word_1_1' title='bbox 50 0 129 22; x_wconf 49' lang='grc' dir='ltr'>«νῖν</span> <span class='ocrx_word' id='word_1_2' title='bbox 152 0 207 22; x_wconf 80' lang='grc'>·’·.</span> 
     </span>
     <span class='ocr_line' id='line_1_2' title="bbox 0 53 298 83; baseline 0 -6"><span class='ocrx_word' id='word_1_3' title='bbox 0 53 20 83; x_wconf 53' lang='grc' dir='ltr'>ξ’.</span> <span class='ocrx_word' id='word_1_4' title='bbox 295 76 298 77; x_wconf 32' lang='grc'>.</span> 
     </span>
    </p>
   </div>
   <div class='ocr_carea' id='block_1_2' title="bbox 0 137 288 187">
    <p class='ocr_par' dir='ltr' id='par_1_2' title="bbox 0 137 288 187">
     <span class='ocr_line' id='line_1_3' title="bbox 0 137 288 187; baseline -0.007 -9"><span class='ocrx_word' id='word_1_5' title='bbox 0 137 58 187; x_wconf 60' lang='grc' dir='ltr'>ἰρι</span> <span class='ocrx_word' id='word_1_6' title='bbox 75 141 288 186; x_wconf 55' lang='grc' dir='ltr'>,ἤθει-ὕεια]</span> 
     </span>
    </p>
   </div>
   <div class='ocr_carea' id='block_1_3' title="bbox 962 122 1047 177">
    <p class='ocr_par' dir='ltr' id='par_1_3' title="bbox 962 122 1047 177">
     <span class='ocr_line' id='line_1_4' title="bbox 962 122 1047 177; baseline 0 0"><span class='ocrx_word' id='word_1_7' title='bbox 962 122 1047 177; x_wconf 82' lang='grc' dir='ltr'>Ἐν</span> 
     </span>
    </p>
   </div>
   <div class='ocr_carea' id='block_1_4' title="bbox 1937 129 2037 179">
    <p class='ocr_par' dir='ltr' id='par_1_4' title="bbox 1937 129 2037 179">
     <span class='ocr_line' id='line_1_5' title="bbox 1937 129 2037 179; baseline 0 0"><span class='ocrx_word' id='word_1_8' title='bbox 1937 129 2037 179; x_wconf 82' lang='grc'>239</span> 
     </span>
    </p>
   </div>
   <div class='ocr_carea' id='block_1_5' title="bbox 0 242 2037 374">
    <p class='ocr_par' dir='ltr' id='par_1_5' title="bbox 0 242 2037 374">
     <span class='ocr_line' id='line_1_6' title="bbox 0 242 2032 295; baseline -0.003 -11"><span class='ocrx_word' id='word_1_9' title='bbox 0 245 74 284; x_wconf 67' lang='grc'>364.</span> <span class='ocrx_word' id='word_1_10' title='bbox 108 248 216 286; x_wconf 84' lang='grc' dir='ltr'>κακὸς</span> <span class='ocrx_word' id='word_1_11' title='bbox 239 247 303 295; x_wconf 84' lang='grc' dir='ltr'>μὲν</span> <span class='ocrx_word' id='word_1_12' title='bbox 328 247 363 282; x_wconf 88' lang='grc' dir='ltr'>ἐν</span> <span class='ocrx_word' id='word_1_13' title='bbox 396 246 493 281; x_wconf 84' lang='grc' dir='ltr'>πόλει</span> <span class='ocrx_word' id='word_1_14' title='bbox 515 244 668 291; x_wconf 84' lang='grc' dir='ltr'>κεκλήσο</span> <span class='ocrx_word' id='word_1_15' title='bbox 699 256 733 279; x_wconf 89' lang='grc' dir='ltr'>αι</span> <span class='ocrx_word' id='word_1_16' title='bbox 757 243 911 277; x_wconf 58' lang='lat'><strong>011521.</strong></span> <span class='ocrx_word' id='word_1_17' title='bbox 939 243 980 278; x_wconf 78' lang='grc' dir='ltr'>οὐ</span> <span class='ocrx_word' id='word_1_18' title='bbox 1020 242 1119 277; x_wconf 87' lang='grc'>1358.</span> <span class='ocrx_word' id='word_1_19' title='bbox 1149 242 1184 278; x_wconf 82' lang='grc' dir='ltr'>ἐν</span> <span class='ocrx_word' id='word_1_20' title='bbox 1206 243 1258 291; x_wconf 76' lang='grc' dir='ltr'>τῷ</span> <span class='ocrx_word' id='word_1_21' title='bbox 1282 242 1319 277; x_wconf 90' lang='grc' dir='ltr'>δὲ</span> <span class='ocrx_word' id='word_1_22' title='bbox 1343 246 1457 278; x_wconf 82' lang='grc' dir='ltr'>κεῖσαι</span> <span class='ocrx_word' id='word_1_23' title='bbox 1481 247 1543 278; x_wconf 75' lang='grc' dir='ltr'>τοῦ</span> <span class='ocrx_word' id='word_1_24' title='bbox 1569 243 1676 291; x_wconf 86' lang='grc' dir='ltr'>μόρου</span> <span class='ocrx_word' id='word_1_25' title='bbox 1700 256 1762 278; x_wconf 89' lang='grc' dir='ltr'>τεκ</span> <span class='ocrx_word' id='word_1_26' title='bbox 1791 243 1898 292; x_wconf 77' lang='grc' dir='ltr'>ηρίῳς</span> <span class='ocrx_word' id='word_1_27' title='bbox 1930 244 2032 280; x_wconf 90' lang='grc'>1510.</span> 
     </span>
     <span class='ocr_line' id='line_1_7' title="bbox 0 287 2037 374; baseline -0.001 -44"><span class='ocrx_word' id='word_1_28' title='bbox 0 293 34 343; x_wconf 65' lang='lat' dir='ltr'>tp</span> <span class='ocrx_word' id='word_1_29' title='bbox 60 295 95 330; x_wconf 84' lang='grc' dir='ltr'>ἐν</span> <span class='ocrx_word' id='word_1_30' title='bbox 119 294 215 330; x_wconf 86' lang='grc' dir='ltr'>πόλει</span> <span class='ocrx_word' id='word_1_31' title='bbox 238 294 339 340; x_wconf 87' lang='grc' dir='ltr'>νόμοι</span> <span class='ocrx_word' id='word_1_32' title='bbox 354 293 471 332; x_wconf 83' lang='grc' dir='ltr'>καλῶς</span> <span class='ocrx_word' id='word_1_33' title='bbox 489 287 635 374; x_wconf 46' lang='grc' dir='ltr'>φείσατ’</span> <span class='ocrx_word' id='word_1_34' title='bbox 680 304 698 326; x_wconf 92' lang='grc' dir='ltr'>ν</span> <span class='ocrx_word' id='word_1_35' title='bbox 724 294 778 325; x_wconf 89' lang='lat' dir='ltr'>Ai.</span> <span class='ocrx_word' id='word_1_36' title='bbox 803 290 902 325; x_wconf 89' lang='grc'>1073.</span> <span class='ocrx_word' id='word_1_37' title='bbox 923 290 979 326; x_wconf 72' lang='grc' dir='ltr'><strong>κεῖ</strong></span> <span class='ocrx_word' id='word_1_38' title='bbox 1018 290 1053 325; x_wconf 83' lang='grc' dir='ltr'>ἐν</span> <span class='ocrx_word' id='word_1_39' title='bbox 1078 290 1199 338; x_wconf 81' lang='grc' dir='ltr'>τοιᾷδε</span> <span class='ocrx_word' id='word_1_40' title='bbox 1223 289 1380 336; x_wconf 74' lang='grc' dir='ltr'><strong>κείμενος</strong></span> <span class='ocrx_word' id='word_1_41' title='bbox 1414 291 1506 337; x_wconf 82' lang='grc' dir='ltr'>κακῆ</span> <span class='ocrx_word' id='word_1_42' title='bbox 1533 290 1707 345; x_wconf 34' lang='grc' dir='ltr'>τύχῃηΑἰ.</span> <span class='ocrx_word' id='word_1_43' title='bbox 1728 289 1749 324; x_wconf 88' lang='lat'><strong>3</strong></span> <span class='ocrx_word' id='word_1_44' title='bbox 1776 291 1808 325; x_wconf 87' lang='lat'>3.</span> <span class='ocrx_word' id='word_1_45' title='bbox 1835 287 1976 326; x_wconf 78' lang='grc' dir='ltr'>τοιοῖσδΊ</span> <span class='ocrx_word' id='word_1_46' title='bbox 2002 291 2037 326; x_wconf 87' lang='grc' dir='ltr'>ἐν</span> 
     </span>
    </p>
   </div>
   <div class='ocr_carea' id='block_1_6' title="bbox 0 340 514 381">
    <p class='ocr_par' dir='ltr' id='par_1_6' title="bbox 0 340 514 381">
     <span class='ocr_line' id='line_1_8' title="bbox 0 340 514 381; baseline -0.014 0"><span class='ocrx_word' id='word_1_47' title='bbox 0 354 21 381; x_wconf 70' lang='grc' dir='ltr'>ς</span> <span class='ocrx_word' id='word_1_48' title='bbox 34 341 145 380; x_wconf 65' lang='grc' dir='ltr'>»ἄλλος</span> <span class='ocrx_word' id='word_1_49' title='bbox 162 342 200 376; x_wconf 85' lang='grc' dir='ltr'>ἐν</span> <span class='ocrx_word' id='word_1_50' title='bbox 215 340 314 376; x_wconf 87' lang='grc' dir='ltr'>πόλει</span> <span class='ocrx_word' id='word_1_51' title='bbox 332 340 443 376; x_wconf 73' lang='grc' dir='ltr'>σθένει</span> <span class='ocrx_word' id='word_1_52' title='bbox 459 341 514 374; x_wconf 86' lang='lat' dir='ltr'>OC</span> 
     </span>
    </p>
   </div>
   <div class='ocr_carea' id='block_1_7' title="bbox 547 325 2027 386">
    <p class='ocr_par' dir='ltr' id='par_1_7' title="bbox 547 325 2027 386">
     <span class='ocr_line' id='line_1_9' title="bbox 547 325 2027 386; baseline -0.001 -13"><span class='ocrx_word' id='word_1_53' title='bbox 547 337 592 373; x_wconf 91' lang='lat'>56</span> <span class='ocrx_word' id='word_1_54' title='bbox 609 341 649 372; x_wconf 88' lang='lat' dir='ltr'>de</span> <span class='ocrx_word' id='word_1_55' title='bbox 667 350 750 380; x_wconf 64' lang='grc' dir='ltr'>πρε.</span> <span class='ocrx_word' id='word_1_56' title='bbox 772 337 875 386; x_wconf 85' lang='grc' dir='ltr'>φόνον</span> <span class='ocrx_word' id='word_1_57' title='bbox 892 350 980 386; x_wconf 85' lang='grc' dir='ltr'>προ-</span> <span class='ocrx_word' id='word_1_58' title='bbox 1015 337 1148 372; x_wconf 88' lang='grc' dir='ltr'>πόνοισι</span> <span class='ocrx_word' id='word_1_59' title='bbox 1170 336 1350 383; x_wconf 88' lang='grc' dir='ltr'>κειμένους</span> <span class='ocrx_word' id='word_1_60' title='bbox 1378 335 1478 371; x_wconf 91' lang='grc'>1306.</span> <span class='ocrx_word' id='word_1_61' title='bbox 1493 325 1542 371; x_wconf 75' lang='grc' dir='ltr'>Ιἐν</span> <span class='ocrx_word' id='word_1_62' title='bbox 1561 337 1651 385; x_wconf 77' lang='grc' dir='ltr'>ῥοπῃ</span> <span class='ocrx_word' id='word_1_63' title='bbox 1662 337 1780 384; x_wconf 78' lang='grc' dir='ltr'>τοιᾷδε</span> <span class='ocrx_word' id='word_1_64' title='bbox 1803 339 1954 386; x_wconf 85' lang='grc' dir='ltr'>κειμένῳ</span> <span class='ocrx_word' id='word_1_65' title='bbox 1971 341 2027 372; x_wconf 83' lang='lat' dir='ltr'>Tr.</span> 
     </span>
    </p>
   </div>
   <div class='ocr_carea' id='block_1_8' title="bbox 0 382 2030 436">
    <p class='ocr_par' dir='ltr' id='par_1_8' title="bbox 0 382 2030 436">
     <span class='ocr_line' id='line_1_10' title="bbox 0 382 2030 436; baseline -0.003 -12"><span class='ocrx_word' id='word_1_66' title='bbox 0 387 109 425; x_wconf 70' lang='grc' dir='ltr'>εῖσθαι</span> <span class='ocrx_word' id='word_1_67' title='bbox 125 388 358 436; x_wconf 72' lang='grc' dir='ltr'>δημόλευστον</span> <span class='ocrx_word' id='word_1_68' title='bbox 375 387 410 422; x_wconf 82' lang='grc' dir='ltr'>ἐν</span> <span class='ocrx_word' id='word_1_69' title='bbox 435 386 532 422; x_wconf 87' lang='grc' dir='ltr'>πόλει</span> <span class='ocrx_word' id='word_1_70' title='bbox 554 389 635 420; x_wconf 91' lang='lat' dir='ltr'><strong>Ant.</strong></span> <span class='ocrx_word' id='word_1_71' title='bbox 656 384 713 420; x_wconf 87' lang='lat'>36.</span> <span class='ocrx_word' id='word_1_72' title='bbox 742 389 900 433; x_wconf 87' lang='grc' dir='ltr'>φανεῖται</span> <span class='ocrx_word' id='word_1_73' title='bbox 915 385 980 420; x_wconf 82' lang='grc' dir='ltr'>κάν</span> <span class='ocrx_word' id='word_1_74' title='bbox 1016 383 1072 419; x_wconf 97' lang='grc'>82.</span> <span class='ocrx_word' id='word_1_75' title='bbox 1093 384 1224 432; x_wconf 87' lang='grc' dir='ltr'>γένοιτο</span> <span class='ocrx_word' id='word_1_76' title='bbox 1241 382 1306 418; x_wconf 82' lang='grc' dir='ltr'>κᾶν</span> <span class='ocrx_word' id='word_1_77' title='bbox 1319 382 1491 419; x_wconf 81' lang='grc' dir='ltr'>ἄπλουτος</span> <span class='ocrx_word' id='word_1_78' title='bbox 1509 383 1542 418; x_wconf 83' lang='grc' dir='ltr'>ἐν</span> <span class='ocrx_word' id='word_1_79' title='bbox 1556 389 1674 430; x_wconf 81' lang='grc' dir='ltr'>τιμαῖς</span> <span class='ocrx_word' id='word_1_80' title='bbox 1692 385 1780 432; x_wconf 73' lang='grc' dir='ltr'>ἀνήρ</span> <span class='ocrx_word' id='word_1_81' title='bbox 1806 388 1872 418; x_wconf 88' lang='lat' dir='ltr'><strong>inc.</strong></span> <span class='ocrx_word' id='word_1_82' title='bbox 1895 385 1974 428; x_wconf 99' lang='lat'><strong>718,</strong></span> <span class='ocrx_word' id='word_1_83' title='bbox 2000 385 2030 419; x_wconf 94' lang='lat'>1.</span> 
     </span>
    </p>
   </div>
   <div class='ocr_carea' id='block_1_9' title="bbox 0 429 982 1656">
    <p class='ocr_par' dir='ltr' id='par_1_9' title="bbox 0 429 982 1656">
     <span class='ocr_line' id='line_1_11' title="bbox 0 429 980 481; baseline -0.005 -10"><span class='ocrx_word' id='word_1_84' title='bbox 0 434 68 471; x_wconf 80' lang='grc' dir='ltr'>όλει</span> <span class='ocrx_word' id='word_1_85' title='bbox 92 434 221 474; x_wconf 82' lang='grc' dir='ltr'>δίκαιος</span> <span class='ocrx_word' id='word_1_86' title='bbox 244 436 291 470; x_wconf 81' lang='grc' dir='ltr'>ὤν</span> <span class='ocrx_word' id='word_1_87' title='bbox 316 433 396 468; x_wconf 88' lang='grc'>662.</span> <span class='ocrx_word' id='word_1_88' title='bbox 430 434 512 481; x_wconf 79' lang='grc' dir='ltr'>νικᾷ</span> <span class='ocrx_word' id='word_1_89' title='bbox 531 429 558 467; x_wconf 81' lang='grc' dir='ltr'>δ’</span> <span class='ocrx_word' id='word_1_90' title='bbox 591 433 626 468; x_wconf 82' lang='grc' dir='ltr'>ἐν</span> <span class='ocrx_word' id='word_1_91' title='bbox 653 432 749 467; x_wconf 90' lang='grc' dir='ltr'>πόλει</span> <span class='ocrx_word' id='word_1_92' title='bbox 773 433 815 467; x_wconf 80' lang='grc' dir='ltr'>τὰ</span> <span class='ocrx_word' id='word_1_93' title='bbox 840 431 980 480; x_wconf 82' lang='grc' dir='ltr'>χείρονα</span> 
     </span>
     <span class='ocr_line' id='line_1_12' title="bbox 0 475 980 529; baseline -0.003 -13"><span class='ocrx_word' id='word_1_94' title='bbox 0 484 88 526; x_wconf 69' lang='lat' dir='ltr'><strong>ziph.</strong></span> <span class='ocrx_word' id='word_1_95' title='bbox 108 485 148 516; x_wconf 81' lang='lat' dir='ltr'>fr.</span> <span class='ocrx_word' id='word_1_96' title='bbox 169 481 250 524; x_wconf 85' lang='lat'><strong>204,</strong></span> <span class='ocrx_word' id='word_1_97' title='bbox 271 480 304 515; x_wconf 87' lang='lat'>2.</span> <span class='ocrx_word' id='word_1_98' title='bbox 335 481 444 523; x_wconf 83' lang='grc' dir='ltr'>πόλις,</span> <span class='ocrx_word' id='word_1_99' title='bbox 467 480 501 515; x_wconf 85' lang='grc' dir='ltr'>ἐν</span> <span class='ocrx_word' id='word_1_100' title='bbox 526 475 548 529; x_wconf 78' lang='grc' dir='ltr'>ᾗ</span> <span class='ocrx_word' id='word_1_101' title='bbox 569 481 612 515; x_wconf 77' lang='grc' dir='ltr'>τὰ</span> <span class='ocrx_word' id='word_1_102' title='bbox 638 480 700 526; x_wconf 89' lang='grc' dir='ltr'>μὲν</span> <span class='ocrx_word' id='word_1_103' title='bbox 719 479 833 514; x_wconf 83' lang='grc' dir='ltr'>δίκαια</span> <span class='ocrx_word' id='word_1_104' title='bbox 850 479 980 526; x_wconf 86' lang='grc' dir='ltr'>λάγδην</span> 
     </span>
     <span class='ocr_line' id='line_1_13' title="bbox 0 522 979 575; baseline -0.004 -11"><span class='ocrx_word' id='word_1_105' title='bbox 0 533 126 565; x_wconf 86' lang='grc' dir='ltr'>ατεῖται</span> <span class='ocrx_word' id='word_1_106' title='bbox 144 531 284 563; x_wconf 88' lang='lat' dir='ltr'><strong>Phaedr.</strong></span> <span class='ocrx_word' id='word_1_107' title='bbox 305 526 383 570; x_wconf 86' lang='grc'>607,</span> <span class='ocrx_word' id='word_1_108' title='bbox 405 527 438 561; x_wconf 88' lang='grc'>2.</span> <span class='ocrx_word' id='word_1_109' title='bbox 463 548 503 553; x_wconf 91' lang='lat'><em>-</em></span> <span class='ocrx_word' id='word_1_110' title='bbox 521 527 666 575; x_wconf 72' lang='grc' dir='ltr'>χώπόσοι</span> <span class='ocrx_word' id='word_1_111' title='bbox 690 522 833 574; x_wconf 75' lang='grc' dir='ltr'>α’ίσχιτιτΊ</span> <span class='ocrx_word' id='word_1_112' title='bbox 860 527 896 562; x_wconf 89' lang='grc' dir='ltr'>ἐν</span> <span class='ocrx_word' id='word_1_113' title='bbox 922 526 979 561; x_wconf 86' lang='grc' dir='ltr'>ἀν-</span> 
     </span>
     <span class='ocr_line' id='line_1_14' title="bbox 0 569 982 624; baseline -0.003 -13"><span class='ocrx_word' id='word_1_114' title='bbox 0 577 155 624; x_wconf 78' lang='grc' dir='ltr'>ρώποισιν</span> <span class='ocrx_word' id='word_1_115' title='bbox 182 576 264 624; x_wconf 79' lang='grc' dir='ltr'>ἔργα</span> <span class='ocrx_word' id='word_1_116' title='bbox 292 575 438 623; x_wconf 85' lang='grc' dir='ltr'>γίγνεται</span> <span class='ocrx_word' id='word_1_117' title='bbox 464 576 521 608; x_wconf 75' lang='lat' dir='ltr'>0ss</span> <span class='ocrx_word' id='word_1_118' title='bbox 540 573 642 607; x_wconf 86' lang='grc'>1408.</span> <span class='ocrx_word' id='word_1_119' title='bbox 670 569 819 608; x_wconf 75' lang='grc' dir='ltr'>τοιούσδ’</span> <span class='ocrx_word' id='word_1_120' title='bbox 851 574 886 609; x_wconf 82' lang='grc' dir='ltr'>έν</span> <span class='ocrx_word' id='word_1_121' title='bbox 919 573 982 608; x_wconf 82' lang='grc' dir='ltr'>άν-</span> 
     </span>
     <span class='ocr_line' id='line_1_15' title="bbox 0 618 982 671; baseline -0.003 -14"><span class='ocrx_word' id='word_1_122' title='bbox 0 624 158 671; x_wconf 80' lang='grc' dir='ltr'>ρώποισιν</span> <span class='ocrx_word' id='word_1_123' title='bbox 175 623 295 670; x_wconf 82' lang='grc' dir='ltr'>ὥρισεν</span> <span class='ocrx_word' id='word_1_124' title='bbox 315 622 441 668; x_wconf 84' lang='grc' dir='ltr'>νόμους</span> <span class='ocrx_word' id='word_1_125' title='bbox 460 626 539 656; x_wconf 81' lang='lat' dir='ltr'><strong>Ant.</strong></span> <span class='ocrx_word' id='word_1_126' title='bbox 561 620 641 654; x_wconf 85' lang='grc'>452.</span> <span class='ocrx_word' id='word_1_127' title='bbox 665 620 773 661; x_wconf 79' lang='grc' dir='ltr'>δείξας</span> <span class='ocrx_word' id='word_1_128' title='bbox 791 621 826 656; x_wconf 78' lang='grc' dir='ltr'>ἐν</span> <span class='ocrx_word' id='word_1_129' title='bbox 844 618 982 668; x_wconf 77' lang='grc' dir='ltr'>ἀνθρώ-</span> 
     </span>
     <span class='ocr_line' id='line_1_16' title="bbox 0 666 978 718; baseline -0.004 -13"><span class='ocrx_word' id='word_1_130' title='bbox 0 680 63 705; x_wconf 83' lang='grc' dir='ltr'>οισι</span> <span class='ocrx_word' id='word_1_131' title='bbox 83 671 147 718; x_wconf 75' lang='grc' dir='ltr'>τὴν</span> <span class='ocrx_word' id='word_1_132' title='bbox 170 669 334 717; x_wconf 84' lang='grc' dir='ltr'>ἀβουλίαν</span> <span class='ocrx_word' id='word_1_133' title='bbox 355 667 454 702; x_wconf 88' lang='grc'>1242.</span> <span class='ocrx_word' id='word_1_134' title='bbox 484 668 595 707; x_wconf 87' lang='grc' dir='ltr'>ποίοις</span> <span class='ocrx_word' id='word_1_135' title='bbox 613 668 648 702; x_wconf 82' lang='grc' dir='ltr'>ἐν</span> <span class='ocrx_word' id='word_1_136' title='bbox 665 666 893 715; x_wconf 75' lang='grc' dir='ltr'>ἀνθρώποισι,</span> <span class='ocrx_word' id='word_1_137' title='bbox 923 670 978 701; x_wconf 86' lang='lat' dir='ltr'>Tr.</span> 
     </span>
     <span class='ocr_line' id='line_1_17' title="bbox 0 714 978 765; baseline -0.003 -14"><span class='ocrx_word' id='word_1_138' title='bbox 0 715 52 751; x_wconf 69' lang='lat'>21.</span> <span class='ocrx_word' id='word_1_139' title='bbox 78 717 139 752; x_wconf 85' lang='grc' dir='ltr'>τάν</span> <span class='ocrx_word' id='word_1_140' title='bbox 158 717 292 765; x_wconf 77' lang='grc' dir='ltr'>βροτοῖς</span> <span class='ocrx_word' id='word_1_141' title='bbox 310 715 406 763; x_wconf 79' lang='grc' dir='ltr'>πάθη</span> <span class='ocrx_word' id='word_1_142' title='bbox 424 719 479 749; x_wconf 89' lang='lat' dir='ltr'>Ai.</span> <span class='ocrx_word' id='word_1_143' title='bbox 500 714 581 749; x_wconf 88' lang='lat'><strong>836.</strong></span> <span class='ocrx_word' id='word_1_144' title='bbox 602 715 637 750; x_wconf 80' lang='grc' dir='ltr'>ἐν</span> <span class='ocrx_word' id='word_1_145' title='bbox 664 715 764 755; x_wconf 77' lang='grc' dir='ltr'>ζῶσιν</span> <span class='ocrx_word' id='word_1_146' title='bbox 781 715 900 762; x_wconf 87' lang='grc' dir='ltr'>νεκρόν</span> <span class='ocrx_word' id='word_1_147' title='bbox 918 717 978 748; x_wconf 83' lang='grc' dir='ltr'>ΡΙ).</span> 
     </span>
     <span class='ocr_line' id='line_1_18' title="bbox 0 760 978 811; baseline -0.005 -12"><span class='ocrx_word' id='word_1_148' title='bbox 0 762 74 799; x_wconf 70' lang='lat'><strong>318.</strong></span> <span class='ocrx_word' id='word_1_149' title='bbox 100 763 151 802; x_wconf 88' lang='grc' dir='ltr'>τίς</span> <span class='ocrx_word' id='word_1_150' title='bbox 174 763 269 802; x_wconf 83' lang='grc' dir='ltr'>οἶκος</span> <span class='ocrx_word' id='word_1_151' title='bbox 286 764 321 798; x_wconf 83' lang='grc' dir='ltr'>ἐν</span> <span class='ocrx_word' id='word_1_152' title='bbox 348 763 518 811; x_wconf 86' lang='grc' dir='ltr'>βροτοῖσιν</span> <span class='ocrx_word' id='word_1_153' title='bbox 536 761 690 810; x_wconf 72' lang='grc' dir='ltr'>ὠλβίσθη</span> <span class='ocrx_word' id='word_1_154' title='bbox 710 762 793 797; x_wconf 89' lang='grc' dir='ltr'>ποτέ</span> <span class='ocrx_word' id='word_1_155' title='bbox 811 765 876 795; x_wconf 78' lang='lat' dir='ltr'><strong>inc.</strong></span> <span class='ocrx_word' id='word_1_156' title='bbox 898 760 978 803; x_wconf 88' lang='lat'><strong>679,</strong></span> 
     </span>
     <span class='ocr_line' id='line_1_19' title="bbox 0 806 982 858; baseline -0.003 -14"><span class='ocrx_word' id='word_1_157' title='bbox 0 837 3 844; x_wconf 73' lang='lat'>.</span> <span class='ocrx_word' id='word_1_158' title='bbox 25 829 66 836; x_wconf 91' lang='lat'>—</span> <span class='ocrx_word' id='word_1_159' title='bbox 93 806 192 846; x_wconf 76' lang='grc' dir='ltr'>*οὔτ’</span> <span class='ocrx_word' id='word_1_160' title='bbox 226 811 260 845; x_wconf 79' lang='grc' dir='ltr'>ἐν</span> <span class='ocrx_word' id='word_1_161' title='bbox 294 810 462 858; x_wconf 88' lang='grc' dir='ltr'>βροτοῖσιν</span> <span class='ocrx_word' id='word_1_162' title='bbox 497 806 565 845; x_wconf 71' lang='grc' dir='ltr'>οὔτ’</span> <span class='ocrx_word' id='word_1_163' title='bbox 589 810 625 844; x_wconf 86' lang='grc' dir='ltr'>ἐν</span> <span class='ocrx_word' id='word_1_164' title='bbox 646 813 815 856; x_wconf 71' lang='grc' dir='ltr'>νεκροῖσιν</span> <span class='ocrx_word' id='word_1_165' title='bbox 841 809 982 854; x_wconf 84' lang='lat' dir='ltr'><strong>[delevit</strong></span> 
     </span>
     <span class='ocr_line' id='line_1_20' title="bbox 0 855 976 903; baseline -0.003 -12"><span class='ocrx_word' id='word_1_166' title='bbox 0 868 51 891; x_wconf 64' lang='lat' dir='ltr'>rec</span> <span class='ocrx_word' id='word_1_167' title='bbox 76 864 115 891; x_wconf 85' lang='lat' dir='ltr'><strong>ut</strong></span> <span class='ocrx_word' id='word_1_168' title='bbox 139 861 252 901; x_wconf 85' lang='lat' dir='ltr'><strong>spuria</strong></span> <span class='ocrx_word' id='word_1_169' title='bbox 270 857 392 903; x_wconf 84' lang='lat' dir='ltr'><strong>Dind.]</strong></span> <span class='ocrx_word' id='word_1_170' title='bbox 446 857 578 896; x_wconf 84' lang='grc' dir='ltr'>έτοικος</span> <span class='ocrx_word' id='word_1_171' title='bbox 605 856 644 891; x_wconf 81' lang='grc' dir='ltr'>ού</span> <span class='ocrx_word' id='word_1_172' title='bbox 669 857 768 896; x_wconf 78' lang='grc' dir='ltr'>ζῶσιν</span> <span class='ocrx_word' id='word_1_173' title='bbox 795 859 875 889; x_wconf 83' lang='lat' dir='ltr'><strong>Ant.</strong></span> <span class='ocrx_word' id='word_1_174' title='bbox 897 855 976 889; x_wconf 87' lang='lat'><strong>851.</strong></span> 
     </span>
     <span class='ocr_line' id='line_1_21' title="bbox 0 902 982 952; baseline -0.005 -12"><span class='ocrx_word' id='word_1_175' title='bbox 0 923 12 930; x_wconf 91' lang='lat'><em>-</em></span> <span class='ocrx_word' id='word_1_176' title='bbox 30 904 66 939; x_wconf 76' lang='grc' dir='ltr'>ἐν</span> <span class='ocrx_word' id='word_1_177' title='bbox 83 903 195 940; x_wconf 74' lang='grc' dir='ltr'>θεοῖσι</span> <span class='ocrx_word' id='word_1_178' title='bbox 210 906 274 952; x_wconf 75' lang='grc' dir='ltr'>τὴν</span> <span class='ocrx_word' id='word_1_179' title='bbox 299 904 398 951; x_wconf 84' lang='grc' dir='ltr'>δίκην</span> <span class='ocrx_word' id='word_1_180' title='bbox 416 906 536 939; x_wconf 80' lang='grc' dir='ltr'>δώσειν</span> <span class='ocrx_word' id='word_1_181' title='bbox 555 908 634 937; x_wconf 81' lang='lat' dir='ltr'><strong>Ant.</strong></span> <span class='ocrx_word' id='word_1_182' title='bbox 655 902 724 937; x_wconf 85' lang='grc'>459</span> <span class='ocrx_word' id='word_1_183' title='bbox 742 907 835 945; x_wconf 75' lang='lat' dir='ltr'><strong>quasi</strong></span> <span class='ocrx_word' id='word_1_184' title='bbox 852 907 887 936; x_wconf 77' lang='lat' dir='ltr'><strong>in</strong></span> <span class='ocrx_word' id='word_1_185' title='bbox 903 905 982 936; x_wconf 87' lang='lat' dir='ltr'><strong>deo-</strong></span> 
     </span>
     <span class='ocr_line' id='line_1_22' title="bbox 0 950 981 997; baseline -0.001 -12"><span class='ocrx_word' id='word_1_186' title='bbox 0 963 42 985; x_wconf 74' lang='lat' dir='ltr'><strong>rm</strong></span> <span class='ocrx_word' id='word_1_187' title='bbox 59 953 205 985; x_wconf 74' lang='lat' dir='ltr'><strong>iudicum</strong></span> <span class='ocrx_word' id='word_1_188' title='bbox 221 962 381 985; x_wconf 76' lang='lat' dir='ltr'><strong>consessu.</strong></span> <span class='ocrx_word' id='word_1_189' title='bbox 411 952 440 986; x_wconf 82' lang='grc' dir='ltr'>εἰ</span> <span class='ocrx_word' id='word_1_190' title='bbox 465 952 527 997; x_wconf 87' lang='grc' dir='ltr'>μὲν</span> <span class='ocrx_word' id='word_1_191' title='bbox 545 950 604 986; x_wconf 85' lang='grc' dir='ltr'>οὖν</span> <span class='ocrx_word' id='word_1_192' title='bbox 620 950 693 985; x_wconf 83' lang='grc' dir='ltr'>τάδ’</span> <span class='ocrx_word' id='word_1_193' title='bbox 718 950 807 985; x_wconf 83' lang='grc' dir='ltr'>ἐστὶν</span> <span class='ocrx_word' id='word_1_194' title='bbox 834 950 868 985; x_wconf 85' lang='grc' dir='ltr'>ἐν</span> <span class='ocrx_word' id='word_1_195' title='bbox 886 950 981 988; x_wconf 78' lang='grc' dir='ltr'>θεοῖς</span> 
     </span>
     <span class='ocr_line' id='line_1_23' title="bbox 0 997 982 1045; baseline -0.003 -12"><span class='ocrx_word' id='word_1_196' title='bbox 0 997 60 1034; x_wconf 84' lang='grc' dir='ltr'>ιλά</span> <span class='ocrx_word' id='word_1_197' title='bbox 76 997 156 1033; x_wconf 93' lang='grc'>925.</span> <span class='ocrx_word' id='word_1_198' title='bbox 178 1002 254 1038; x_wconf 84' lang='grc' dir='ltr'>ταῖς</span> <span class='ocrx_word' id='word_1_199' title='bbox 280 999 475 1045; x_wconf 76' lang='grc' dir='ltr'>μεγάλαισιν</span> <span class='ocrx_word' id='word_1_200' title='bbox 500 998 535 1033; x_wconf 85' lang='grc' dir='ltr'>ἐν</span> <span class='ocrx_word' id='word_1_201' title='bbox 558 997 724 1045; x_wconf 83' lang='grc' dir='ltr'>Θήβαισιν</span> <span class='ocrx_word' id='word_1_202' title='bbox 751 997 906 1032; x_wconf 78' lang='grc' dir='ltr'>ἀνάσσων</span> <span class='ocrx_word' id='word_1_203' title='bbox 924 999 982 1030; x_wconf 85' lang='lat' dir='ltr'>OR</span> 
     </span>
     <span class='ocr_line' id='line_1_24' title="bbox 0 1042 982 1093; baseline -0.002 -13"><span class='ocrx_word' id='word_1_204' title='bbox 0 1043 59 1080; x_wconf 71' lang='lat'><strong>203</strong></span> <span class='ocrx_word' id='word_1_205' title='bbox 76 1048 127 1079; x_wconf 90' lang='lat' dir='ltr'>ch.</span> <span class='ocrx_word' id='word_1_206' title='bbox 149 1042 301 1081; x_wconf 85' lang='grc' dir='ltr'>κάλλιστ’</span> <span class='ocrx_word' id='word_1_207' title='bbox 318 1046 405 1093; x_wconf 82' lang='grc' dir='ltr'>ἀνὴρ</span> <span class='ocrx_word' id='word_1_208' title='bbox 419 1045 468 1084; x_wconf 84' lang='grc' dir='ltr'>εἷς</span> <span class='ocrx_word' id='word_1_209' title='bbox 488 1046 523 1080; x_wconf 84' lang='grc' dir='ltr'>ἔν</span> <span class='ocrx_word' id='word_1_210' title='bbox 541 1058 578 1093; x_wconf 85' lang='grc' dir='ltr'>γε</span> <span class='ocrx_word' id='word_1_211' title='bbox 595 1048 672 1079; x_wconf 86' lang='grc' dir='ltr'>ταῖς</span> <span class='ocrx_word' id='word_1_212' title='bbox 689 1043 820 1091; x_wconf 83' lang='grc' dir='ltr'>Θήβαις</span> <span class='ocrx_word' id='word_1_213' title='bbox 843 1044 982 1093; x_wconf 83' lang='grc' dir='ltr'>τραφείς</span> 
     </span>
     <span class='ocr_line' id='line_1_25' title="bbox 0 1089 978 1126; baseline -0.003 0"><span class='ocrx_word' id='word_1_214' title='bbox 0 1089 60 1126; x_wconf 66' lang='grc'>380</span> <span class='ocrx_word' id='word_1_215' title='bbox 93 1096 235 1126; x_wconf 76' lang='lat' dir='ltr'><strong>civitatis</strong></span> <span class='ocrx_word' id='word_1_216' title='bbox 260 1096 351 1126; x_wconf 84' lang='lat' dir='ltr'><strong>euim</strong></span> <span class='ocrx_word' id='word_1_217' title='bbox 376 1100 410 1126; x_wconf 84' lang='lat' dir='ltr'>et</span> <span class='ocrx_word' id='word_1_218' title='bbox 443 1096 564 1126; x_wconf 84' lang='lat' dir='ltr'><strong>civium</strong></span> <span class='ocrx_word' id='word_1_219' title='bbox 588 1096 748 1125; x_wconf 74' lang='lat' dir='ltr'><strong>consortio</strong></span> <span class='ocrx_word' id='word_1_220' title='bbox 779 1094 913 1126; x_wconf 86' lang='lat' dir='ltr'><strong>dicitur.</strong></span> <span class='ocrx_word' id='word_1_221' title='bbox 937 1111 978 1116; x_wconf 92' lang='lat'>—</span> 
     </span>
     <span class='ocr_line' id='line_1_26' title="bbox 0 1138 976 1199; baseline -0.002 -25"><span class='ocrx_word' id='word_1_222' title='bbox 0 1142 43 1178; x_wconf 73' lang='grc' dir='ltr'>»ῖς</span> <span class='ocrx_word' id='word_1_223' title='bbox 58 1139 94 1174; x_wconf 83' lang='grc' dir='ltr'>ἐν</span> <span class='ocrx_word' id='word_1_224' title='bbox 114 1138 278 1199; x_wconf 81' lang='grc' dir='ltr'>Αἰγύπτῳ</span> <span class='ocrx_word' id='word_1_225' title='bbox 296 1141 413 1187; x_wconf 86' lang='grc' dir='ltr'>νόμοις</span> <span class='ocrx_word' id='word_1_226' title='bbox 430 1141 485 1174; x_wconf 87' lang='lat' dir='ltr'>OC</span> <span class='ocrx_word' id='word_1_227' title='bbox 499 1139 566 1173; x_wconf 89' lang='lat'>337</span> <span class='ocrx_word' id='word_1_228' title='bbox 586 1143 608 1173; x_wconf 91' lang='lat' dir='ltr'>i.</span> <span class='ocrx_word' id='word_1_229' title='bbox 622 1151 655 1182; x_wconf 93' lang='lat' dir='ltr'>q.</span> <span class='ocrx_word' id='word_1_230' title='bbox 675 1143 748 1177; x_wconf 85' lang='grc' dir='ltr'>τοῖς</span> <span class='ocrx_word' id='word_1_231' title='bbox 768 1138 976 1187; x_wconf 74' lang='grc' dir='ltr'>Αἰγυπτίων.</span> 
     </span>
     <span class='ocr_line' id='line_1_27' title="bbox 0 1183 980 1234; baseline -0.001 -13"><span class='ocrx_word' id='word_1_232' title='bbox 0 1190 103 1233; x_wconf 55' lang='grc' dir='ltr'>*εῦμα</span> <span class='ocrx_word' id='word_1_233' title='bbox 120 1189 241 1223; x_wconf 75' lang='grc' dir='ltr'>ταυτὸν</span> <span class='ocrx_word' id='word_1_234' title='bbox 258 1183 328 1222; x_wconf 68' lang='grc' dir='ltr'>οὔτ’</span> <span class='ocrx_word' id='word_1_235' title='bbox 353 1187 388 1222; x_wconf 85' lang='grc' dir='ltr'>ἐν</span> <span class='ocrx_word' id='word_1_236' title='bbox 407 1187 565 1234; x_wconf 80' lang='grc' dir='ltr'>ἀνδράσιν</span> <span class='ocrx_word' id='word_1_237' title='bbox 592 1187 704 1234; x_wconf 85' lang='grc' dir='ltr'>φίλοις</span> <span class='ocrx_word' id='word_1_238' title='bbox 721 1186 880 1233; x_wconf 85' lang='grc' dir='ltr'>βέβηκεν,</span> <span class='ocrx_word' id='word_1_239' title='bbox 902 1185 980 1220; x_wconf 76' lang='grc' dir='ltr'>οὔτε</span> 
     </span>
     <span class='ocr_line' id='line_1_28' title="bbox 18 1233 975 1282; baseline -0.003 -13"><span class='ocrx_word' id='word_1_240' title='bbox 18 1234 27 1246; x_wconf 63' lang='grc'><em>“</em></span> <span class='ocrx_word' id='word_1_241' title='bbox 76 1233 174 1269; x_wconf 82' lang='grc' dir='ltr'>πόλιν</span> <span class='ocrx_word' id='word_1_242' title='bbox 199 1234 296 1269; x_wconf 89' lang='grc' dir='ltr'>πόλει</span> <span class='ocrx_word' id='word_1_243' title='bbox 313 1233 391 1268; x_wconf 87' lang='grc'>613.</span> <span class='ocrx_word' id='word_1_244' title='bbox 414 1234 454 1269; x_wconf 82' lang='grc' dir='ltr'>ού</span> <span class='ocrx_word' id='word_1_245' title='bbox 480 1234 544 1281; x_wconf 83' lang='grc' dir='ltr'>γὰρ</span> <span class='ocrx_word' id='word_1_246' title='bbox 570 1233 605 1268; x_wconf 89' lang='grc' dir='ltr'>έν</span> <span class='ocrx_word' id='word_1_247' title='bbox 624 1233 735 1282; x_wconf 79' lang='grc' dir='ltr'>φίλοις</span> <span class='ocrx_word' id='word_1_248' title='bbox 761 1235 778 1269; x_wconf 83' lang='grc' dir='ltr'>ὁ</span> <span class='ocrx_word' id='word_1_249' title='bbox 798 1234 907 1280; x_wconf 77' lang='grc' dir='ltr'>μῦθος</span> <span class='ocrx_word' id='word_1_250' title='bbox 924 1236 975 1266; x_wconf 89' lang='grc' dir='ltr'>ΕΙ.</span> 
     </span>
     <span class='ocr_line' id='line_1_29' title="bbox 0 1243 980 1329; baseline -0.001 -13"><span class='ocrx_word' id='word_1_251' title='bbox 0 1243 48 1316; x_wconf 59' lang='grc' dir='ltr'>ῗ8.</span> <span class='ocrx_word' id='word_1_252' title='bbox 67 1277 191 1329; x_wconf 82' lang='grc' dir='ltr'>γλῶσσ’</span> <span class='ocrx_word' id='word_1_253' title='bbox 208 1281 243 1316; x_wconf 87' lang='grc' dir='ltr'>ἐν</span> <span class='ocrx_word' id='word_1_254' title='bbox 261 1281 349 1317; x_wconf 85' lang='grc' dir='ltr'>οἷσιν</span> <span class='ocrx_word' id='word_1_255' title='bbox 365 1280 526 1327; x_wconf 81' lang='grc' dir='ltr'>[κενοῖσιν</span> <span class='ocrx_word' id='word_1_256' title='bbox 541 1280 685 1326; x_wconf 72' lang='lat' dir='ltr'><strong>Iacobs]</strong></span> <span class='ocrx_word' id='word_1_257' title='bbox 702 1281 860 1328; x_wconf 85' lang='grc' dir='ltr'>ἀνδράσιν</span> <span class='ocrx_word' id='word_1_258' title='bbox 877 1280 980 1327; x_wconf 83' lang='grc' dir='ltr'>τιμὴν</span> 
     </span>
     <span class='ocr_line' id='line_1_30' title="bbox 13 1323 980 1375; baseline -0.001 -12"><span class='ocrx_word' id='word_1_259' title='bbox 13 1339 60 1367; x_wconf 78' lang='grc' dir='ltr'>εις</span> <span class='ocrx_word' id='word_1_260' title='bbox 85 1331 127 1363; x_wconf 79' lang='lat' dir='ltr'>fr.</span> <span class='ocrx_word' id='word_1_261' title='bbox 147 1331 265 1371; x_wconf 87' lang='lat' dir='ltr'><strong>Eriph.</strong></span> <span class='ocrx_word' id='word_1_262' title='bbox 286 1327 367 1369; x_wconf 76' lang='lat'><strong>209,</strong></span> <span class='ocrx_word' id='word_1_263' title='bbox 391 1328 420 1362; x_wconf 89' lang='lat'>1.</span> <span class='ocrx_word' id='word_1_264' title='bbox 449 1329 492 1363; x_wconf 89' lang='grc' dir='ltr'>τά</span> <span class='ocrx_word' id='word_1_265' title='bbox 516 1327 543 1362; x_wconf 73' lang='grc' dir='ltr'>τ’</span> <span class='ocrx_word' id='word_1_266' title='bbox 569 1329 604 1363; x_wconf 88' lang='grc' dir='ltr'>ἐν</span> <span class='ocrx_word' id='word_1_267' title='bbox 624 1323 772 1375; x_wconf 68' lang='grc' dir='ltr'>τΈλλησι</span> <span class='ocrx_word' id='word_1_268' title='bbox 787 1327 874 1368; x_wconf 76' lang='grc' dir='ltr'>ξόαν’</span> <span class='ocrx_word' id='word_1_269' title='bbox 892 1327 980 1374; x_wconf 81' lang='grc' dir='ltr'>ἡδυ-</span> 
     </span>
     <span class='ocr_line' id='line_1_31' title="bbox 0 1338 981 1422; baseline -0.004 -11"><span class='ocrx_word' id='word_1_270' title='bbox 0 1338 34 1411; x_wconf 48' lang='grc' dir='ltr'>ὃι</span> <span class='ocrx_word' id='word_1_271' title='bbox 82 1378 234 1417; x_wconf 84' lang='lat' dir='ltr'><strong>Thamyr.</strong></span> <span class='ocrx_word' id='word_1_272' title='bbox 255 1375 337 1417; x_wconf 89' lang='lat'><strong>227,</strong></span> <span class='ocrx_word' id='word_1_273' title='bbox 357 1375 391 1409; x_wconf 92' lang='lat'>2.</span> <span class='ocrx_word' id='word_1_274' title='bbox 414 1397 454 1401; x_wconf 97' lang='lat'><strong>—</strong></span> <span class='ocrx_word' id='word_1_275' title='bbox 481 1379 556 1414; x_wconf 83' lang='grc' dir='ltr'>τοῖς</span> <span class='ocrx_word' id='word_1_276' title='bbox 582 1375 616 1410; x_wconf 89' lang='grc' dir='ltr'>ἐν</span> <span class='ocrx_word' id='word_1_277' title='bbox 639 1375 729 1422; x_wconf 80' lang='grc' dir='ltr'>γένει</span> <span class='ocrx_word' id='word_1_278' title='bbox 753 1379 900 1417; x_wconf 72' lang='lat' dir='ltr'><strong>coynazis</strong></span> <span class='ocrx_word' id='word_1_279' title='bbox 922 1376 981 1408; x_wconf 72' lang='grc' dir='ltr'>ΟΒ</span> 
     </span>
     <span class='ocr_line' id='line_1_32' title="bbox 65 1425 980 1467; baseline -0.001 -11"><span class='ocrx_word' id='word_1_280' title='bbox 65 1448 72 1456; x_wconf 93' lang='grc'>.</span> <span class='ocrx_word' id='word_1_281' title='bbox 97 1441 199 1455; x_wconf 91' lang='grc'>-.-</span> <span class='ocrx_word' id='word_1_282' title='bbox 219 1434 248 1456; x_wconf 88' lang='lat' dir='ltr'>e.</span> <span class='ocrx_word' id='word_1_283' title='bbox 275 1425 290 1467; x_wconf 78' lang='grc' dir='ltr'>ΙΙ</span> <span class='ocrx_word' id='word_1_284' title='bbox 317 1425 407 1456; x_wconf 85' lang='lat' dir='ltr'><strong>Hinc</strong></span> <span class='ocrx_word' id='word_1_285' title='bbox 431 1426 527 1466; x_wconf 84' lang='lat' dir='ltr'><strong>quasi</strong></span> <span class='ocrx_word' id='word_1_286' title='bbox 552 1434 653 1456; x_wconf 88' lang='lat' dir='ltr'><strong>manu</strong></span> <span class='ocrx_word' id='word_1_287' title='bbox 671 1425 711 1456; x_wconf 84' lang='lat' dir='ltr'><strong>ad</strong></span> <span class='ocrx_word' id='word_1_288' title='bbox 724 1426 916 1465; x_wconf 75' lang='lat' dir='ltr'><strong><em>partitivum</em></strong></span> <span class='ocrx_word' id='word_1_289' title='bbox 933 1425 980 1455; x_wconf 85' lang='lat' dir='ltr'><strong>si-</strong></span> 
     </span>
     <span class='ocr_line' id='line_1_33' title="bbox 4 1465 977 1517; baseline 0 -14"><span class='ocrx_word' id='word_1_290' title='bbox 4 1470 22 1498; x_wconf 56' lang='grc' dir='ltr'>Ἀ·</span> <span class='ocrx_word' id='word_1_291' title='bbox 35 1473 215 1504; x_wconf 66' lang='lat' dir='ltr'><strong>mationem</strong></span> <span class='ocrx_word' id='word_1_292' title='bbox 232 1472 397 1504; x_wconf 82' lang='lat' dir='ltr'><strong>ducimur.</strong></span> <span class='ocrx_word' id='word_1_293' title='bbox 418 1470 492 1509; x_wconf 81' lang='grc' dir='ltr'>ἴσος</span> <span class='ocrx_word' id='word_1_294' title='bbox 512 1471 546 1504; x_wconf 83' lang='grc' dir='ltr'>ἔν</span> <span class='ocrx_word' id='word_1_295' title='bbox 563 1465 592 1517; x_wconf 78' lang='grc' dir='ltr'>γ’</span> <span class='ocrx_word' id='word_1_296' title='bbox 609 1469 672 1516; x_wconf 76' lang='lat' dir='ltr'><strong>[sic</strong></span> <span class='ocrx_word' id='word_1_297' title='bbox 689 1473 757 1511; x_wconf 91' lang='lat' dir='ltr'>LA,</span> <span class='ocrx_word' id='word_1_298' title='bbox 774 1469 799 1504; x_wconf 83' lang='grc' dir='ltr'>ἰ’.</span> <span class='ocrx_word' id='word_1_299' title='bbox 818 1470 864 1504; x_wconf 83' lang='grc' dir='ltr'>ὢν</span> <span class='ocrx_word' id='word_1_300' title='bbox 876 1471 977 1503; x_wconf 88' lang='lat' dir='ltr'><strong>Dind.</strong></span> 
     </span>
     <span class='ocr_line' id='line_1_34' title="bbox 6 1512 980 1564; baseline 0 -14"><span class='ocrx_word' id='word_1_301' title='bbox 6 1517 185 1564; x_wconf 52' lang='lat' dir='ltr'><strong>Schultz]</strong></span> <span class='ocrx_word' id='word_1_302' title='bbox 211 1516 298 1556; x_wconf 81' lang='grc' dir='ltr'>’ίσοις</span> <span class='ocrx_word' id='word_1_303' title='bbox 323 1517 411 1564; x_wconf 81' lang='grc' dir='ltr'>ἀνήρ</span> <span class='ocrx_word' id='word_1_304' title='bbox 428 1520 488 1552; x_wconf 89' lang='lat' dir='ltr'>Ph.</span> <span class='ocrx_word' id='word_1_305' title='bbox 510 1516 578 1551; x_wconf 85' lang='lat'>685</span> <span class='ocrx_word' id='word_1_306' title='bbox 596 1519 646 1550; x_wconf 87' lang='lat' dir='ltr'>ch.</span> <span class='ocrx_word' id='word_1_307' title='bbox 669 1517 703 1552; x_wconf 79' lang='grc' dir='ltr'>ἐν</span> <span class='ocrx_word' id='word_1_308' title='bbox 729 1517 766 1551; x_wconf 83' lang='grc' dir='ltr'>δὲ</span> <span class='ocrx_word' id='word_1_309' title='bbox 781 1512 887 1552; x_wconf 78' lang='grc' dir='ltr'>τοῖσδ’</span> <span class='ocrx_word' id='word_1_310' title='bbox 913 1516 980 1564; x_wconf 83' lang='grc' dir='ltr'>ἐγώ</span> 
     </span>
     <span class='ocr_line' id='line_1_35' title="bbox 12 1563 982 1611; baseline -0.002 -13"><span class='ocrx_word' id='word_1_311' title='bbox 12 1574 24 1586; x_wconf 70' lang='grc'><em>’</em></span> <span class='ocrx_word' id='word_1_312' title='bbox 63 1589 70 1597; x_wconf 96' lang='grc'>.</span> <span class='ocrx_word' id='word_1_313' title='bbox 97 1564 156 1599; x_wconf 84' lang='grc' dir='ltr'>τὸν</span> <span class='ocrx_word' id='word_1_314' title='bbox 184 1564 352 1611; x_wconf 85' lang='grc' dir='ltr'>άπότιμον</span> <span class='ocrx_word' id='word_1_315' title='bbox 378 1565 413 1600; x_wconf 85' lang='grc' dir='ltr'>έν</span> <span class='ocrx_word' id='word_1_316' title='bbox 439 1563 534 1599; x_wconf 78' lang='grc' dir='ltr'>θεοῖς</span> <span class='ocrx_word' id='word_1_317' title='bbox 557 1563 636 1600; x_wconf 79' lang='grc' dir='ltr'>θεόν</span> <span class='ocrx_word' id='word_1_318' title='bbox 667 1567 724 1598; x_wconf 74' lang='lat' dir='ltr'>0ss</span> <span class='ocrx_word' id='word_1_319' title='bbox 740 1563 820 1606; x_wconf 90' lang='lat'><strong>215,</strong></span> <span class='ocrx_word' id='word_1_320' title='bbox 843 1566 930 1607; x_wconf 89' lang='lat' dir='ltr'><strong>quod</strong></span> <span class='ocrx_word' id='word_1_321' title='bbox 947 1570 982 1596; x_wconf 88' lang='lat' dir='ltr'>et</span> 
     </span>
     <span class='ocr_line' id='line_1_36' title="bbox 4 1607 980 1656; baseline 0.001 -12"><span class='ocrx_word' id='word_1_322' title='bbox 4 1612 65 1645; x_wconf 88' lang='lat' dir='ltr'><strong>&#39;ori</strong></span> <span class='ocrx_word' id='word_1_323' title='bbox 82 1613 319 1653; x_wconf 84' lang='lat' dir='ltr'><strong>significationi</strong></span> <span class='ocrx_word' id='word_1_324' title='bbox 335 1615 503 1645; x_wconf 76' lang='lat' dir='ltr'><strong>accenseri</strong></span> <span class='ocrx_word' id='word_1_325' title='bbox 520 1618 641 1654; x_wconf 86' lang='lat' dir='ltr'><strong>potest.</strong></span> <span class='ocrx_word' id='word_1_326' title='bbox 671 1611 705 1645; x_wconf 78' lang='grc' dir='ltr'>ἐν</span> <span class='ocrx_word' id='word_1_327' title='bbox 724 1607 752 1644; x_wconf 84' lang='grc' dir='ltr'>δ’</span> <span class='ocrx_word' id='word_1_328' title='bbox 769 1611 920 1646; x_wconf 79' lang='grc' dir='ltr'>αὐτοῖσιν</span> <span class='ocrx_word' id='word_1_329' title='bbox 938 1610 980 1656; x_wconf 78' lang='grc' dir='ltr'>ἦν</span> 
     </span>
    </p>
   </div>
   <div class='ocr_carea' id='block_1_10' title="bbox 0 1469 116 3370">
    <p class='ocr_par' dir='ltr' id='par_1_10' title="bbox 0 1469 116 3370">
     <span class='ocr_line' id='line_1_37' title="bbox 0 1469 46 1680; baseline 0 -90"><span class='ocrx_word' id='word_1_330' title='bbox 0 1469 46 1680; x_wconf 95' lang='lat' dir='ltr'>     </span> 
     </span>
     <span class='ocr_line' id='line_1_38' title="bbox 0 1680 40 1825; baseline 0 -85"><span class='ocrx_word' id='word_1_331' title='bbox 0 1680 40 1825; x_wconf 95' lang='lat' dir='ltr'>    </span> 
     </span>
     <span class='ocr_line' id='line_1_39' title="bbox 0 1967 40 2157; baseline 0 -52"><span class='ocrx_word' id='word_1_332' title='bbox 0 1967 40 2157; x_wconf 95' lang='lat' dir='ltr'>     </span> 
     </span>
     <span class='ocr_line' id='line_1_40' title="bbox 0 2157 53 2342; baseline 0.038 -3"><span class='ocrx_word' id='word_1_333' title='bbox 0 2157 53 2342; x_wconf 95' lang='lat' dir='ltr'>     </span> 
     </span>
     <span class='ocr_line' id='line_1_41' title="bbox 0 2342 69 2481; baseline 0.101 -6"><span class='ocrx_word' id='word_1_334' title='bbox 0 2342 69 2481; x_wconf 95' lang='lat' dir='ltr'>    </span> 
     </span>
     <span class='ocr_line' id='line_1_42' title="bbox 0 2481 86 2640; baseline 0 -22"><span class='ocrx_word' id='word_1_335' title='bbox 0 2481 86 2640; x_wconf 95' lang='lat' dir='ltr'>   </span> 
     </span>
     <span class='ocr_line' id='line_1_43' title="bbox 0 2640 65 2806; baseline 0 -84"><span class='ocrx_word' id='word_1_336' title='bbox 0 2640 65 2806; x_wconf 95' lang='lat' dir='ltr'>   </span> 
     </span>
     <span class='ocr_line' id='line_1_44' title="bbox 0 2806 41 2907; baseline 0 -55"><span class='ocrx_word' id='word_1_337' title='bbox 0 2806 41 2907; x_wconf 95' lang='lat' dir='ltr'>  </span> 
     </span>
     <span class='ocr_line' id='line_1_45' title="bbox 0 2907 97 3156; baseline 0 0"><span class='ocrx_word' id='word_1_338' title='bbox 0 2907 97 3156; x_wconf 95' lang='lat' dir='ltr'>    </span> 
     </span>
     <span class='ocr_line' id='line_1_46' title="bbox 0 3156 116 3370; baseline 0 -53"><span class='ocrx_word' id='word_1_339' title='bbox 0 3156 116 3370; x_wconf 95' lang='lat' dir='ltr'>    </span> 
     </span>
    </p>
   </div>
   <div class='ocr_carea' id='block_1_11' title="bbox 18 1939 982 2080">
    <p class='ocr_par' dir='ltr' id='par_1_11' title="bbox 18 1939 982 2080">
     <span class='ocr_line' id='line_1_47' title="bbox 19 1939 981 1988; baseline 0.002 -15"><span class='ocrx_word' id='word_1_340' title='bbox 19 1942 47 1974; x_wconf 79' lang='grc'>“.</span> <span class='ocrx_word' id='word_1_341' title='bbox 74 1939 234 1980; x_wconf 82' lang='grc' dir='ltr'>κάκεῖνος</span> <span class='ocrx_word' id='word_1_342' title='bbox 251 1941 286 1976; x_wconf 83' lang='grc' dir='ltr'>ἐν</span> <span class='ocrx_word' id='word_1_343' title='bbox 303 1941 452 1976; x_wconf 86' lang='grc' dir='ltr'>τούτοισι</span> <span class='ocrx_word' id='word_1_344' title='bbox 469 1940 549 1975; x_wconf 85' lang='grc'>703.</span> <span class='ocrx_word' id='word_1_345' title='bbox 576 1942 641 1976; x_wconf 60' lang='grc' dir='ltr'>*ἐν</span> <span class='ocrx_word' id='word_1_346' title='bbox 665 1941 763 1988; x_wconf 91' lang='grc' dir='ltr'>φύλῳ</span> <span class='ocrx_word' id='word_1_347' title='bbox 789 1940 981 1988; x_wconf 76' lang='grc' dir='ltr'>ἀνθρώπων</span> 
     </span>
     <span class='ocr_line' id='line_1_48' title="bbox 18 1986 981 2036; baseline 0.003 -16"><span class='ocrx_word' id='word_1_348' title='bbox 18 2002 47 2020; x_wconf 93' lang='grc'>.</span> <span class='ocrx_word' id='word_1_349' title='bbox 67 1990 108 2020; x_wconf 80' lang='lat' dir='ltr'>fr.</span> <span class='ocrx_word' id='word_1_350' title='bbox 131 1986 212 2031; x_wconf 90' lang='lat'><strong>518,</strong></span> <span class='ocrx_word' id='word_1_351' title='bbox 235 1987 252 2021; x_wconf 87' lang='lat'>1</span> <span class='ocrx_word' id='word_1_352' title='bbox 283 1988 357 2034; x_wconf 90' lang='lat' dir='ltr'><strong>[ubi</strong></span> <span class='ocrx_word' id='word_1_353' title='bbox 382 1989 417 2024; x_wconf 81' lang='grc' dir='ltr'>ἓν</span> <span class='ocrx_word' id='word_1_354' title='bbox 448 1988 556 2036; x_wconf 79' lang='grc' dir='ltr'>φῦλον</span> <span class='ocrx_word' id='word_1_355' title='bbox 574 1991 695 2030; x_wconf 81' lang='lat' dir='ltr'>Bergk.</span> <span class='ocrx_word' id='word_1_356' title='bbox 717 2000 804 2022; x_wconf 85' lang='lat' dir='ltr'><strong>em.:</strong></span> <span class='ocrx_word' id='word_1_357' title='bbox 834 2000 866 2021; x_wconf 88' lang='lat' dir='ltr'>v.</span> <span class='ocrx_word' id='word_1_358' title='bbox 886 1991 910 2021; x_wconf 89' lang='lat' dir='ltr'>i.</span> <span class='ocrx_word' id='word_1_359' title='bbox 931 1987 981 2027; x_wconf 83' lang='grc' dir='ltr'>εἷς</span> 
     </span>
     <span class='ocr_line' id='line_1_49' title="bbox 22 2030 982 2080; baseline 0.001 -13"><span class='ocrx_word' id='word_1_360' title='bbox 22 2030 123 2080; x_wconf 87' lang='grc'>211.]</span> <span class='ocrx_word' id='word_1_361' title='bbox 140 2054 248 2068; x_wconf 89' lang='lat'>—.—</span> <span class='ocrx_word' id='word_1_362' title='bbox 264 2038 287 2069; x_wconf 86' lang='lat' dir='ltr'>f.</span> <span class='ocrx_word' id='word_1_363' title='bbox 314 2037 329 2080; x_wconf 79' lang='grc' dir='ltr'>ΙΙ</span> <span class='ocrx_word' id='word_1_364' title='bbox 354 2038 484 2069; x_wconf 84' lang='lat' dir='ltr'><strong>Deinde</strong></span> <span class='ocrx_word' id='word_1_365' title='bbox 506 2047 556 2068; x_wconf 70' lang='lat' dir='ltr'><strong>‘res</strong></span> <span class='ocrx_word' id='word_1_366' title='bbox 572 2047 747 2069; x_wconf 77' lang='lat' dir='ltr'><strong>causarum</strong></span> <span class='ocrx_word' id='word_1_367' title='bbox 763 2041 792 2069; x_wconf 81' lang='lat' dir='ltr'>et</span> <span class='ocrx_word' id='word_1_368' title='bbox 808 2041 982 2069; x_wconf 76' lang='lat' dir='ltr'>eventuum</span> 
     </span>
    </p>
   </div>
   <div class='ocr_carea' id='block_1_12' title="bbox 26 2269 981 2696">
    <p class='ocr_par' dir='ltr' id='par_1_12' title="bbox 18 2269 981 2696">
     <span class='ocr_line' id='line_1_50' title="bbox 58 2269 324 2352; baseline 0 -48"><span class='ocrx_word' id='word_1_369' title='bbox 58 2273 94 2305; x_wconf 86' lang='grc' dir='ltr'>εῖ</span> <span class='ocrx_word' id='word_1_370' title='bbox 111 2271 153 2318; x_wconf 79' lang='grc' dir='ltr'>δὴ</span> <span class='ocrx_word' id='word_1_371' title='bbox 170 2270 275 2316; x_wconf 84' lang='grc' dir='ltr'>τήνδε</span> <span class='ocrx_word' id='word_1_372' title='bbox 289 2269 324 2352; x_wconf 59' lang='lat' dir='ltr'>gl</span> 
     </span>
     <span class='ocr_line' id='line_1_51' title="bbox 26 2317 327 2359; baseline 0.007 -9"><span class='ocrx_word' id='word_1_373' title='bbox 26 2334 30 2342; x_wconf 57' lang='grc' dir='ltr'>ι</span> <span class='ocrx_word' id='word_1_374' title='bbox 53 2321 205 2359; x_wconf 61' lang='lat' dir='ltr'><strong>gratiam.</strong></span> <span class='ocrx_word' id='word_1_375' title='bbox 235 2317 270 2352; x_wconf 82' lang='grc' dir='ltr'>ἐν</span> <span class='ocrx_word' id='word_1_376' title='bbox 310 2318 327 2352; x_wconf 87' lang='grc' dir='ltr'>ὲ</span> 
     </span>
     <span class='ocr_line' id='line_1_52' title="bbox 27 2363 976 2413; baseline 0 -15"><span class='ocrx_word' id='word_1_377' title='bbox 27 2363 133 2399; x_wconf 84' lang='grc'>795.</span> <span class='ocrx_word' id='word_1_378' title='bbox 163 2363 199 2399; x_wconf 75' lang='grc' dir='ltr'>ἐν’</span> <span class='ocrx_word' id='word_1_379' title='bbox 230 2364 283 2404; x_wconf 85' lang='grc' dir='ltr'>οἷς</span> <span class='ocrx_word' id='word_1_380' title='bbox 306 2365 370 2412; x_wconf 80' lang='grc' dir='ltr'>γὰρ</span> <span class='ocrx_word' id='word_1_381' title='bbox 393 2365 494 2413; x_wconf 86' lang='grc' dir='ltr'>χάρις</span> <span class='ocrx_word' id='word_1_382' title='bbox 527 2366 780 2407; x_wconf 78' lang='grc' dir='ltr'>Ευναποικεῖται</span> <span class='ocrx_word' id='word_1_383' title='bbox 807 2364 894 2398; x_wconf 91' lang='grc'>1751</span> <span class='ocrx_word' id='word_1_384' title='bbox 922 2377 976 2398; x_wconf 85' lang='lat' dir='ltr'>an.</span> 
     </span>
     <span class='ocr_line' id='line_1_53' title="bbox 60 2412 976 2455; baseline 0.002 -10"><span class='ocrx_word' id='word_1_385' title='bbox 60 2422 159 2455; x_wconf 88' lang='lat' dir='ltr'><strong>quam</strong></span> <span class='ocrx_word' id='word_1_386' title='bbox 177 2414 278 2446; x_wconf 84' lang='lat' dir='ltr'><strong>dubia</strong></span> <span class='ocrx_word' id='word_1_387' title='bbox 293 2415 457 2454; x_wconf 84' lang='lat' dir='ltr'><strong>scriptura</strong></span> <span class='ocrx_word' id='word_1_388' title='bbox 470 2418 504 2446; x_wconf 87' lang='lat' dir='ltr'>et</span> <span class='ocrx_word' id='word_1_389' title='bbox 521 2416 690 2446; x_wconf 83' lang='lat' dir='ltr'><strong>sententia</strong></span> <span class='ocrx_word' id='word_1_390' title='bbox 704 2425 735 2446; x_wconf 89' lang='lat' dir='ltr'>V.</span> <span class='ocrx_word' id='word_1_391' title='bbox 753 2412 976 2454; x_wconf 78' lang='grc' dir='ltr'>ξυναποικέω.</span> 
     </span>
     <span class='ocr_line' id='line_1_54' title="bbox 50 2458 979 2506; baseline 0 -13"><span class='ocrx_word' id='word_1_392' title='bbox 50 2460 53 2464; x_wconf 77' lang='grc'><strong>“</strong></span> <span class='ocrx_word' id='word_1_393' title='bbox 84 2458 156 2493; x_wconf 84' lang='grc' dir='ltr'>ἐστὶ</span> <span class='ocrx_word' id='word_1_394' title='bbox 173 2459 282 2497; x_wconf 77' lang='grc' dir='ltr'>πίστις</span> <span class='ocrx_word' id='word_1_395' title='bbox 299 2459 335 2493; x_wconf 79' lang='grc' dir='ltr'>ἐν</span> <span class='ocrx_word' id='word_1_396' title='bbox 352 2463 424 2498; x_wconf 88' lang='grc' dir='ltr'>τοῖς</span> <span class='ocrx_word' id='word_1_397' title='bbox 443 2459 631 2506; x_wconf 73' lang='grc' dir='ltr'>δρωμένοις</span> <span class='ocrx_word' id='word_1_398' title='bbox 643 2462 699 2493; x_wconf 91' lang='lat' dir='ltr'>Tr.</span> <span class='ocrx_word' id='word_1_399' title='bbox 713 2458 792 2493; x_wconf 88' lang='lat'><strong>588.</strong></span> <span class='ocrx_word' id='word_1_400' title='bbox 810 2459 874 2494; x_wconf 75' lang='grc' dir='ltr'>οὐκ</span> <span class='ocrx_word' id='word_1_401' title='bbox 891 2459 979 2494; x_wconf 80' lang='grc' dir='ltr'>ἔστιν</span> 
     </span>
     <span class='ocr_line' id='line_1_55' title="bbox 28 2505 980 2553; baseline 0 -12"><span class='ocrx_word' id='word_1_402' title='bbox 28 2524 36 2528; x_wconf 56' lang='grc'>’·</span> <span class='ocrx_word' id='word_1_403' title='bbox 51 2508 95 2544; x_wconf 84' lang='grc' dir='ltr'>ῖς</span> <span class='ocrx_word' id='word_1_404' title='bbox 113 2506 162 2553; x_wconf 82' lang='grc' dir='ltr'>μὴ</span> <span class='ocrx_word' id='word_1_405' title='bbox 180 2505 302 2544; x_wconf 87' lang='grc' dir='ltr'>καλοῖς</span> <span class='ocrx_word' id='word_1_406' title='bbox 319 2505 546 2552; x_wconf 78' lang='grc' dir='ltr'>βουλεύμασιν</span> <span class='ocrx_word' id='word_1_407' title='bbox 571 2506 640 2542; x_wconf 72' lang='grc' dir='ltr'>οὐδ’</span> <span class='ocrx_word' id='word_1_408' title='bbox 658 2505 755 2545; x_wconf 80' lang='grc' dir='ltr'>ἐλπίς</span> <span class='ocrx_word' id='word_1_409' title='bbox 774 2505 853 2540; x_wconf 86' lang='grc'>725.</span> <span class='ocrx_word' id='word_1_410' title='bbox 875 2506 919 2553; x_wconf 90' lang='grc' dir='ltr'>μέ</span> <span class='ocrx_word' id='word_1_411' title='bbox 941 2519 980 2545; x_wconf 86' lang='grc' dir='ltr'>ας</span> 
     </span>
     <span class='ocr_line' id='line_1_56' title="bbox 51 2552 979 2601; baseline 0.002 -14.968"><span class='ocrx_word' id='word_1_412' title='bbox 51 2573 57 2582; x_wconf 60' lang='lat'>..</span> <span class='ocrx_word' id='word_1_413' title='bbox 86 2556 156 2591; x_wconf 77' lang='grc' dir='ltr'>τοις</span> <span class='ocrx_word' id='word_1_414' title='bbox 176 2552 254 2591; x_wconf 79' lang='grc' dir='ltr'>θεός</span> <span class='ocrx_word' id='word_1_415' title='bbox 273 2555 330 2586; x_wconf 88' lang='lat' dir='ltr'>OR</span> <span class='ocrx_word' id='word_1_416' title='bbox 346 2552 413 2586; x_wconf 88' lang='grc'>871</span> <span class='ocrx_word' id='word_1_417' title='bbox 433 2556 483 2587; x_wconf 84' lang='lat' dir='ltr'>ch.</span> <span class='ocrx_word' id='word_1_418' title='bbox 506 2554 541 2588; x_wconf 88' lang='grc' dir='ltr'>ἐν</span> <span class='ocrx_word' id='word_1_419' title='bbox 565 2555 616 2600; x_wconf 84' lang='grc' dir='ltr'>τῷ</span> <span class='ocrx_word' id='word_1_420' title='bbox 636 2557 772 2601; x_wconf 78' lang='grc' dir='ltr'>φρονεῖν</span> <span class='ocrx_word' id='word_1_421' title='bbox 790 2553 854 2601; x_wconf 80' lang='grc' dir='ltr'>γὰρ</span> <span class='ocrx_word' id='word_1_422' title='bbox 872 2566 920 2600; x_wconf 88' lang='grc' dir='ltr'>μη</span> <span class='ocrx_word' id='word_1_423' title='bbox 946 2555 979 2589; x_wconf 83' lang='grc' dir='ltr'>ὲν</span> 
     </span>
     <span class='ocr_line' id='line_1_57' title="bbox 26 2598 980 2648; baseline 0.002 -14"><span class='ocrx_word' id='word_1_424' title='bbox 26 2617 41 2625; x_wconf 70' lang='lat'>..</span> <span class='ocrx_word' id='word_1_425' title='bbox 75 2612 106 2639; x_wconf 89' lang='grc' dir='ltr'>ς</span> <span class='ocrx_word' id='word_1_426' title='bbox 131 2599 204 2646; x_wconf 88' lang='grc' dir='ltr'>βίος</span> <span class='ocrx_word' id='word_1_427' title='bbox 221 2602 275 2633; x_wconf 89' lang='lat' dir='ltr'>Ai.</span> <span class='ocrx_word' id='word_1_428' title='bbox 297 2598 376 2633; x_wconf 82' lang='lat'><strong>554.</strong></span> <span class='ocrx_word' id='word_1_429' title='bbox 399 2599 522 2635; x_wconf 69' lang='grc' dir='ltr'>οὔκουν</span> <span class='ocrx_word' id='word_1_430' title='bbox 540 2601 576 2636; x_wconf 84' lang='grc' dir='ltr'>ἐν</span> <span class='ocrx_word' id='word_1_431' title='bbox 602 2600 654 2640; x_wconf 87' lang='grc' dir='ltr'>οἷς</span> <span class='ocrx_word' id='word_1_432' title='bbox 671 2612 708 2648; x_wconf 90' lang='grc' dir='ltr'>γε</span> <span class='ocrx_word' id='word_1_433' title='bbox 726 2601 807 2648; x_wconf 81' lang='grc' dir='ltr'>δρᾷς</span> <span class='ocrx_word' id='word_1_434' title='bbox 824 2601 921 2648; x_wconf 81' lang='grc' dir='ltr'>(αἰσχ</span> <span class='ocrx_word' id='word_1_435' title='bbox 945 2602 980 2639; x_wconf 83' lang='grc' dir='ltr'>ὸς</span> 
     </span>
     <span class='ocr_line' id='line_1_58' title="bbox 36 2613 981 2696; baseline 0.002 -17"><span class='ocrx_word' id='word_1_436' title='bbox 36 2645 91 2692; x_wconf 85' lang='grc' dir='ltr'>ἴ)</span> <span class='ocrx_word' id='word_1_437' title='bbox 102 2648 162 2680; x_wconf 90' lang='lat' dir='ltr'>Ph.</span> <span class='ocrx_word' id='word_1_438' title='bbox 183 2645 263 2680; x_wconf 82' lang='lat'><strong>907.</strong></span> <span class='ocrx_word' id='word_1_439' title='bbox 285 2647 320 2682; x_wconf 82' lang='grc' dir='ltr'>ἐν</span> <span class='ocrx_word' id='word_1_440' title='bbox 344 2647 440 2696; x_wconf 82' lang='grc' dir='ltr'>κείνῃ</span> <span class='ocrx_word' id='word_1_441' title='bbox 459 2649 497 2682; x_wconf 85' lang='grc' dir='ltr'>τὸ</span> <span class='ocrx_word' id='word_1_442' title='bbox 519 2652 585 2682; x_wconf 86' lang='grc' dir='ltr'>πᾶν</span> <span class='ocrx_word' id='word_1_443' title='bbox 611 2651 650 2681; x_wconf 81' lang='lat' dir='ltr'>fr.</span> <span class='ocrx_word' id='word_1_444' title='bbox 672 2651 738 2682; x_wconf 89' lang='lat' dir='ltr'><strong>inc.</strong></span> <span class='ocrx_word' id='word_1_445' title='bbox 761 2646 840 2690; x_wconf 82' lang='lat'><strong>678,</strong></span> <span class='ocrx_word' id='word_1_446' title='bbox 862 2671 868 2680; x_wconf 78' lang='grc'>.</span> <span class='ocrx_word' id='word_1_447' title='bbox 888 2675 895 2681; x_wconf 92' lang='grc'>.</span> <span class='ocrx_word' id='word_1_448' title='bbox 918 2613 981 2684; x_wconf 57' lang='grc' dir='ltr'>Ξί-</span> 
     </span>
    </p>
   </div>
   <div class='ocr_carea' id='block_1_13' title="bbox 28 2739 984 3466">
    <p class='ocr_par' dir='ltr' id='par_1_13' title="bbox 27 2739 984 3466">
     <span class='ocr_line' id='line_1_59' title="bbox 65 2739 976 2784; baseline 0.002 -10.92"><span class='ocrx_word' id='word_1_449' title='bbox 65 2765 72 2773; x_wconf 95' lang='grc'>.</span> <span class='ocrx_word' id='word_1_450' title='bbox 87 2739 166 2774; x_wconf 88' lang='grc'>155.</span> <span class='ocrx_word' id='word_1_451' title='bbox 181 2759 284 2773; x_wconf 91' lang='lat'><strong>—.--</strong></span> <span class='ocrx_word' id='word_1_452' title='bbox 299 2752 329 2781; x_wconf 82' lang='lat' dir='ltr'>g.</span> <span class='ocrx_word' id='word_1_453' title='bbox 342 2740 353 2782; x_wconf 53' lang='grc' dir='ltr'>ἐξ</span> <span class='ocrx_word' id='word_1_454' title='bbox 367 2743 536 2775; x_wconf 79' lang='lat' dir='ltr'><strong>Tralatum</strong></span> <span class='ocrx_word' id='word_1_455' title='bbox 554 2754 572 2774; x_wconf 86' lang='lat' dir='ltr'><strong>a</strong></span> <span class='ocrx_word' id='word_1_456' title='bbox 589 2745 667 2774; x_wconf 79' lang='lat' dir='ltr'><strong>locis</strong></span> <span class='ocrx_word' id='word_1_457' title='bbox 686 2745 726 2775; x_wconf 89' lang='lat' dir='ltr'><strong>ad</strong></span> <span class='ocrx_word' id='word_1_458' title='bbox 748 2743 976 2784; x_wconf 73' lang='lat' dir='ltr'><strong>conditionem,</strong></span> 
     </span>
     <span class='ocr_line' id='line_1_60' title="bbox 43 2789 981 2834; baseline 0.003 -14"><span class='ocrx_word' id='word_1_459' title='bbox 43 2789 234 2834; x_wconf 66' lang='lat' dir='ltr'><strong>3agitamus,</strong></span> <span class='ocrx_word' id='word_1_460' title='bbox 264 2791 357 2821; x_wconf 69' lang='lat' dir='ltr'><strong>certis</strong></span> <span class='ocrx_word' id='word_1_461' title='bbox 374 2790 459 2822; x_wconf 74' lang='lat' dir='ltr'><strong>datis</strong></span> <span class='ocrx_word' id='word_1_462' title='bbox 477 2794 601 2822; x_wconf 77' lang='lat' dir='ltr'><strong>certove</strong></span> <span class='ocrx_word' id='word_1_463' title='bbox 618 2794 757 2831; x_wconf 77' lang='lat' dir='ltr'><strong>tempore</strong></span> <span class='ocrx_word' id='word_1_464' title='bbox 773 2790 867 2830; x_wconf 74' lang='lat' dir='ltr'><strong>facta</strong></span> <span class='ocrx_word' id='word_1_465' title='bbox 890 2792 981 2823; x_wconf 80' lang='lat' dir='ltr'><strong>indi-</strong></span> 
     </span>
     <span class='ocr_line' id='line_1_61' title="bbox 43 2834 982 2878; baseline 0.001 -9"><span class='ocrx_word' id='word_1_466' title='bbox 43 2834 251 2877; x_wconf 51' lang='lat' dir='ltr'><strong>&gt;Praecipue</strong></span> <span class='ocrx_word' id='word_1_467' title='bbox 276 2837 476 2878; x_wconf 84' lang='lat' dir='ltr'><strong>perspicitur</strong></span> <span class='ocrx_word' id='word_1_468' title='bbox 503 2838 563 2869; x_wconf 90' lang='lat' dir='ltr'>hoc</span> <span class='ocrx_word' id='word_1_469' title='bbox 587 2838 698 2869; x_wconf 81' lang='lat' dir='ltr'><strong>addito</strong></span> <span class='ocrx_word' id='word_1_470' title='bbox 723 2843 782 2869; x_wconf 84' lang='lat' dir='ltr'>aut</span> <span class='ocrx_word' id='word_1_471' title='bbox 806 2839 982 2870; x_wconf 84' lang='lat' dir='ltr'><strong>subaudito</strong></span> 
     </span>
     <span class='ocr_line' id='line_1_62' title="bbox 30 2881 983 2931; baseline 0.004 -17"><span class='ocrx_word' id='word_1_472' title='bbox 30 2894 61 2908; x_wconf 66' lang='lat'>&gt;2</span> <span class='ocrx_word' id='word_1_473' title='bbox 92 2885 197 2914; x_wconf 84' lang='lat' dir='ltr'><strong>tentia</strong></span> <span class='ocrx_word' id='word_1_474' title='bbox 223 2884 318 2915; x_wconf 83' lang='lat' dir='ltr'><strong>locali</strong></span> <span class='ocrx_word' id='word_1_475' title='bbox 342 2884 586 2923; x_wconf 78' lang='lat' dir='ltr'><strong>significatione</strong></span> <span class='ocrx_word' id='word_1_476' title='bbox 605 2885 715 2916; x_wconf 90' lang='lat' dir='ltr'><strong>verbo.</strong></span> <span class='ocrx_word' id='word_1_477' title='bbox 744 2883 792 2917; x_wconf 78' lang='grc' dir='ltr'>ὡς</span> <span class='ocrx_word' id='word_1_478' title='bbox 807 2881 834 2916; x_wconf 85' lang='grc' dir='ltr'>δ’</span> <span class='ocrx_word' id='word_1_479' title='bbox 859 2882 894 2918; x_wconf 82' lang='grc' dir='ltr'>ἐν</span> <span class='ocrx_word' id='word_1_480' title='bbox 918 2896 983 2931; x_wconf 87' lang='grc' dir='ltr'>γα-</span> 
     </span>
     <span class='ocr_line' id='line_1_63' title="bbox 38 2923 983 2977; baseline 0.003 -15"><span class='ocrx_word' id='word_1_481' title='bbox 38 2961 45 2973; x_wconf 63' lang='grc'>,</span> <span class='ocrx_word' id='word_1_482' title='bbox 64 2923 174 2963; x_wconf 64' lang='grc' dir='ltr'>πάντ’</span> <span class='ocrx_word' id='word_1_483' title='bbox 199 2928 389 2976; x_wconf 83' lang='grc' dir='ltr'>ἐδερκόμην</span> <span class='ocrx_word' id='word_1_484' title='bbox 413 2929 519 2964; x_wconf 88' lang='grc' dir='ltr'>τόπον</span> <span class='ocrx_word' id='word_1_485' title='bbox 536 2932 589 2963; x_wconf 89' lang='grc' dir='ltr'>ΕΙ.</span> <span class='ocrx_word' id='word_1_486' title='bbox 609 2927 688 2963; x_wconf 87' lang='grc'>899.</span> <span class='ocrx_word' id='word_1_487' title='bbox 711 2929 814 2977; x_wconf 80' lang='grc' dir='ltr'>μοίρᾳ</span> <span class='ocrx_word' id='word_1_488' title='bbox 840 2930 901 2976; x_wconf 84' lang='grc' dir='ltr'>μὲν</span> <span class='ocrx_word' id='word_1_489' title='bbox 920 2930 983 2965; x_wconf 76' lang='grc' dir='ltr'>οὐκ</span> 
     </span>
     <span class='ocr_line' id='line_1_64' title="bbox 28 2969 984 3022; baseline 0.002 -13"><span class='ocrx_word' id='word_1_490' title='bbox 28 2969 38 2989; x_wconf 71' lang='grc'>’·“</span> <span class='ocrx_word' id='word_1_491' title='bbox 71 2972 140 3022; x_wconf 70' lang='grc' dir='ltr'>9λᾷ</span> <span class='ocrx_word' id='word_1_492' title='bbox 165 2975 317 3022; x_wconf 81' lang='grc' dir='ltr'>βεβῶσαν</span> <span class='ocrx_word' id='word_1_493' title='bbox 347 2974 435 3010; x_wconf 87' lang='grc'>1095</span> <span class='ocrx_word' id='word_1_494' title='bbox 454 2978 504 3010; x_wconf 90' lang='lat' dir='ltr'>ch.</span> <span class='ocrx_word' id='word_1_495' title='bbox 543 2979 597 3011; x_wconf 87' lang='lat' dir='ltr'><strong>Sic</strong></span> <span class='ocrx_word' id='word_1_496' title='bbox 614 2979 716 3011; x_wconf 88' lang='lat' dir='ltr'><strong>Dind.</strong></span> <span class='ocrx_word' id='word_1_497' title='bbox 746 2988 788 3009; x_wconf 87' lang='lat' dir='ltr'>ex</span> <span class='ocrx_word' id='word_1_498' title='bbox 813 2980 984 3020; x_wconf 84' lang='lat' dir='ltr'><strong>plerisque</strong></span> 
     </span>
     <span class='ocr_line' id='line_1_65' title="bbox 32 3020 983 3066; baseline 0.003 -12"><span class='ocrx_word' id='word_1_499' title='bbox 32 3034 85 3061; x_wconf 47' lang='lat' dir='ltr'>m:</span> <span class='ocrx_word' id='word_1_500' title='bbox 113 3024 172 3055; x_wconf 86' lang='lat' dir='ltr'><strong>alii</strong></span> <span class='ocrx_word' id='word_1_501' title='bbox 197 3021 249 3057; x_wconf 82' lang='grc' dir='ltr'>ἐπ’</span> <span class='ocrx_word' id='word_1_502' title='bbox 275 3033 333 3066; x_wconf 88' lang='lat' dir='ltr'><strong>pro</strong></span> <span class='ocrx_word' id='word_1_503' title='bbox 359 3022 393 3057; x_wconf 83' lang='grc' dir='ltr'>ἐν</span> <span class='ocrx_word' id='word_1_504' title='bbox 417 3025 505 3066; x_wconf 89' lang='lat' dir='ltr'><strong>quod</strong></span> <span class='ocrx_word' id='word_1_505' title='bbox 522 3026 639 3066; x_wconf 86' lang='lat' dir='ltr'><strong>optimi</strong></span> <span class='ocrx_word' id='word_1_506' title='bbox 657 3025 741 3058; x_wconf 82' lang='lat' dir='ltr'><strong>Flor.</strong></span> <span class='ocrx_word' id='word_1_507' title='bbox 763 3020 788 3058; x_wconf 89' lang='grc' dir='ltr'>Γ</span> <span class='ocrx_word' id='word_1_508' title='bbox 806 3025 864 3057; x_wconf 93' lang='lat' dir='ltr'>LA</span> <span class='ocrx_word' id='word_1_509' title='bbox 881 3027 983 3057; x_wconf 81' lang='lat' dir='ltr'><strong>omit-</strong></span> 
     </span>
     <span class='ocr_line' id='line_1_66' title="bbox 34 3065 982 3117; baseline 0.003 -15"><span class='ocrx_word' id='word_1_510' title='bbox 34 3075 56 3088; x_wconf 56' lang='lat'>22‘</span> <span class='ocrx_word' id='word_1_511' title='bbox 97 3067 133 3102; x_wconf 75' lang='grc' dir='ltr'>ἐν</span> <span class='ocrx_word' id='word_1_512' title='bbox 151 3067 330 3116; x_wconf 79' lang='grc' dir='ltr'>δυσμενείᾳ</span> <span class='ocrx_word' id='word_1_513' title='bbox 345 3065 374 3116; x_wconf 83' lang='grc' dir='ltr'>γ’</span> <span class='ocrx_word' id='word_1_514' title='bbox 392 3069 478 3105; x_wconf 84' lang='grc' dir='ltr'>οὖσα</span> <span class='ocrx_word' id='word_1_515' title='bbox 496 3069 596 3104; x_wconf 87' lang='grc'>1124.</span> <span class='ocrx_word' id='word_1_516' title='bbox 619 3065 738 3117; x_wconf 82' lang='grc' dir='ltr'>μηκέτ’</span> <span class='ocrx_word' id='word_1_517' title='bbox 764 3069 845 3105; x_wconf 82' lang='grc' dir='ltr'>ὄντα</span> <span class='ocrx_word' id='word_1_518' title='bbox 868 3075 982 3107; x_wconf 89' lang='grc' dir='ltr'>κεῖνον</span> 
     </span>
     <span class='ocr_line' id='line_1_67' title="bbox 34 3112 978 3165; baseline 0.003 -16"><span class='ocrx_word' id='word_1_519' title='bbox 34 3113 74 3161; x_wconf 44' lang='grc' dir='ltr'>,ΓΞ</span> <span class='ocrx_word' id='word_1_520' title='bbox 91 3126 113 3149; x_wconf 86' lang='grc' dir='ltr'>ι</span> <span class='ocrx_word' id='word_1_521' title='bbox 135 3115 205 3151; x_wconf 86' lang='grc' dir='ltr'>νόει</span> <span class='ocrx_word' id='word_1_522' title='bbox 221 3119 280 3150; x_wconf 89' lang='lat' dir='ltr'>Ph.</span> <span class='ocrx_word' id='word_1_523' title='bbox 302 3116 382 3150; x_wconf 83' lang='grc'>415.</span> <span class='ocrx_word' id='word_1_524' title='bbox 404 3117 443 3152; x_wconf 82' lang='grc' dir='ltr'>ού</span> <span class='ocrx_word' id='word_1_525' title='bbox 467 3116 532 3164; x_wconf 82' lang='grc' dir='ltr'>γὰρ</span> <span class='ocrx_word' id='word_1_526' title='bbox 558 3117 592 3152; x_wconf 81' lang='grc' dir='ltr'>ἐν</span> <span class='ocrx_word' id='word_1_527' title='bbox 618 3118 697 3164; x_wconf 83' lang='grc' dir='ltr'>φάει</span> <span class='ocrx_word' id='word_1_528' title='bbox 713 3112 742 3165; x_wconf 76' lang='grc' dir='ltr'>γ’</span> <span class='ocrx_word' id='word_1_529' title='bbox 761 3117 808 3151; x_wconf 81' lang='grc' dir='ltr'>ἔτι</span> <span class='ocrx_word' id='word_1_530' title='bbox 828 3116 917 3151; x_wconf 88' lang='grc'>1212</span> <span class='ocrx_word' id='word_1_531' title='bbox 933 3129 978 3152; x_wconf 91' lang='lat' dir='ltr'>m.</span> 
     </span>
     <span class='ocr_line' id='line_1_68' title="bbox 99 3161 983 3212; baseline 0.002 -14.867"><span class='ocrx_word' id='word_1_532' title='bbox 99 3174 126 3201; x_wconf 90' lang='grc' dir='ltr'>ις</span> <span class='ocrx_word' id='word_1_533' title='bbox 141 3161 185 3208; x_wconf 79' lang='grc' dir='ltr'>ἦν</span> <span class='ocrx_word' id='word_1_534' title='bbox 204 3162 238 3197; x_wconf 86' lang='grc' dir='ltr'>ἐν</span> <span class='ocrx_word' id='word_1_535' title='bbox 262 3164 305 3211; x_wconf 80' lang='grc' dir='ltr'>τῇ</span> <span class='ocrx_word' id='word_1_536' title='bbox 325 3164 450 3212; x_wconf 70' lang='grc' dir='ltr'>τέχνης</span> <span class='ocrx_word' id='word_1_537' title='bbox 480 3165 538 3198; x_wconf 86' lang='lat' dir='ltr'>OR</span> <span class='ocrx_word' id='word_1_538' title='bbox 555 3163 622 3198; x_wconf 86' lang='lat'>562</span> <span class='ocrx_word' id='word_1_539' title='bbox 640 3167 662 3199; x_wconf 91' lang='lat' dir='ltr'>i.</span> <span class='ocrx_word' id='word_1_540' title='bbox 682 3176 712 3198; x_wconf 89' lang='lat' dir='ltr'>e.</span> <span class='ocrx_word' id='word_1_541' title='bbox 735 3163 851 3198; x_wconf 83' lang='grc' dir='ltr'>ἀσκῶν</span> <span class='ocrx_word' id='word_1_542' title='bbox 877 3164 983 3200; x_wconf 76' lang='grc' dir='ltr'>ἐθαυ-</span> 
     </span>
     <span class='ocr_line' id='line_1_69' title="bbox 141 3210 979 3254; baseline 0.001 -9.899"><span class='ocrx_word' id='word_1_543' title='bbox 141 3221 172 3242; x_wconf 88' lang='lat' dir='ltr'>v.</span> <span class='ocrx_word' id='word_1_544' title='bbox 199 3213 360 3244; x_wconf 85' lang='lat' dir='ltr'><strong>Abresch.</strong></span> <span class='ocrx_word' id='word_1_545' title='bbox 396 3218 520 3244; x_wconf 84' lang='lat' dir='ltr'><strong>auctar.</strong></span> <span class='ocrx_word' id='word_1_546' title='bbox 551 3213 700 3252; x_wconf 87' lang='lat' dir='ltr'><strong>Thucyd.</strong></span> <span class='ocrx_word' id='word_1_547' title='bbox 727 3217 751 3244; x_wconf 87' lang='lat' dir='ltr'>t.</span> <span class='ocrx_word' id='word_1_548' title='bbox 773 3210 805 3244; x_wconf 89' lang='lat'>2.</span> <span class='ocrx_word' id='word_1_549' title='bbox 834 3223 867 3254; x_wconf 87' lang='lat' dir='ltr'>p.</span> <span class='ocrx_word' id='word_1_550' title='bbox 898 3211 979 3246; x_wconf 89' lang='grc'>405.</span> 
     </span>
     <span class='ocr_line' id='line_1_70' title="bbox 91 3258 983 3302; baseline 0 -10"><span class='ocrx_word' id='word_1_551' title='bbox 91 3271 126 3289; x_wconf 77' lang='grc' dir='ltr'>ιι.</span> <span class='ocrx_word' id='word_1_552' title='bbox 147 3258 189 3289; x_wconf 82' lang='lat' dir='ltr'><strong>ad</strong></span> <span class='ocrx_word' id='word_1_553' title='bbox 205 3259 294 3290; x_wconf 82' lang='lat' dir='ltr'><strong>Xen.</strong></span> <span class='ocrx_word' id='word_1_554' title='bbox 316 3260 416 3291; x_wconf 80' lang='lat' dir='ltr'><strong>Mem.</strong></span> <span class='ocrx_word' id='word_1_555' title='bbox 436 3270 469 3300; x_wconf 88' lang='lat' dir='ltr'>p.</span> <span class='ocrx_word' id='word_1_556' title='bbox 494 3258 572 3292; x_wconf 88' lang='grc'>175.</span> <span class='ocrx_word' id='word_1_557' title='bbox 610 3260 674 3292; x_wconf 87' lang='lat' dir='ltr'>Sed</span> <span class='ocrx_word' id='word_1_558' title='bbox 691 3261 840 3291; x_wconf 88' lang='lat' dir='ltr'><strong>omnium</strong></span> <span class='ocrx_word' id='word_1_559' title='bbox 858 3262 983 3302; x_wconf 82' lang='lat' dir='ltr'><strong>optime</strong></span> 
     </span>
     <span class='ocr_line' id='line_1_71' title="bbox 43 3304 982 3348; baseline 0.002 -11.981"><span class='ocrx_word' id='word_1_560' title='bbox 34 3313 139 3342; x_wconf 54' lang='lat' dir='ltr'>gun</span> <span class='ocrx_word' id='word_1_561' title='bbox 155 3305 302 3337; x_wconf 82' lang='lat' dir='ltr'><strong>illustrat</strong></span> <span class='ocrx_word' id='word_1_562' title='bbox 318 3307 359 3338; x_wconf 80' lang='lat' dir='ltr'><strong>ad</strong></span> <span class='ocrx_word' id='word_1_563' title='bbox 376 3307 512 3339; x_wconf 85' lang='lat' dir='ltr'><strong>Anthol.</strong></span> <span class='ocrx_word' id='word_1_564' title='bbox 534 3307 602 3339; x_wconf 88' lang='lat' dir='ltr'><strong>Pal.</strong></span> <span class='ocrx_word' id='word_1_565' title='bbox 624 3304 657 3339; x_wconf 89' lang='grc'>3.</span> <span class='ocrx_word' id='word_1_566' title='bbox 677 3317 711 3348; x_wconf 84' lang='lat' dir='ltr'>p.</span> <span class='ocrx_word' id='word_1_567' title='bbox 732 3304 801 3339; x_wconf 89' lang='lat'>878</span> <span class='ocrx_word' id='word_1_568' title='bbox 817 3316 861 3338; x_wconf 83' lang='lat' dir='ltr'>ex</span> <span class='ocrx_word' id='word_1_569' title='bbox 875 3308 982 3340; x_wconf 87' lang='lat' dir='ltr'><strong>Hero-</strong></span> 
     </span>
     <span class='ocr_line' id='line_1_72' title="bbox 34 3344 984 3399; baseline 0.001 -14"><span class='ocrx_word' id='word_1_570' title='bbox 34 3347 37 3358; x_wconf 81' lang='lat'>&#39;</span> <span class='ocrx_word' id='word_1_571' title='bbox 57 3352 142 3393; x_wconf 56' lang='grc' dir='ltr'>ἶ’νῦν</span> <span class='ocrx_word' id='word_1_572' title='bbox 165 3344 193 3382; x_wconf 82' lang='grc' dir='ltr'>δ’</span> <span class='ocrx_word' id='word_1_573' title='bbox 210 3346 281 3386; x_wconf 74' lang='grc' dir='ltr'>ἔσθ’</span> <span class='ocrx_word' id='word_1_574' title='bbox 305 3352 322 3386; x_wconf 77' lang='grc' dir='ltr'><strong>ὁ</strong></span> <span class='ocrx_word' id='word_1_575' title='bbox 339 3351 483 3398; x_wconf 85' lang='grc' dir='ltr'>τλήμων</span> <span class='ocrx_word' id='word_1_576' title='bbox 503 3351 537 3386; x_wconf 88' lang='grc' dir='ltr'>ἐν</span> <span class='ocrx_word' id='word_1_577' title='bbox 564 3351 628 3386; x_wconf 88' lang='grc' dir='ltr'>τίνι</span> <span class='ocrx_word' id='word_1_578' title='bbox 647 3351 756 3399; x_wconf 80' lang='grc' dir='ltr'>σχολῇ</span> <span class='ocrx_word' id='word_1_579' title='bbox 767 3356 896 3394; x_wconf 80' lang='grc' dir='ltr'>κακοῦ;</span> <span class='ocrx_word' id='word_1_580' title='bbox 927 3355 984 3386; x_wconf 82' lang='lat' dir='ltr'>OR</span> 
     </span>
     <span class='ocr_line' id='line_1_73' title="bbox 35 3395 982 3446; baseline 0.001 -15"><span class='ocrx_word' id='word_1_581' title='bbox 35 3424 44 3437; x_wconf 80' lang='lat'>-.</span> <span class='ocrx_word' id='word_1_582' title='bbox 63 3416 81 3439; x_wconf 20' lang='lat' dir='ltr'>:st</span> <span class='ocrx_word' id='word_1_583' title='bbox 109 3395 157 3431; x_wconf 80' lang='grc' dir='ltr'>ὅτ’</span> <span class='ocrx_word' id='word_1_584' title='bbox 189 3396 224 3431; x_wconf 83' lang='grc' dir='ltr'>ἐν</span> <span class='ocrx_word' id='word_1_585' title='bbox 257 3398 354 3446; x_wconf 81' lang='grc' dir='ltr'>πόνῳ</span> <span class='ocrx_word' id='word_1_586' title='bbox 384 3398 499 3446; x_wconf 81' lang='grc' dir='ltr'>ταύτῷ</span> <span class='ocrx_word' id='word_1_587' title='bbox 528 3398 684 3445; x_wconf 81' lang='grc' dir='ltr'>βεβηκὼς</span> <span class='ocrx_word' id='word_1_588' title='bbox 715 3398 894 3446; x_wconf 82' lang='grc' dir='ltr'>τυγχάνεις</span> <span class='ocrx_word' id='word_1_589' title='bbox 927 3400 982 3432; x_wconf 85' lang='lat' dir='ltr'>OC</span> 
     </span>
     <span class='ocr_line' id='line_1_74' title="bbox 37 3450 74 3466; baseline 0.027 -1"><span class='ocrx_word' id='word_1_590' title='bbox 37 3450 47 3465; x_wconf 69' lang='lat'>1⁴</span> <span class='ocrx_word' id='word_1_591' title='bbox 70 3458 74 3466; x_wconf 77' lang='grc' dir='ltr'>ῑ</span> 
     </span>
    </p>
   </div>
   <div class='ocr_carea' id='block_1_14' title="bbox 1016 433 2039 1658">
    <p class='ocr_par' dir='ltr' id='par_1_14' title="bbox 1016 433 2039 1658">
     <span class='ocr_line' id='line_1_75' title="bbox 1018 433 2033 474; baseline 0.002 -9"><span class='ocrx_word' id='word_1_592' title='bbox 1018 451 1059 465; x_wconf 91' lang='grc'>.-</span> <span class='ocrx_word' id='word_1_593' title='bbox 1072 433 1270 474; x_wconf 81' lang='lat' dir='ltr'><strong>Sequuntur</strong></span> <span class='ocrx_word' id='word_1_594' title='bbox 1285 433 1470 464; x_wconf 81' lang='lat' dir='ltr'><strong>locutiones</strong></span> <span class='ocrx_word' id='word_1_595' title='bbox 1486 436 1639 473; x_wconf 75' lang='lat' dir='ltr'><strong>temporis</strong></span> <span class='ocrx_word' id='word_1_596' title='bbox 1654 435 1823 465; x_wconf 86' lang='lat' dir='ltr'><strong>notionem</strong></span> <span class='ocrx_word' id='word_1_597' title='bbox 1837 435 2033 467; x_wconf 77' lang='lat' dir='ltr'><strong>referentes.</strong></span> 
     </span>
     <span class='ocr_line' id='line_1_76' title="bbox 1019 477 2031 527; baseline 0 -14"><span class='ocrx_word' id='word_1_598' title='bbox 1019 479 1053 513; x_wconf 83' lang='grc' dir='ltr'>ἐν</span> <span class='ocrx_word' id='word_1_599' title='bbox 1071 478 1187 527; x_wconf 85' lang='grc' dir='ltr'>χρόνῳ</span> <span class='ocrx_word' id='word_1_600' title='bbox 1206 478 1330 525; x_wconf 78' lang='grc' dir='ltr'>μακρῷ</span> <span class='ocrx_word' id='word_1_601' title='bbox 1349 480 1408 511; x_wconf 90' lang='lat' dir='ltr'>Ph.</span> <span class='ocrx_word' id='word_1_602' title='bbox 1429 477 1510 512; x_wconf 89' lang='lat'><strong>235.</strong></span> <span class='ocrx_word' id='word_1_603' title='bbox 1531 480 1588 512; x_wconf 83' lang='lat'>00</span> <span class='ocrx_word' id='word_1_604' title='bbox 1601 478 1659 513; x_wconf 89' lang='grc'>88.</span> <span class='ocrx_word' id='word_1_605' title='bbox 1680 482 1759 512; x_wconf 89' lang='lat' dir='ltr'><strong>Ant.</strong></span> <span class='ocrx_word' id='word_1_606' title='bbox 1781 477 1861 512; x_wconf 87' lang='grc'>422.</span> <span class='ocrx_word' id='word_1_607' title='bbox 1882 482 1936 513; x_wconf 87' lang='grc' dir='ltr'>ΕΙ.</span> <span class='ocrx_word' id='word_1_608' title='bbox 1951 478 2031 513; x_wconf 88' lang='lat'><strong>322.</strong></span> 
     </span>
     <span class='ocr_line' id='line_1_77' title="bbox 1019 523 2038 575; baseline 0 -15"><span class='ocrx_word' id='word_1_609' title='bbox 1019 526 1054 560; x_wconf 80' lang='grc' dir='ltr'>ἐν</span> <span class='ocrx_word' id='word_1_610' title='bbox 1070 526 1123 572; x_wconf 84' lang='grc' dir='ltr'>τῷ</span> <span class='ocrx_word' id='word_1_611' title='bbox 1140 525 1268 572; x_wconf 81' lang='grc' dir='ltr'>μακρῷ</span> <span class='ocrx_word' id='word_1_612' title='bbox 1282 525 1398 572; x_wconf 88' lang='grc' dir='ltr'>χρόνω</span> <span class='ocrx_word' id='word_1_613' title='bbox 1424 527 1484 559; x_wconf 83' lang='grc' dir='ltr'>ΡΙ).</span> <span class='ocrx_word' id='word_1_614' title='bbox 1506 523 1586 559; x_wconf 84' lang='grc'>306.</span> <span class='ocrx_word' id='word_1_615' title='bbox 1614 526 1666 572; x_wconf 83' lang='grc' dir='ltr'>τῷ</span> <span class='ocrx_word' id='word_1_616' title='bbox 1682 525 1751 560; x_wconf 74' lang='grc' dir='ltr'>τότ’</span> <span class='ocrx_word' id='word_1_617' title='bbox 1773 526 1809 561; x_wconf 83' lang='grc' dir='ltr'>ἐν</span> <span class='ocrx_word' id='word_1_618' title='bbox 1837 527 1952 575; x_wconf 74' lang='grc' dir='ltr'>χρόνω</span> <span class='ocrx_word' id='word_1_619' title='bbox 1979 527 2038 560; x_wconf 89' lang='lat' dir='ltr'>OR</span> 
     </span>
     <span class='ocr_line' id='line_1_78' title="bbox 1018 559 2029 626; baseline 0.002 -20"><span class='ocrx_word' id='word_1_620' title='bbox 1018 571 1098 606; x_wconf 75' lang='lat'><strong>564.</strong></span> <span class='ocrx_word' id='word_1_621' title='bbox 1123 570 1223 606; x_wconf 81' lang='lat'><strong>1030.</strong></span> <span class='ocrx_word' id='word_1_622' title='bbox 1245 573 1301 606; x_wconf 89' lang='lat' dir='ltr'>oc</span> <span class='ocrx_word' id='word_1_623' title='bbox 1322 559 1423 606; x_wconf 70' lang='lat'><strong>1660.</strong></span> <span class='ocrx_word' id='word_1_624' title='bbox 1454 573 1489 607; x_wconf 56' lang='grc' dir='ltr'>ἐν</span> <span class='ocrx_word' id='word_1_625' title='bbox 1506 573 1623 626; x_wconf 58' lang='grc' dir='ltr'>χρόνῳ</span> <span class='ocrx_word' id='word_1_626' title='bbox 1639 575 1763 620; x_wconf 59' lang='grc' dir='ltr'>γνώσει</span> <span class='ocrx_word' id='word_1_627' title='bbox 1779 566 1862 608; x_wconf 64' lang='grc' dir='ltr'>τοιδέ</span> <span class='ocrx_word' id='word_1_628' title='bbox 1877 561 2029 608; x_wconf 79' lang='grc' dir='ltr'>οιι“613.</span> 
     </span>
     <span class='ocr_line' id='line_1_79' title="bbox 1021 619 2035 701; baseline 0.002 -47"><span class='ocrx_word' id='word_1_629' title='bbox 1021 620 1055 654; x_wconf 80' lang='grc' dir='ltr'>ἐν</span> <span class='ocrx_word' id='word_1_630' title='bbox 1077 620 1128 666; x_wconf 77' lang='grc' dir='ltr'>τῷ</span> <span class='ocrx_word' id='word_1_631' title='bbox 1152 620 1260 666; x_wconf 87' lang='grc' dir='ltr'>πάρος</span> <span class='ocrx_word' id='word_1_632' title='bbox 1279 619 1400 701; x_wconf 45' lang='grc' dir='ltr'>,χρόνῳ</span> <span class='ocrx_word' id='word_1_633' title='bbox 1435 621 1490 654; x_wconf 83' lang='lat' dir='ltr'>Oc</span> <span class='ocrx_word' id='word_1_634' title='bbox 1508 619 1587 654; x_wconf 76' lang='lat'><strong>501.</strong></span> <span class='ocrx_word' id='word_1_635' title='bbox 1628 622 1679 653; x_wconf 80' lang='grc' dir='ltr'>ΕΙ.</span> <span class='ocrx_word' id='word_1_636' title='bbox 1704 619 1808 669; x_wconf 71' lang='grc'>1445.</span> <span class='ocrx_word' id='word_1_637' title='bbox 1843 621 1878 655; x_wconf 83' lang='grc' dir='ltr'>ἐν</span> <span class='ocrx_word' id='word_1_638' title='bbox 1903 621 2035 668; x_wconf 78' lang='grc' dir='ltr'>ὑστέρῳ</span> 
     </span>
     <span class='ocr_line' id='line_1_80' title="bbox 1018 666 2039 715; baseline 0.002 -14"><span class='ocrx_word' id='word_1_639' title='bbox 1018 666 1133 715; x_wconf 83' lang='grc' dir='ltr'>χρόνῳ</span> <span class='ocrx_word' id='word_1_640' title='bbox 1158 669 1214 700; x_wconf 85' lang='grc' dir='ltr'>ΟΟ</span> <span class='ocrx_word' id='word_1_641' title='bbox 1232 666 1274 700; x_wconf 89' lang='grc'>61</span> <span class='ocrx_word' id='word_1_642' title='bbox 1305 694 1312 700; x_wconf 98' lang='grc'>.</span> <span class='ocrx_word' id='word_1_643' title='bbox 1340 667 1455 714; x_wconf 81' lang='grc' dir='ltr'>χρόνῳ</span> <span class='ocrx_word' id='word_1_644' title='bbox 1482 667 1516 702; x_wconf 82' lang='grc' dir='ltr'>ἐν</span> <span class='ocrx_word' id='word_1_645' title='bbox 1542 666 1673 714; x_wconf 68' lang='grc' dir='ltr'>ὑστέρῳ</span> <span class='ocrx_word' id='word_1_646' title='bbox 1697 669 1752 700; x_wconf 87' lang='lat' dir='ltr'>Tr.</span> <span class='ocrx_word' id='word_1_647' title='bbox 1776 667 1830 702; x_wconf 88' lang='lat'>18.</span> <span class='ocrx_word' id='word_1_648' title='bbox 1854 668 1889 702; x_wconf 82' lang='grc' dir='ltr'>ἐν</span> <span class='ocrx_word' id='word_1_649' title='bbox 1914 668 1979 715; x_wconf 87' lang='grc' dir='ltr'>βρα</span> <span class='ocrx_word' id='word_1_650' title='bbox 2006 672 2039 703; x_wconf 86' lang='grc' dir='ltr'>εἶ</span> 
     </span>
     <span class='ocr_line' id='line_1_81' title="bbox 1018 713 2032 762; baseline 0 -14"><span class='ocrx_word' id='word_1_651' title='bbox 1018 713 1159 761; x_wconf 81' lang='grc' dir='ltr'>κώλίγῳ</span> <span class='ocrx_word' id='word_1_652' title='bbox 1186 714 1303 762; x_wconf 85' lang='grc' dir='ltr'>χρόνῳ</span> <span class='ocrx_word' id='word_1_653' title='bbox 1330 716 1438 755; x_wconf 85' lang='lat' dir='ltr'><strong>Tynd.</strong></span> <span class='ocrx_word' id='word_1_654' title='bbox 1468 717 1508 748; x_wconf 80' lang='lat' dir='ltr'>fr.</span> <span class='ocrx_word' id='word_1_655' title='bbox 1530 713 1611 755; x_wconf 79' lang='lat'><strong>572,</strong></span> <span class='ocrx_word' id='word_1_656' title='bbox 1631 713 1664 747; x_wconf 89' lang='grc'>4.</span> <span class='ocrx_word' id='word_1_657' title='bbox 1688 714 1722 748; x_wconf 87' lang='grc' dir='ltr'>ἐν</span> <span class='ocrx_word' id='word_1_658' title='bbox 1747 727 1806 750; x_wconf 87' lang='grc' dir='ltr'>και</span> <span class='ocrx_word' id='word_1_659' title='bbox 1832 715 1862 761; x_wconf 83' lang='grc' dir='ltr'>ᾦ</span> <span class='ocrx_word' id='word_1_660' title='bbox 1878 717 1934 749; x_wconf 89' lang='lat' dir='ltr'>OC</span> <span class='ocrx_word' id='word_1_661' title='bbox 1951 715 1974 748; x_wconf 88' lang='lat'>8</span> <span class='ocrx_word' id='word_1_662' title='bbox 2026 742 2032 749; x_wconf 89' lang='lat'>.</span> 
     </span>
     <span class='ocr_line' id='line_1_82' title="bbox 1021 755 2033 809; baseline 0.001 -14"><span class='ocrx_word' id='word_1_663' title='bbox 1021 761 1055 795; x_wconf 81' lang='grc' dir='ltr'>ἐν</span> <span class='ocrx_word' id='word_1_664' title='bbox 1073 755 1102 805; x_wconf 82' lang='grc' dir='ltr'><strong>ᾧ</strong></span> <span class='ocrx_word' id='word_1_665' title='bbox 1119 761 1181 805; x_wconf 83' lang='lat' dir='ltr'><strong>(sc.</strong></span> <span class='ocrx_word' id='word_1_666' title='bbox 1202 762 1333 809; x_wconf 83' lang='grc' dir='ltr'>καιρῷ)</span> <span class='ocrx_word' id='word_1_667' title='bbox 1352 764 1407 795; x_wconf 90' lang='lat' dir='ltr'>Tr.</span> <span class='ocrx_word' id='word_1_668' title='bbox 1428 760 1508 795; x_wconf 85' lang='grc'>929.</span> <span class='ocrx_word' id='word_1_669' title='bbox 1534 761 1568 796; x_wconf 79' lang='grc' dir='ltr'>ἐν</span> <span class='ocrx_word' id='word_1_670' title='bbox 1586 761 1684 796; x_wconf 87' lang='grc' dir='ltr'>νυκτί</span> <span class='ocrx_word' id='word_1_671' title='bbox 1701 764 1781 795; x_wconf 80' lang='lat' dir='ltr'><strong>Ant.</strong></span> <span class='ocrx_word' id='word_1_672' title='bbox 1827 760 1860 795; x_wconf 88' lang='grc'>6.</span> <span class='ocrx_word' id='word_1_673' title='bbox 1883 764 1938 795; x_wconf 89' lang='lat' dir='ltr'>Tr.</span> <span class='ocrx_word' id='word_1_674' title='bbox 1955 761 2033 796; x_wconf 85' lang='grc'>149.</span> 
     </span>
     <span class='ocr_line' id='line_1_83' title="bbox 1019 805 2030 858; baseline 0.001 -16"><span class='ocrx_word' id='word_1_675' title='bbox 1019 808 1165 855; x_wconf 75' lang='grc' dir='ltr'>ἡμέραν,</span> <span class='ocrx_word' id='word_1_676' title='bbox 1193 809 1228 843; x_wconf 88' lang='grc' dir='ltr'>ἐν</span> <span class='ocrx_word' id='word_1_677' title='bbox 1247 805 1269 858; x_wconf 76' lang='grc' dir='ltr'>ᾖ</span> <span class='ocrx_word' id='word_1_678' title='bbox 1291 811 1345 842; x_wconf 84' lang='grc' dir='ltr'>ΕΙ.</span> <span class='ocrx_word' id='word_1_679' title='bbox 1367 807 1447 842; x_wconf 81' lang='grc'>278.</span> <span class='ocrx_word' id='word_1_680' title='bbox 1476 805 1554 856; x_wconf 78' lang='grc' dir='ltr'>τῇδ’</span> <span class='ocrx_word' id='word_1_681' title='bbox 1576 809 1610 842; x_wconf 86' lang='grc' dir='ltr'>έν</span> <span class='ocrx_word' id='word_1_682' title='bbox 1634 807 1752 856; x_wconf 76' lang='grc' dir='ltr'>ἡμέρᾳ</span> <span class='ocrx_word' id='word_1_683' title='bbox 1770 807 1850 842; x_wconf 82' lang='grc'>674.</span> <span class='ocrx_word' id='word_1_684' title='bbox 1873 811 1928 842; x_wconf 85' lang='lat' dir='ltr'>Tr.</span> <span class='ocrx_word' id='word_1_685' title='bbox 1950 808 2030 843; x_wconf 87' lang='grc'>740.</span> 
     </span>
     <span class='ocr_line' id='line_1_84' title="bbox 1019 853 2032 903; baseline 0 -13"><span class='ocrx_word' id='word_1_686' title='bbox 1019 857 1074 890; x_wconf 84' lang='lat' dir='ltr'>OC</span> <span class='ocrx_word' id='word_1_687' title='bbox 1094 853 1194 888; x_wconf 86' lang='lat'><strong>1612.</strong></span> <span class='ocrx_word' id='word_1_688' title='bbox 1230 856 1264 891; x_wconf 79' lang='grc' dir='ltr'>ἐν</span> <span class='ocrx_word' id='word_1_689' title='bbox 1297 856 1411 903; x_wconf 72' lang='grc' dir='ltr'>ἡμέρᾳ</span> <span class='ocrx_word' id='word_1_690' title='bbox 1446 858 1506 903; x_wconf 81' lang='grc' dir='ltr'>μιᾷ</span> <span class='ocrx_word' id='word_1_691' title='bbox 1538 858 1597 889; x_wconf 84' lang='lat' dir='ltr'>OB.</span> <span class='ocrx_word' id='word_1_692' title='bbox 1613 853 1692 888; x_wconf 84' lang='grc'>615.</span> <span class='ocrx_word' id='word_1_693' title='bbox 1731 854 1907 889; x_wconf 87' lang='grc' dir='ltr'>Ε1.1149.</span> <span class='ocrx_word' id='word_1_694' title='bbox 1932 854 2032 890; x_wconf 83' lang='grc'>1363.</span> 
     </span>
     <span class='ocr_line' id='line_1_85' title="bbox 1019 897 2030 950; baseline -0.001 -13"><span class='ocrx_word' id='word_1_695' title='bbox 1019 903 1041 948; x_wconf 86' lang='grc' dir='ltr'>ἡ</span> <span class='ocrx_word' id='word_1_696' title='bbox 1072 903 1164 949; x_wconf 85' lang='grc' dir='ltr'>έρας,</span> <span class='ocrx_word' id='word_1_697' title='bbox 1187 903 1221 937; x_wconf 85' lang='grc' dir='ltr'>ἐν</span> <span class='ocrx_word' id='word_1_698' title='bbox 1240 902 1295 942; x_wconf 79' lang='grc' dir='ltr'>αἶς</span> <span class='ocrx_word' id='word_1_699' title='bbox 1313 905 1368 937; x_wconf 81' lang='lat' dir='ltr'>OG</span> <span class='ocrx_word' id='word_1_700' title='bbox 1386 902 1466 937; x_wconf 85' lang='grc'>619.</span> <span class='ocrx_word' id='word_1_701' title='bbox 1494 903 1640 950; x_wconf 85' lang='grc' dir='ltr'>τρόχους</span> <span class='ocrx_word' id='word_1_702' title='bbox 1662 897 1791 937; x_wconf 62' lang='grc' dir='ltr'>Ἱιίλίου</span> <span class='ocrx_word' id='word_1_703' title='bbox 1811 903 1847 937; x_wconf 81' lang='grc' dir='ltr'>ἐν</span> <span class='ocrx_word' id='word_1_704' title='bbox 1863 902 1932 938; x_wconf 87' lang='grc' dir='ltr'>οἷσι</span> <span class='ocrx_word' id='word_1_705' title='bbox 1949 906 2030 937; x_wconf 80' lang='lat' dir='ltr'><strong>Ant.</strong></span> 
     </span>
     <span class='ocr_line' id='line_1_86' title="bbox 1023 949 2032 991; baseline 0.001 -8"><span class='ocrx_word' id='word_1_706' title='bbox 1023 950 1037 983; x_wconf 93' lang='lat'>1</span> <span class='ocrx_word' id='word_1_707' title='bbox 1067 949 1123 983; x_wconf 91' lang='lat'>65.</span> <span class='ocrx_word' id='word_1_708' title='bbox 1146 970 1186 975; x_wconf 88' lang='lat'>—</span> <span class='ocrx_word' id='word_1_709' title='bbox 1208 952 1277 983; x_wconf 88' lang='lat' dir='ltr'><strong>lam</strong></span> <span class='ocrx_word' id='word_1_710' title='bbox 1295 954 1404 984; x_wconf 86' lang='lat' dir='ltr'><strong>variae</strong></span> <span class='ocrx_word' id='word_1_711' title='bbox 1429 957 1510 983; x_wconf 83' lang='lat' dir='ltr'><strong>sunt</strong></span> <span class='ocrx_word' id='word_1_712' title='bbox 1527 955 1651 983; x_wconf 74' lang='lat' dir='ltr'><strong>statum</strong></span> <span class='ocrx_word' id='word_1_713' title='bbox 1676 953 1723 982; x_wconf 81' lang='lat' dir='ltr'>rei</span> <span class='ocrx_word' id='word_1_714' title='bbox 1739 952 1901 991; x_wconf 76' lang='lat' dir='ltr'><strong>yerendae</strong></span> <span class='ocrx_word' id='word_1_715' title='bbox 1917 952 2032 984; x_wconf 75' lang='lat' dir='ltr'><strong>condi-</strong></span> 
     </span>
     <span class='ocr_line' id='line_1_87' title="bbox 1019 999 2036 1040; baseline 0.002 -10"><span class='ocrx_word' id='word_1_716' title='bbox 1019 1002 1199 1039; x_wconf 74' lang='lat' dir='ltr'>tionesque,</span> <span class='ocrx_word' id='word_1_717' title='bbox 1221 1000 1344 1040; x_wconf 87' lang='lat' dir='ltr'><strong>quibus</strong></span> <span class='ocrx_word' id='word_1_718' title='bbox 1371 1001 1403 1031; x_wconf 89' lang='lat' dir='ltr'><strong>in</strong></span> <span class='ocrx_word' id='word_1_719' title='bbox 1434 999 1576 1031; x_wconf 83' lang='lat' dir='ltr'><strong>vivendo</strong></span> <span class='ocrx_word' id='word_1_720' title='bbox 1601 999 1795 1039; x_wconf 80' lang='lat' dir='ltr'><strong>agendoque</strong></span> <span class='ocrx_word' id='word_1_721' title='bbox 1821 1001 1959 1031; x_wconf 83' lang='lat' dir='ltr'><strong>obnoxii</strong></span> <span class='ocrx_word' id='word_1_722' title='bbox 1977 1000 2036 1032; x_wconf 90' lang='lat' dir='ltr'>ho-</span> 
     </span>
     <span class='ocr_line' id='line_1_88' title="bbox 1019 1043 2034 1086; baseline 0.003 -9"><span class='ocrx_word' id='word_1_723' title='bbox 1019 1048 1127 1078; x_wconf 88' lang='lat' dir='ltr'><strong>mines</strong></span> <span class='ocrx_word' id='word_1_724' title='bbox 1144 1052 1235 1086; x_wconf 74' lang='lat' dir='ltr'><strong>sunt,</strong></span> <span class='ocrx_word' id='word_1_725' title='bbox 1269 1048 1496 1086; x_wconf 79' lang='lat' dir='ltr'><strong>significantes</strong></span> <span class='ocrx_word' id='word_1_726' title='bbox 1515 1047 1709 1078; x_wconf 87' lang='lat' dir='ltr'><strong>locutiones.</strong></span> <span class='ocrx_word' id='word_1_727' title='bbox 1739 1045 1768 1079; x_wconf 81' lang='grc' dir='ltr'>εἰ</span> <span class='ocrx_word' id='word_1_728' title='bbox 1791 1043 1865 1079; x_wconf 80' lang='grc' dir='ltr'>τάδ’</span> <span class='ocrx_word' id='word_1_729' title='bbox 1892 1045 1926 1079; x_wconf 72' lang='grc' dir='ltr'>ἐν</span> <span class='ocrx_word' id='word_1_730' title='bbox 1951 1044 2034 1080; x_wconf 88' lang='grc' dir='ltr'>τού-</span> 
     </span>
     <span class='ocr_line' id='line_1_89' title="bbox 1016 1090 2028 1139; baseline 0 -13"><span class='ocrx_word' id='word_1_731' title='bbox 1016 1105 1086 1130; x_wconf 84' lang='grc' dir='ltr'>τοις</span> <span class='ocrx_word' id='word_1_732' title='bbox 1104 1095 1184 1125; x_wconf 85' lang='lat' dir='ltr'><strong>Ant.</strong></span> <span class='ocrx_word' id='word_1_733' title='bbox 1206 1091 1262 1125; x_wconf 88' lang='grc'>39.</span> <span class='ocrx_word' id='word_1_734' title='bbox 1285 1092 1320 1126; x_wconf 83' lang='grc' dir='ltr'>ἐν</span> <span class='ocrx_word' id='word_1_735' title='bbox 1343 1092 1456 1139; x_wconf 84' lang='grc' dir='ltr'>τούτῳ</span> <span class='ocrx_word' id='word_1_736' title='bbox 1474 1094 1534 1125; x_wconf 86' lang='grc' dir='ltr'>ΡΙ).</span> <span class='ocrx_word' id='word_1_737' title='bbox 1558 1090 1659 1124; x_wconf 85' lang='grc'>1078.</span> <span class='ocrx_word' id='word_1_738' title='bbox 1690 1091 1724 1126; x_wconf 77' lang='grc' dir='ltr'>ἐν</span> <span class='ocrx_word' id='word_1_739' title='bbox 1740 1091 1855 1126; x_wconf 87' lang='grc' dir='ltr'>τοῖσδε</span> <span class='ocrx_word' id='word_1_740' title='bbox 1872 1094 1931 1126; x_wconf 78' lang='grc' dir='ltr'>ΟΒ,</span> <span class='ocrx_word' id='word_1_741' title='bbox 1946 1091 2028 1134; x_wconf 87' lang='grc'>894,</span> 
     </span>
     <span class='ocr_line' id='line_1_90' title="bbox 1017 1141 2032 1182; baseline 0.002 -10"><span class='ocrx_word' id='word_1_742' title='bbox 1017 1142 1105 1182; x_wconf 88' lang='lat' dir='ltr'><strong>quod</strong></span> <span class='ocrx_word' id='word_1_743' title='bbox 1135 1141 1221 1172; x_wconf 82' lang='lat' dir='ltr'><strong>male</strong></span> <span class='ocrx_word' id='word_1_744' title='bbox 1250 1141 1389 1181; x_wconf 73' lang='lat' dir='ltr'><strong>proinde</strong></span> <span class='ocrx_word' id='word_1_745' title='bbox 1422 1142 1662 1181; x_wconf 79' lang='lat' dir='ltr'><strong>interpretatur</strong></span> <span class='ocrx_word' id='word_1_746' title='bbox 1688 1141 1811 1181; x_wconf 82' lang='lat' dir='ltr'><strong>Reisig.</strong></span> <span class='ocrx_word' id='word_1_747' title='bbox 1841 1150 1949 1174; x_wconf 88' lang='lat' dir='ltr'><strong>enarr.</strong></span> <span class='ocrx_word' id='word_1_748' title='bbox 1977 1141 2032 1174; x_wconf 82' lang='lat' dir='ltr'>OG</span> 
     </span>
     <span class='ocr_line' id='line_1_91' title="bbox 1017 1185 2033 1229; baseline 0.001 -9"><span class='ocrx_word' id='word_1_749' title='bbox 1017 1199 1050 1229; x_wconf 91' lang='lat' dir='ltr'>p.</span> <span class='ocrx_word' id='word_1_750' title='bbox 1071 1185 1127 1220; x_wconf 76' lang='lat'>64.</span> <span class='ocrx_word' id='word_1_751' title='bbox 1157 1198 1188 1219; x_wconf 82' lang='lat' dir='ltr'>v,</span> <span class='ocrx_word' id='word_1_752' title='bbox 1210 1188 1326 1220; x_wconf 80' lang='lat' dir='ltr'><strong>Stallb.</strong></span> <span class='ocrx_word' id='word_1_753' title='bbox 1347 1189 1387 1219; x_wconf 86' lang='lat' dir='ltr'><strong>ad</strong></span> <span class='ocrx_word' id='word_1_754' title='bbox 1405 1188 1489 1219; x_wconf 73' lang='lat' dir='ltr'><strong>Plar.</strong></span> <span class='ocrx_word' id='word_1_755' title='bbox 1514 1188 1647 1219; x_wconf 80' lang='lat' dir='ltr'><strong>Menex.</strong></span> <span class='ocrx_word' id='word_1_756' title='bbox 1670 1197 1702 1227; x_wconf 88' lang='lat' dir='ltr'><strong>p.</strong></span> <span class='ocrx_word' id='word_1_757' title='bbox 1724 1185 1780 1220; x_wconf 85' lang='grc'>34.</span> <span class='ocrx_word' id='word_1_758' title='bbox 1812 1186 1847 1221; x_wconf 85' lang='grc' dir='ltr'>ἐν</span> <span class='ocrx_word' id='word_1_759' title='bbox 1863 1186 2033 1226; x_wconf 82' lang='grc' dir='ltr'>τοιούτοις</span> 
     </span>
     <span class='ocr_line' id='line_1_92' title="bbox 1019 1231 2038 1280; baseline 0.001 -13"><span class='ocrx_word' id='word_1_760' title='bbox 1019 1236 1070 1267; x_wconf 78' lang='grc' dir='ltr'>ΕΙ.</span> <span class='ocrx_word' id='word_1_761' title='bbox 1093 1232 1173 1266; x_wconf 89' lang='grc'>307.</span> <span class='ocrx_word' id='word_1_762' title='bbox 1204 1233 1237 1267; x_wconf 76' lang='grc' dir='ltr'>ἐν</span> <span class='ocrx_word' id='word_1_763' title='bbox 1254 1237 1327 1272; x_wconf 90' lang='grc' dir='ltr'>τοῖς</span> <span class='ocrx_word' id='word_1_764' title='bbox 1344 1232 1511 1272; x_wconf 83' lang='grc' dir='ltr'>τοιούτοις</span> <span class='ocrx_word' id='word_1_765' title='bbox 1528 1232 1608 1266; x_wconf 88' lang='grc'>990.</span> <span class='ocrx_word' id='word_1_766' title='bbox 1630 1231 1729 1266; x_wconf 83' lang='grc'>1338.</span> <span class='ocrx_word' id='word_1_767' title='bbox 1752 1233 1851 1268; x_wconf 75' lang='grc' dir='ltr'>οὐδὲν</span> <span class='ocrx_word' id='word_1_768' title='bbox 1870 1234 1906 1268; x_wconf 80' lang='grc' dir='ltr'>έν</span> <span class='ocrx_word' id='word_1_769' title='bbox 1921 1234 2038 1280; x_wconf 83' lang='grc' dir='ltr'>ταύτῷ</span> 
     </span>
     <span class='ocr_line' id='line_1_93' title="bbox 1020 1279 2030 1328; baseline 0 -14"><span class='ocrx_word' id='word_1_770' title='bbox 1020 1281 1112 1326; x_wconf 89' lang='grc' dir='ltr'>μένει</span> <span class='ocrx_word' id='word_1_771' title='bbox 1138 1283 1227 1313; x_wconf 89' lang='lat' dir='ltr'><strong>Alet.</strong></span> <span class='ocrx_word' id='word_1_772' title='bbox 1250 1284 1290 1314; x_wconf 82' lang='lat' dir='ltr'>fr.</span> <span class='ocrx_word' id='word_1_773' title='bbox 1312 1279 1367 1321; x_wconf 83' lang='grc'>93,</span> <span class='ocrx_word' id='word_1_774' title='bbox 1390 1280 1423 1314; x_wconf 88' lang='grc'>3.</span> <span class='ocrx_word' id='word_1_775' title='bbox 1451 1280 1486 1314; x_wconf 86' lang='grc' dir='ltr'>ἐν</span> <span class='ocrx_word' id='word_1_776' title='bbox 1511 1279 1614 1328; x_wconf 79' lang='grc' dir='ltr'>ψύχει</span> <span class='ocrx_word' id='word_1_777' title='bbox 1642 1282 1701 1313; x_wconf 90' lang='lat' dir='ltr'>Ph.</span> <span class='ocrx_word' id='word_1_778' title='bbox 1724 1279 1778 1313; x_wconf 83' lang='lat'>17.</span> <span class='ocrx_word' id='word_1_779' title='bbox 1802 1281 1837 1315; x_wconf 83' lang='grc' dir='ltr'>ἐν</span> <span class='ocrx_word' id='word_1_780' title='bbox 1854 1280 1948 1328; x_wconf 79' lang='grc' dir='ltr'>θέρει</span> <span class='ocrx_word' id='word_1_781' title='bbox 1967 1280 2030 1315; x_wconf 83' lang='grc'>18;</span> 
     </span>
     <span class='ocr_line' id='line_1_94' title="bbox 1019 1329 2035 1370; baseline 0.002 -10"><span class='ocrx_word' id='word_1_782' title='bbox 1019 1339 1084 1361; x_wconf 94' lang='lat' dir='ltr'>non</span> <span class='ocrx_word' id='word_1_783' title='bbox 1110 1329 1211 1360; x_wconf 77' lang='lat' dir='ltr'><strong>hieme</strong></span> <span class='ocrx_word' id='word_1_784' title='bbox 1228 1334 1262 1360; x_wconf 80' lang='lat' dir='ltr'>et</span> <span class='ocrx_word' id='word_1_785' title='bbox 1278 1333 1410 1370; x_wconf 74' lang='lat' dir='ltr'><strong>aestate,</strong></span> <span class='ocrx_word' id='word_1_786' title='bbox 1431 1339 1621 1370; x_wconf 78' lang='lat' dir='ltr'><strong>quanquam</strong></span> <span class='ocrx_word' id='word_1_787' title='bbox 1639 1339 1677 1360; x_wconf 86' lang='lat' dir='ltr'>ea</span> <span class='ocrx_word' id='word_1_788' title='bbox 1695 1329 1927 1369; x_wconf 75' lang='lat' dir='ltr'><strong>significantur</strong></span> <span class='ocrx_word' id='word_1_789' title='bbox 1939 1355 1947 1370; x_wconf 92' lang='lat'><strong>,</strong></span> <span class='ocrx_word' id='word_1_790' title='bbox 1976 1330 2035 1362; x_wconf 86' lang='lat' dir='ltr'><strong>sed</strong></span> 
     </span>
     <span class='ocr_line' id='line_1_95' title="bbox 1018 1373 2034 1421; baseline 0.002 -13"><span class='ocrx_word' id='word_1_791' title='bbox 1018 1387 1094 1408; x_wconf 79' lang='lat' dir='ltr'>cum</span> <span class='ocrx_word' id='word_1_792' title='bbox 1117 1376 1240 1416; x_wconf 72' lang='lat' dir='ltr'><strong>friyus,</strong></span> <span class='ocrx_word' id='word_1_793' title='bbox 1268 1387 1343 1408; x_wconf 82' lang='lat' dir='ltr'>cum</span> <span class='ocrx_word' id='word_1_794' title='bbox 1360 1381 1468 1409; x_wconf 72' lang='lat' dir='ltr'><strong>aestus</strong></span> <span class='ocrx_word' id='word_1_795' title='bbox 1483 1380 1540 1408; x_wconf 82' lang='lat' dir='ltr'><strong>est.</strong></span> <span class='ocrx_word' id='word_1_796' title='bbox 1571 1375 1606 1409; x_wconf 83' lang='grc' dir='ltr'>ἐν</span> <span class='ocrx_word' id='word_1_797' title='bbox 1631 1374 1695 1421; x_wconf 85' lang='grc' dir='ltr'>βίῳ</span> <span class='ocrx_word' id='word_1_798' title='bbox 1716 1373 1794 1409; x_wconf 91' lang='grc'>182.</span> <span class='ocrx_word' id='word_1_799' title='bbox 1818 1374 1907 1409; x_wconf 90' lang='grc'>1188</span> <span class='ocrx_word' id='word_1_800' title='bbox 1925 1378 1976 1410; x_wconf 88' lang='lat' dir='ltr'>ch.</span> <span class='ocrx_word' id='word_1_801' title='bbox 1998 1375 2034 1410; x_wconf 83' lang='grc' dir='ltr'>ἐν</span> 
     </span>
     <span class='ocr_line' id='line_1_96' title="bbox 1019 1421 2030 1469; baseline -0.001 -12"><span class='ocrx_word' id='word_1_802' title='bbox 1019 1422 1155 1460; x_wconf 80' lang='grc' dir='ltr'>ὀδύναις</span> <span class='ocrx_word' id='word_1_803' title='bbox 1187 1424 1246 1454; x_wconf 89' lang='lat' dir='ltr'>Ph.</span> <span class='ocrx_word' id='word_1_804' title='bbox 1273 1421 1337 1455; x_wconf 87' lang='lat'>185</span> <span class='ocrx_word' id='word_1_805' title='bbox 1355 1425 1406 1456; x_wconf 87' lang='lat' dir='ltr'>ch.</span> <span class='ocrx_word' id='word_1_806' title='bbox 1443 1422 1559 1457; x_wconf 88' lang='grc' dir='ltr'>τοῖσδε</span> <span class='ocrx_word' id='word_1_807' title='bbox 1589 1422 1717 1468; x_wconf 82' lang='grc' dir='ltr'>μάρτυς</span> <span class='ocrx_word' id='word_1_808' title='bbox 1751 1422 1786 1456; x_wconf 86' lang='grc' dir='ltr'>ἐν</span> <span class='ocrx_word' id='word_1_809' title='bbox 1818 1421 1932 1469; x_wconf 88' lang='grc' dir='ltr'>λόγοις</span> <span class='ocrx_word' id='word_1_810' title='bbox 1949 1421 2030 1457; x_wconf 89' lang='grc'>319.</span> 
     </span>
     <span class='ocr_line' id='line_1_97' title="bbox 1018 1467 2030 1518; baseline 0 -14"><span class='ocrx_word' id='word_1_811' title='bbox 1018 1468 1270 1516; x_wconf 86' lang='grc' dir='ltr'>ἁμαρτάνουσιν</span> <span class='ocrx_word' id='word_1_812' title='bbox 1298 1469 1332 1504; x_wconf 76' lang='grc' dir='ltr'>ἐν</span> <span class='ocrx_word' id='word_1_813' title='bbox 1356 1469 1470 1517; x_wconf 83' lang='grc' dir='ltr'>λόγοις</span> <span class='ocrx_word' id='word_1_814' title='bbox 1496 1472 1551 1502; x_wconf 87' lang='lat' dir='ltr'>Ai.</span> <span class='ocrx_word' id='word_1_815' title='bbox 1577 1467 1665 1502; x_wconf 89' lang='grc'>1096</span> <span class='ocrx_word' id='word_1_816' title='bbox 1683 1472 1705 1502; x_wconf 93' lang='lat' dir='ltr'>i.</span> <span class='ocrx_word' id='word_1_817' title='bbox 1727 1481 1758 1511; x_wconf 92' lang='lat' dir='ltr'><strong>q.</strong></span> <span class='ocrx_word' id='word_1_818' title='bbox 1790 1469 1824 1504; x_wconf 84' lang='grc' dir='ltr'>ἐν</span> <span class='ocrx_word' id='word_1_819' title='bbox 1842 1472 1892 1516; x_wconf 80' lang='grc' dir='ltr'>τῷ</span> <span class='ocrx_word' id='word_1_820' title='bbox 1907 1469 2030 1518; x_wconf 83' lang='grc' dir='ltr'>λέγειν.</span> 
     </span>
     <span class='ocr_line' id='line_1_98' title="bbox 1019 1515 2031 1563; baseline 0 -13"><span class='ocrx_word' id='word_1_821' title='bbox 1019 1516 1052 1550; x_wconf 83' lang='grc' dir='ltr'>ἐν</span> <span class='ocrx_word' id='word_1_822' title='bbox 1085 1516 1175 1563; x_wconf 86' lang='grc' dir='ltr'>νόσῳ</span> <span class='ocrx_word' id='word_1_823' title='bbox 1208 1518 1268 1549; x_wconf 88' lang='grc' dir='ltr'>ΡΙ).</span> <span class='ocrx_word' id='word_1_824' title='bbox 1290 1515 1376 1559; x_wconf 82' lang='grc'>847,</span> <span class='ocrx_word' id='word_1_825' title='bbox 1414 1519 1501 1559; x_wconf 87' lang='lat' dir='ltr'><strong>quod</strong></span> <span class='ocrx_word' id='word_1_826' title='bbox 1525 1518 1603 1549; x_wconf 90' lang='lat' dir='ltr'><strong>olim</strong></span> <span class='ocrx_word' id='word_1_827' title='bbox 1630 1518 1712 1549; x_wconf 83' lang='lat' dir='ltr'><strong>falso</strong></span> <span class='ocrx_word' id='word_1_828' title='bbox 1738 1519 1963 1559; x_wconf 83' lang='lat' dir='ltr'><strong>intellectum,</strong></span> <span class='ocrx_word' id='word_1_829' title='bbox 1999 1530 2031 1550; x_wconf 88' lang='lat' dir='ltr'>v.</span> 
     </span>
     <span class='ocr_line' id='line_1_99' title="bbox 1018 1561 2033 1611; baseline 0.003 -15"><span class='ocrx_word' id='word_1_830' title='bbox 1018 1566 1134 1597; x_wconf 88' lang='lat' dir='ltr'><strong>Herm.</strong></span> <span class='ocrx_word' id='word_1_831' title='bbox 1157 1563 1191 1597; x_wconf 79' lang='grc' dir='ltr'>ἐν</span> <span class='ocrx_word' id='word_1_832' title='bbox 1218 1565 1260 1611; x_wconf 80' lang='grc' dir='ltr'>τῇ</span> <span class='ocrx_word' id='word_1_833' title='bbox 1281 1564 1372 1611; x_wconf 87' lang='grc' dir='ltr'>νόσῳ</span> <span class='ocrx_word' id='word_1_834' title='bbox 1390 1563 1466 1610; x_wconf 77' lang='grc' dir='ltr'>(ἦν)</span> <span class='ocrx_word' id='word_1_835' title='bbox 1480 1567 1532 1596; x_wconf 88' lang='lat' dir='ltr'>Ai.</span> <span class='ocrx_word' id='word_1_836' title='bbox 1555 1561 1635 1596; x_wconf 86' lang='lat'><strong>271.</strong></span> <span class='ocrx_word' id='word_1_837' title='bbox 1665 1563 1700 1598; x_wconf 82' lang='grc' dir='ltr'>έν</span> <span class='ocrx_word' id='word_1_838' title='bbox 1716 1563 1817 1611; x_wconf 74' lang='grc' dir='ltr'>χρείᾳ</span> <span class='ocrx_word' id='word_1_839' title='bbox 1833 1563 1938 1611; x_wconf 86' lang='grc' dir='ltr'>φίλης</span> <span class='ocrx_word' id='word_1_840' title='bbox 1954 1577 2033 1599; x_wconf 88' lang='grc' dir='ltr'>νευ-</span> 
     </span>
     <span class='ocr_line' id='line_1_100' title="bbox 1019 1608 2036 1658; baseline 0.001 -13"><span class='ocrx_word' id='word_1_841' title='bbox 1019 1615 1080 1657; x_wconf 89' lang='grc' dir='ltr'>ρᾶς</span> <span class='ocrx_word' id='word_1_842' title='bbox 1107 1612 1168 1644; x_wconf 84' lang='lat' dir='ltr'>Ph.</span> <span class='ocrx_word' id='word_1_843' title='bbox 1202 1610 1301 1645; x_wconf 83' lang='grc'>1004.</span> <span class='ocrx_word' id='word_1_844' title='bbox 1334 1611 1367 1645; x_wconf 75' lang='grc' dir='ltr'>ἐν</span> <span class='ocrx_word' id='word_1_845' title='bbox 1395 1610 1593 1658; x_wconf 79' lang='grc' dir='ltr'>μεταλλαγᾷ</span> <span class='ocrx_word' id='word_1_846' title='bbox 1618 1608 1709 1643; x_wconf 89' lang='grc'>1134</span> <span class='ocrx_word' id='word_1_847' title='bbox 1726 1622 1771 1645; x_wconf 91' lang='lat' dir='ltr'>m.</span> <span class='ocrx_word' id='word_1_848' title='bbox 1799 1623 1831 1644; x_wconf 84' lang='lat' dir='ltr'>V.</span> <span class='ocrx_word' id='word_1_849' title='bbox 1853 1614 1969 1644; x_wconf 86' lang='lat' dir='ltr'><strong>Herm.</strong></span> <span class='ocrx_word' id='word_1_850' title='bbox 1999 1611 2036 1646; x_wconf 79' lang='grc' dir='ltr'>ἔν</span> 
     </span>
    </p>
   </div>
   <div class='ocr_carea' id='block_1_15' title="bbox 6 1656 2035 1942">
    <p class='ocr_par' dir='ltr' id='par_1_15' title="bbox 6 1656 2035 1942">
     <span class='ocr_line' id='line_1_101' title="bbox 17 1656 2034 1706; baseline 0 -13"><span class='ocrx_word' id='word_1_851' title='bbox 17 1658 75 1705; x_wconf 58' lang='lat' dir='ltr'><strong>pue</strong></span> <span class='ocrx_word' id='word_1_852' title='bbox 92 1660 150 1692; x_wconf 78' lang='grc' dir='ltr'>ΟΒ</span> <span class='ocrx_word' id='word_1_853' title='bbox 167 1657 247 1692; x_wconf 90' lang='lat'><strong>752.</strong></span> <span class='ocrx_word' id='word_1_854' title='bbox 277 1660 323 1693; x_wconf 86' lang='grc' dir='ltr'>ὧν</span> <span class='ocrx_word' id='word_1_855' title='bbox 347 1657 493 1706; x_wconf 76' lang='grc' dir='ltr'>ἀριθμὸν</span> <span class='ocrx_word' id='word_1_856' title='bbox 521 1659 555 1693; x_wconf 84' lang='grc' dir='ltr'>ἐν</span> <span class='ocrx_word' id='word_1_857' title='bbox 580 1663 716 1705; x_wconf 83' lang='grc' dir='ltr'>νεκροῖς</span> <span class='ocrx_word' id='word_1_858' title='bbox 739 1658 897 1693; x_wconf 85' lang='grc' dir='ltr'>πλεῖστον</span> <span class='ocrx_word' id='word_1_859' title='bbox 922 1658 980 1692; x_wconf 90' lang='grc' dir='ltr'>δέ-</span> <span class='ocrx_word' id='word_1_860' title='bbox 1015 1670 1052 1692; x_wconf 88' lang='grc' dir='ltr'>τε</span> <span class='ocrx_word' id='word_1_861' title='bbox 1077 1662 1270 1704; x_wconf 82' lang='grc' dir='ltr'>συμφοραῖς</span> <span class='ocrx_word' id='word_1_862' title='bbox 1297 1657 1372 1704; x_wconf 81' lang='grc' dir='ltr'>βίου</span> <span class='ocrx_word' id='word_1_863' title='bbox 1398 1660 1456 1690; x_wconf 79' lang='grc' dir='ltr'>0Ιί</span> <span class='ocrx_word' id='word_1_864' title='bbox 1473 1657 1531 1692; x_wconf 88' lang='grc'>33.</span> <span class='ocrx_word' id='word_1_865' title='bbox 1560 1659 1595 1693; x_wconf 80' lang='grc' dir='ltr'>ἐν</span> <span class='ocrx_word' id='word_1_866' title='bbox 1621 1656 1710 1692; x_wconf 75' lang='grc' dir='ltr'>θεῶν</span> <span class='ocrx_word' id='word_1_867' title='bbox 1736 1656 1871 1705; x_wconf 83' lang='grc' dir='ltr'>εὐχαῖσι</span> <span class='ocrx_word' id='word_1_868' title='bbox 1886 1656 1968 1692; x_wconf 89' lang='grc'>239.</span> <span class='ocrx_word' id='word_1_869' title='bbox 1997 1658 2034 1693; x_wconf 81' lang='grc' dir='ltr'>ἐν</span> 
     </span>
     <span class='ocr_line' id='line_1_102' title="bbox 6 1699 2033 1754; baseline 0 -15"><span class='ocrx_word' id='word_1_870' title='bbox 6 1724 13 1731; x_wconf 83' lang='lat'><em>-</em></span> <span class='ocrx_word' id='word_1_871' title='bbox 28 1717 84 1739; x_wconf 81' lang='grc' dir='ltr'>ται</span> <span class='ocrx_word' id='word_1_872' title='bbox 100 1703 324 1754; x_wconf 86' lang='grc' dir='ltr'>Περσέφασσα</span> <span class='ocrx_word' id='word_1_873' title='bbox 341 1709 423 1740; x_wconf 83' lang='lat' dir='ltr'><strong>Ant.</strong></span> <span class='ocrx_word' id='word_1_874' title='bbox 443 1705 513 1739; x_wconf 83' lang='lat'>893</span> <span class='ocrx_word' id='word_1_875' title='bbox 531 1709 553 1739; x_wconf 92' lang='lat' dir='ltr'>i.</span> <span class='ocrx_word' id='word_1_876' title='bbox 568 1718 600 1748; x_wconf 91' lang='lat' dir='ltr'><strong>q.</strong></span> <span class='ocrx_word' id='word_1_877' title='bbox 623 1707 670 1740; x_wconf 86' lang='grc' dir='ltr'>ὦν</span> <span class='ocrx_word' id='word_1_878' title='bbox 687 1710 828 1753; x_wconf 88' lang='grc' dir='ltr'>νεκρῶν.</span> <span class='ocrx_word' id='word_1_879' title='bbox 858 1706 893 1740; x_wconf 83' lang='grc' dir='ltr'>ἐν</span> <span class='ocrx_word' id='word_1_880' title='bbox 918 1705 981 1739; x_wconf 86' lang='grc' dir='ltr'>έλ-</span> <span class='ocrx_word' id='word_1_881' title='bbox 1015 1709 1088 1744; x_wconf 86' lang='grc' dir='ltr'>τοῖς</span> <span class='ocrx_word' id='word_1_882' title='bbox 1121 1705 1273 1751; x_wconf 73' lang='grc' dir='ltr'>κέρδεσιν</span> <span class='ocrx_word' id='word_1_883' title='bbox 1299 1704 1368 1739; x_wconf 79' lang='grc'>388</span> <span class='ocrx_word' id='word_1_884' title='bbox 1391 1707 1414 1738; x_wconf 90' lang='lat' dir='ltr'>i.</span> <span class='ocrx_word' id='word_1_885' title='bbox 1436 1717 1466 1738; x_wconf 88' lang='lat' dir='ltr'>e.</span> <span class='ocrx_word' id='word_1_886' title='bbox 1489 1704 1568 1740; x_wconf 76' lang='grc' dir='ltr'>ὅταν</span> <span class='ocrx_word' id='word_1_887' title='bbox 1602 1699 1624 1752; x_wconf 73' lang='grc' dir='ltr'><strong>ᾖ</strong></span> <span class='ocrx_word' id='word_1_888' title='bbox 1652 1704 1852 1752; x_wconf 86' lang='grc' dir='ltr'>κερδαίνειν.</span> <span class='ocrx_word' id='word_1_889' title='bbox 1891 1705 1926 1740; x_wconf 86' lang='grc' dir='ltr'>ἐν</span> <span class='ocrx_word' id='word_1_890' title='bbox 1956 1709 2033 1744; x_wconf 88' lang='grc' dir='ltr'>ταῖς</span> 
     </span>
     <span class='ocr_line' id='line_1_103' title="bbox 12 1750 2035 1800; baseline 0 -13"><span class='ocrx_word' id='word_1_891' title='bbox 12 1770 19 1777; x_wconf 90' lang='grc'><em>·</em></span> <span class='ocrx_word' id='word_1_892' title='bbox 40 1764 58 1786; x_wconf 90' lang='grc' dir='ltr'>ν</span> <span class='ocrx_word' id='word_1_893' title='bbox 83 1753 200 1800; x_wconf 81' lang='grc' dir='ltr'>τρέφω</span> <span class='ocrx_word' id='word_1_894' title='bbox 217 1751 285 1787; x_wconf 88' lang='grc'>897</span> <span class='ocrx_word' id='word_1_895' title='bbox 304 1755 400 1795; x_wconf 85' lang='lat' dir='ltr'><strong>quasi</strong></span> <span class='ocrx_word' id='word_1_896' title='bbox 424 1756 508 1786; x_wconf 74' lang='lat' dir='ltr'><strong>inter</strong></span> <span class='ocrx_word' id='word_1_897' title='bbox 524 1756 667 1795; x_wconf 64' lang='lat' dir='ltr'><strong>&#39;reliquas</strong></span> <span class='ocrx_word' id='word_1_898' title='bbox 690 1764 779 1786; x_wconf 73' lang='lat' dir='ltr'><strong>meas</strong></span> <span class='ocrx_word' id='word_1_899' title='bbox 796 1763 866 1795; x_wconf 79' lang='lat' dir='ltr'><strong>spes</strong></span> <span class='ocrx_word' id='word_1_900' title='bbox 881 1756 981 1786; x_wconf 79' lang='lat' dir='ltr'><strong>etiam</strong></span> <span class='ocrx_word' id='word_1_901' title='bbox 1017 1753 1209 1800; x_wconf 78' lang='grc' dir='ltr'>ξυμφοραῖς</span> <span class='ocrx_word' id='word_1_902' title='bbox 1232 1751 1313 1786; x_wconf 88' lang='lat'><strong>515.</strong></span> <span class='ocrx_word' id='word_1_903' title='bbox 1343 1753 1378 1787; x_wconf 84' lang='grc' dir='ltr'>έν</span> <span class='ocrx_word' id='word_1_904' title='bbox 1404 1753 1518 1791; x_wconf 89' lang='grc' dir='ltr'>πόνοις</span> <span class='ocrx_word' id='word_1_905' title='bbox 1543 1751 1612 1786; x_wconf 88' lang='grc'>694</span> <span class='ocrx_word' id='word_1_906' title='bbox 1629 1753 1681 1786; x_wconf 83' lang='lat' dir='ltr'>ch.</span> <span class='ocrx_word' id='word_1_907' title='bbox 1721 1750 1809 1785; x_wconf 89' lang='lat'><strong>1205</strong></span> <span class='ocrx_word' id='word_1_908' title='bbox 1827 1754 1879 1785; x_wconf 84' lang='lat' dir='ltr'>ch.</span> <span class='ocrx_word' id='word_1_909' title='bbox 1910 1753 1945 1787; x_wconf 83' lang='grc' dir='ltr'>ἐν</span> <span class='ocrx_word' id='word_1_910' title='bbox 1963 1752 2035 1787; x_wconf 85' lang='grc' dir='ltr'>δεί-</span> 
     </span>
     <span class='ocr_line' id='line_1_104' title="bbox 14 1797 2031 1847; baseline 0.001 -16"><span class='ocrx_word' id='word_1_911' title='bbox 14 1816 18 1825; x_wconf 82' lang='lat'><em>·</em></span> <span class='ocrx_word' id='word_1_912' title='bbox 43 1802 197 1832; x_wconf 73' lang='lat' dir='ltr'><strong>cernitur.</strong></span> <span class='ocrx_word' id='word_1_913' title='bbox 225 1799 378 1847; x_wconf 81' lang='grc' dir='ltr'>γέννημα</span> <span class='ocrx_word' id='word_1_914' title='bbox 409 1805 478 1834; x_wconf 92' lang='grc' dir='ltr'>τῶν</span> <span class='ocrx_word' id='word_1_915' title='bbox 512 1799 646 1835; x_wconf 69' lang='grc' dir='ltr'>ἐκεῖθεν</span> <span class='ocrx_word' id='word_1_916' title='bbox 671 1799 735 1835; x_wconf 75' lang='grc' dir='ltr'>οὐκ</span> <span class='ocrx_word' id='word_1_917' title='bbox 761 1800 795 1834; x_wconf 84' lang='grc' dir='ltr'>έν</span> <span class='ocrx_word' id='word_1_918' title='bbox 826 1799 982 1834; x_wconf 75' lang='grc' dir='ltr'>ὑπάτοις</span> <span class='ocrx_word' id='word_1_919' title='bbox 1016 1812 1112 1838; x_wconf 88' lang='grc' dir='ltr'>πνοις</span> <span class='ocrx_word' id='word_1_920' title='bbox 1139 1797 1219 1833; x_wconf 88' lang='grc'>779.</span> <span class='ocrx_word' id='word_1_921' title='bbox 1249 1799 1284 1834; x_wconf 80' lang='grc' dir='ltr'>ἐν</span> <span class='ocrx_word' id='word_1_922' title='bbox 1311 1799 1476 1846; x_wconf 85' lang='grc' dir='ltr'>ὀνείρασιν</span> <span class='ocrx_word' id='word_1_923' title='bbox 1501 1797 1581 1834; x_wconf 91' lang='grc'>981.</span> <span class='ocrx_word' id='word_1_924' title='bbox 1612 1799 1647 1834; x_wconf 83' lang='grc' dir='ltr'>ἐν</span> <span class='ocrx_word' id='word_1_925' title='bbox 1671 1799 1783 1846; x_wconf 84' lang='grc' dir='ltr'>σκότῳ</span> <span class='ocrx_word' id='word_1_926' title='bbox 1814 1798 1915 1833; x_wconf 90' lang='grc'>1273.</span> <span class='ocrx_word' id='word_1_927' title='bbox 1948 1803 2031 1834; x_wconf 84' lang='lat' dir='ltr'><strong>Ant.</strong></span> 
     </span>
     <span class='ocr_line' id='line_1_105' title="bbox 17 1844 2032 1896; baseline 0 -17"><span class='ocrx_word' id='word_1_928' title='bbox 17 1868 27 1880; x_wconf 84' lang='lat'>.</span> <span class='ocrx_word' id='word_1_929' title='bbox 47 1844 128 1880; x_wconf 91' lang='grc'>315.</span> <span class='ocrx_word' id='word_1_930' title='bbox 155 1846 279 1883; x_wconf 83' lang='grc' dir='ltr'>καύτὸς</span> <span class='ocrx_word' id='word_1_931' title='bbox 311 1848 346 1883; x_wconf 80' lang='grc' dir='ltr'>ἐν</span> <span class='ocrx_word' id='word_1_932' title='bbox 380 1849 529 1895; x_wconf 85' lang='grc' dir='ltr'>πρώτοις</span> <span class='ocrx_word' id='word_1_933' title='bbox 563 1846 637 1882; x_wconf 82' lang='grc' dir='ltr'>ἕπει</span> <span class='ocrx_word' id='word_1_934' title='bbox 670 1849 725 1880; x_wconf 91' lang='grc' dir='ltr'>ΕΙ.</span> <span class='ocrx_word' id='word_1_935' title='bbox 744 1845 790 1881; x_wconf 91' lang='grc'>28</span> <span class='ocrx_word' id='word_1_936' title='bbox 806 1849 830 1880; x_wconf 91' lang='lat' dir='ltr'>i.</span> <span class='ocrx_word' id='word_1_937' title='bbox 852 1859 884 1889; x_wconf 88' lang='lat' dir='ltr'>q.</span> <span class='ocrx_word' id='word_1_938' title='bbox 911 1852 980 1882; x_wconf 87' lang='grc' dir='ltr'>τῶν</span> <span class='ocrx_word' id='word_1_939' title='bbox 998 1870 1001 1896; x_wconf 55' lang='grc' dir='ltr'>Ι</span> <span class='ocrx_word' id='word_1_940' title='bbox 1016 1845 1096 1880; x_wconf 80' lang='grc'>494.</span> <span class='ocrx_word' id='word_1_941' title='bbox 1127 1849 1247 1880; x_wconf 84' lang='lat' dir='ltr'><strong>Teucr.</strong></span> <span class='ocrx_word' id='word_1_942' title='bbox 1261 1849 1300 1880; x_wconf 84' lang='lat' dir='ltr'>fr.</span> <span class='ocrx_word' id='word_1_943' title='bbox 1315 1845 1395 1888; x_wconf 90' lang='lat'><strong>508,</strong></span> <span class='ocrx_word' id='word_1_944' title='bbox 1410 1845 1443 1880; x_wconf 91' lang='grc'>3.</span> <span class='ocrx_word' id='word_1_945' title='bbox 1466 1847 1500 1882; x_wconf 83' lang='grc' dir='ltr'>ἐν</span> <span class='ocrx_word' id='word_1_946' title='bbox 1513 1846 1670 1882; x_wconf 84' lang='grc' dir='ltr'>τοσοῖσδε</span> <span class='ocrx_word' id='word_1_947' title='bbox 1686 1846 1840 1892; x_wconf 79' lang='grc' dir='ltr'>πήμασιν</span> <span class='ocrx_word' id='word_1_948' title='bbox 1858 1845 2032 1881; x_wconf 81' lang='lat' dir='ltr'><strong>0R1319.</strong></span> 
     </span>
     <span class='ocr_line' id='line_1_106' title="bbox 65 1892 2035 1942; baseline 0 -15"><span class='ocrx_word' id='word_1_949' title='bbox 65 1905 112 1927; x_wconf 88' lang='grc' dir='ltr'>ων</span> <span class='ocrx_word' id='word_1_950' title='bbox 130 1892 192 1932; x_wconf 85' lang='grc' dir='ltr'>εἷς.</span> <span class='ocrx_word' id='word_1_951' title='bbox 219 1895 349 1942; x_wconf 84' lang='grc' dir='ltr'>χῶπως</span> <span class='ocrx_word' id='word_1_952' title='bbox 367 1895 428 1940; x_wconf 85' lang='grc' dir='ltr'>μὲν</span> <span class='ocrx_word' id='word_1_953' title='bbox 446 1895 481 1929; x_wconf 83' lang='grc' dir='ltr'>ἐν</span> <span class='ocrx_word' id='word_1_954' title='bbox 499 1893 659 1929; x_wconf 88' lang='grc' dir='ltr'>πολλοῖσι</span> <span class='ocrx_word' id='word_1_955' title='bbox 681 1894 798 1942; x_wconf 81' lang='grc' dir='ltr'>παῦρά</span> <span class='ocrx_word' id='word_1_956' title='bbox 815 1906 867 1928; x_wconf 91' lang='grc' dir='ltr'>σοι</span> <span class='ocrx_word' id='word_1_957' title='bbox 889 1893 981 1942; x_wconf 89' lang='grc' dir='ltr'>λέγω</span> <span class='ocrx_word' id='word_1_958' title='bbox 998 1899 1002 1933; x_wconf 78' lang='grc' dir='ltr'>Ι</span> <span class='ocrx_word' id='word_1_959' title='bbox 1018 1893 1112 1929; x_wconf 84' lang='grc' dir='ltr'>ὁδοῖς</span> <span class='ocrx_word' id='word_1_960' title='bbox 1130 1894 1164 1929; x_wconf 83' lang='grc' dir='ltr'>ἐν</span> <span class='ocrx_word' id='word_1_961' title='bbox 1181 1894 1299 1929; x_wconf 86' lang='grc' dir='ltr'>ταῖσδε</span> <span class='ocrx_word' id='word_1_962' title='bbox 1314 1895 1369 1927; x_wconf 85' lang='lat' dir='ltr'>Oc</span> <span class='ocrx_word' id='word_1_963' title='bbox 1384 1893 1453 1927; x_wconf 89' lang='grc'>554</span> <span class='ocrx_word' id='word_1_964' title='bbox 1470 1905 1536 1927; x_wconf 91' lang='lat' dir='ltr'>non</span> <span class='ocrx_word' id='word_1_965' title='bbox 1555 1897 1591 1927; x_wconf 78' lang='lat' dir='ltr'><strong>in</strong></span> <span class='ocrx_word' id='word_1_966' title='bbox 1607 1895 1667 1927; x_wconf 81' lang='lat' dir='ltr'>hac</span> <span class='ocrx_word' id='word_1_967' title='bbox 1683 1897 1750 1935; x_wconf 80' lang='lat' dir='ltr'><strong>via,</strong></span> <span class='ocrx_word' id='word_1_968' title='bbox 1773 1895 1832 1927; x_wconf 86' lang='lat' dir='ltr'>sed</span> <span class='ocrx_word' id='word_1_969' title='bbox 1849 1897 1885 1927; x_wconf 75' lang='lat' dir='ltr'><strong>in</strong></span> <span class='ocrx_word' id='word_1_970' title='bbox 1903 1896 1962 1928; x_wconf 79' lang='lat' dir='ltr'>hae</span> <span class='ocrx_word' id='word_1_971' title='bbox 1978 1897 2035 1927; x_wconf 83' lang='lat' dir='ltr'><strong>via</strong></span> 
     </span>
    </p>
   </div>
   <div class='ocr_carea' id='block_1_16' title="bbox 1017 1939 2034 2084">
    <p class='ocr_par' dir='ltr' id='par_1_16' title="bbox 1017 1939 2034 2084">
     <span class='ocr_line' id='line_1_107' title="bbox 1017 1939 2034 1987; baseline 0.002 -13"><span class='ocrx_word' id='word_1_972' title='bbox 1017 1943 1190 1983; x_wconf 81' lang='lat' dir='ltr'><strong>facienda,</strong></span> <span class='ocrx_word' id='word_1_973' title='bbox 1219 1953 1295 1974; x_wconf 88' lang='lat' dir='ltr'><strong>cum</strong></span> <span class='ocrx_word' id='word_1_974' title='bbox 1319 1942 1385 1975; x_wconf 89' lang='lat' dir='ltr'><strong>huc</strong></span> <span class='ocrx_word' id='word_1_975' title='bbox 1407 1945 1577 1983; x_wconf 79' lang='lat' dir='ltr'><strong>profectus</strong></span> <span class='ocrx_word' id='word_1_976' title='bbox 1601 1952 1721 1974; x_wconf 82' lang='lat' dir='ltr'><strong>essem.</strong></span> <span class='ocrx_word' id='word_1_977' title='bbox 1752 1940 1792 1975; x_wconf 80' lang='grc' dir='ltr'>ἔα</span> <span class='ocrx_word' id='word_1_978' title='bbox 1816 1939 1851 1987; x_wconf 80' lang='grc' dir='ltr'>μ’</span> <span class='ocrx_word' id='word_1_979' title='bbox 1884 1940 1919 1976; x_wconf 85' lang='grc' dir='ltr'>έν</span> <span class='ocrx_word' id='word_1_980' title='bbox 1945 1940 2034 1977; x_wconf 82' lang='grc' dir='ltr'>οἶσιν</span> 
     </span>
     <span class='ocr_line' id='line_1_108' title="bbox 1017 1983 2033 2070; baseline 0 -47"><span class='ocrx_word' id='word_1_981' title='bbox 1017 1989 1178 2070; x_wconf 47' lang='grc' dir='ltr'>ήὲἒάμᾶν</span> <span class='ocrx_word' id='word_1_982' title='bbox 1188 1987 1365 2070; x_wconf 54' lang='grc' dir='ltr'>οἳῦἒί5.ί</span> <span class='ocrx_word' id='word_1_983' title='bbox 1386 1988 1420 2023; x_wconf 81' lang='grc' dir='ltr'>ἐν</span> <span class='ocrx_word' id='word_1_984' title='bbox 1446 1987 1504 2045; x_wconf 42' lang='grc' dir='ltr'>οἷς·</span> <span class='ocrx_word' id='word_1_985' title='bbox 1524 1983 1656 2069; x_wconf 55' lang='grc' dir='ltr'>μάλισέ</span> <span class='ocrx_word' id='word_1_986' title='bbox 1685 1985 1732 2060; x_wconf 63' lang='grc' dir='ltr'>ὄίνΞ</span> <span class='ocrx_word' id='word_1_987' title='bbox 1759 1987 1902 2046; x_wconf 76' lang='grc' dir='ltr'>ἀλγοίην</span> <span class='ocrx_word' id='word_1_988' title='bbox 1927 1987 2033 2070; x_wconf 51' lang='grc' dir='ltr'>ιξίἓούς</span> 
     </span>
     <span class='ocr_line' id='line_1_109' title="bbox 1091 2046 2032 2084; baseline 0.002 -15"><span class='ocrx_word' id='word_1_989' title='bbox 1091 2062 1098 2069; x_wconf 91' lang='grc'>.</span> <span class='ocrx_word' id='word_1_990' title='bbox 1225 2048 1241 2074; x_wconf 95' lang='grc' dir='ltr'>ς</span> <span class='ocrx_word' id='word_1_991' title='bbox 1311 2048 1350 2083; x_wconf 91' lang='grc' dir='ltr'>γο</span> <span class='ocrx_word' id='word_1_992' title='bbox 1366 2047 1409 2082; x_wconf 89' lang='grc' dir='ltr'>ην</span> <span class='ocrx_word' id='word_1_993' title='bbox 1433 2046 1623 2077; x_wconf 79' lang='lat' dir='ltr'><strong>coniungen</strong></span> <span class='ocrx_word' id='word_1_994' title='bbox 1647 2047 1677 2069; x_wconf 88' lang='lat' dir='ltr'>a.</span> <span class='ocrx_word' id='word_1_995' title='bbox 1719 2047 1753 2069; x_wconf 64' lang='grc' dir='ltr'>,ν</span> <span class='ocrx_word' id='word_1_996' title='bbox 1778 2047 1830 2083; x_wconf 87' lang='grc' dir='ltr'>τῳ</span> <span class='ocrx_word' id='word_1_997' title='bbox 1848 2048 1908 2071; x_wconf 88' lang='grc' dir='ltr'>νυν</span> <span class='ocrx_word' id='word_1_998' title='bbox 1980 2049 2032 2084; x_wconf 87' lang='grc' dir='ltr'>γῳ</span> 
     </span>
    </p>
   </div>
   <div class='ocr_carea' id='block_1_17' title="bbox 13 2081 2035 2366">
    <p class='ocr_par' dir='ltr' id='par_1_17' title="bbox 13 2081 2035 2366">
     <span class='ocr_line' id='line_1_110' title="bbox 13 2081 2033 2132; baseline 0.002 -18"><span class='ocrx_word' id='word_1_999' title='bbox 13 2087 15 2091; x_wconf 71' lang='grc'><strong>”</strong></span> <span class='ocrx_word' id='word_1_1000' title='bbox 36 2086 289 2124; x_wconf 68' lang='lat' dir='ltr'><strong>opportunitatis</strong></span> <span class='ocrx_word' id='word_1_1001' title='bbox 301 2088 331 2116; x_wconf 82' lang='lat' dir='ltr'><strong>et</strong></span> <span class='ocrx_word' id='word_1_1002' title='bbox 347 2086 459 2126; x_wconf 78' lang='lat' dir='ltr'><strong>copiae</strong></span> <span class='ocrx_word' id='word_1_1003' title='bbox 475 2085 609 2116; x_wconf 88' lang='lat' dir='ltr'><strong>vinculo</strong></span> <span class='ocrx_word' id='word_1_1004' title='bbox 624 2086 795 2126; x_wconf 77' lang='lat' dir='ltr'><strong>copulatae</strong></span> <span class='ocrx_word' id='word_1_1005' title='bbox 806 2085 976 2124; x_wconf 84' lang='lat' dir='ltr'><strong>dicuntur,</strong></span> <span class='ocrx_word' id='word_1_1006' title='bbox 1017 2082 1098 2117; x_wconf 90' lang='lat'><strong>801.</strong></span> <span class='ocrx_word' id='word_1_1007' title='bbox 1128 2082 1163 2117; x_wconf 81' lang='grc' dir='ltr'>ἐν</span> <span class='ocrx_word' id='word_1_1008' title='bbox 1179 2082 1294 2117; x_wconf 91' lang='grc' dir='ltr'>τοῖσδε</span> <span class='ocrx_word' id='word_1_1009' title='bbox 1310 2082 1466 2130; x_wconf 89' lang='grc' dir='ltr'>γάμοισιν</span> <span class='ocrx_word' id='word_1_1010' title='bbox 1480 2082 1561 2117; x_wconf 89' lang='grc'>988.</span> <span class='ocrx_word' id='word_1_1011' title='bbox 1583 2083 1618 2117; x_wconf 78' lang='grc' dir='ltr'>ἐν</span> <span class='ocrx_word' id='word_1_1012' title='bbox 1636 2081 1812 2132; x_wconf 79' lang='grc' dir='ltr'>ἀφροσύνῃ</span> <span class='ocrx_word' id='word_1_1013' title='bbox 1829 2081 2033 2122; x_wconf 73' lang='grc' dir='ltr'>καθελόντες</span> 
     </span>
     <span class='ocr_line' id='line_1_111' title="bbox 25 2128 2034 2178; baseline 0.004 -21"><span class='ocrx_word' id='word_1_1014' title='bbox 25 2144 63 2158; x_wconf 36' lang='lat' dir='ltr'>..n</span> <span class='ocrx_word' id='word_1_1015' title='bbox 96 2134 136 2162; x_wconf 84' lang='lat' dir='ltr'><strong>ut</strong></span> <span class='ocrx_word' id='word_1_1016' title='bbox 159 2132 195 2162; x_wconf 91' lang='lat' dir='ltr'><strong>in</strong></span> <span class='ocrx_word' id='word_1_1017' title='bbox 219 2133 322 2163; x_wconf 87' lang='lat' dir='ltr'><strong>altera</strong></span> <span class='ocrx_word' id='word_1_1018' title='bbox 344 2133 454 2172; x_wconf 83' lang='lat' dir='ltr'><strong>posita</strong></span> <span class='ocrx_word' id='word_1_1019' title='bbox 477 2142 551 2164; x_wconf 87' lang='lat' dir='ltr'><strong>esse</strong></span> <span class='ocrx_word' id='word_1_1020' title='bbox 578 2133 630 2163; x_wconf 86' lang='lat' dir='ltr'>vel</span> <span class='ocrx_word' id='word_1_1021' title='bbox 654 2132 785 2164; x_wconf 83' lang='lat' dir='ltr'><strong>ostendi</strong></span> <span class='ocrx_word' id='word_1_1022' title='bbox 813 2132 977 2163; x_wconf 80' lang='lat' dir='ltr'><strong>videatur.</strong></span> <span class='ocrx_word' id='word_1_1023' title='bbox 1017 2133 1099 2164; x_wconf 86' lang='lat' dir='ltr'><strong>Ant.</strong></span> <span class='ocrx_word' id='word_1_1024' title='bbox 1129 2128 1198 2164; x_wconf 88' lang='lat'>383</span> <span class='ocrx_word' id='word_1_1025' title='bbox 1216 2141 1270 2163; x_wconf 80' lang='lat' dir='ltr'>an.</span> <span class='ocrx_word' id='word_1_1026' title='bbox 1301 2129 1398 2177; x_wconf 85' lang='grc' dir='ltr'>δορὸς</span> <span class='ocrx_word' id='word_1_1027' title='bbox 1425 2130 1460 2165; x_wconf 85' lang='grc' dir='ltr'>ἐν</span> <span class='ocrx_word' id='word_1_1028' title='bbox 1483 2136 1630 2177; x_wconf 87' lang='grc' dir='ltr'>χειμῶνι</span> <span class='ocrx_word' id='word_1_1029' title='bbox 1652 2128 1732 2163; x_wconf 91' lang='grc'>670.</span> <span class='ocrx_word' id='word_1_1030' title='bbox 1762 2129 1798 2164; x_wconf 82' lang='grc' dir='ltr'>ἐν</span> <span class='ocrx_word' id='word_1_1031' title='bbox 1823 2133 1945 2178; x_wconf 82' lang='grc' dir='ltr'>φοναῖς</span> <span class='ocrx_word' id='word_1_1032' title='bbox 1969 2142 2034 2165; x_wconf 87' lang='grc' dir='ltr'>πε-</span> 
     </span>
     <span class='ocr_line' id='line_1_112' title="bbox 18 2174 2032 2225; baseline 0.001 -14"><span class='ocrx_word' id='word_1_1033' title='bbox 18 2179 126 2211; x_wconf 69' lang='grc' dir='ltr'>ντεῖαι</span> <span class='ocrx_word' id='word_1_1034' title='bbox 151 2175 280 2224; x_wconf 84' lang='grc' dir='ltr'>βροτῶν</span> <span class='ocrx_word' id='word_1_1035' title='bbox 299 2176 362 2212; x_wconf 86' lang='grc' dir='ltr'>οὐκ</span> <span class='ocrx_word' id='word_1_1036' title='bbox 378 2177 461 2212; x_wconf 83' lang='grc' dir='ltr'>εἰσὶν</span> <span class='ocrx_word' id='word_1_1037' title='bbox 479 2177 514 2212; x_wconf 85' lang='grc' dir='ltr'>ἐν</span> <span class='ocrx_word' id='word_1_1038' title='bbox 540 2177 662 2212; x_wconf 88' lang='grc' dir='ltr'>δεινοῖς</span> <span class='ocrx_word' id='word_1_1039' title='bbox 680 2176 822 2224; x_wconf 85' lang='grc' dir='ltr'>ὀνείροις</span> <span class='ocrx_word' id='word_1_1040' title='bbox 839 2180 890 2210; x_wconf 86' lang='grc' dir='ltr'>ΕΙ.</span> <span class='ocrx_word' id='word_1_1041' title='bbox 913 2175 982 2210; x_wconf 88' lang='grc'>500</span> <span class='ocrx_word' id='word_1_1042' title='bbox 1017 2183 1136 2212; x_wconf 87' lang='grc' dir='ltr'>πτῶτα</span> <span class='ocrx_word' id='word_1_1043' title='bbox 1153 2174 1233 2210; x_wconf 90' lang='grc'>696.</span> <span class='ocrx_word' id='word_1_1044' title='bbox 1263 2176 1457 2212; x_wconf 85' lang='grc' dir='ltr'>ἀπελύσατο</span> <span class='ocrx_word' id='word_1_1045' title='bbox 1472 2177 1507 2211; x_wconf 84' lang='grc' dir='ltr'>ἐν</span> <span class='ocrx_word' id='word_1_1046' title='bbox 1525 2180 1646 2225; x_wconf 87' lang='grc' dir='ltr'>φοναῖς</span> <span class='ocrx_word' id='word_1_1047' title='bbox 1663 2175 1764 2210; x_wconf 88' lang='grc'>1314.</span> <span class='ocrx_word' id='word_1_1048' title='bbox 1784 2182 1853 2211; x_wconf 91' lang='grc' dir='ltr'>τῶν</span> <span class='ocrx_word' id='word_1_1049' title='bbox 1873 2176 2032 2225; x_wconf 79' lang='grc' dir='ltr'>μεγάλων</span> 
     </span>
     <span class='ocr_line' id='line_1_113' title="bbox 30 2222 2034 2306; baseline 0 -0.994"><span class='ocrx_word' id='word_1_1050' title='bbox 30 2240 34 2244; x_wconf 87' lang='lat'><em>·</em></span> <span class='ocrx_word' id='word_1_1051' title='bbox 49 2222 84 2258; x_wconf 72' lang='grc' dir='ltr'>ι</span> <span class='ocrx_word' id='word_1_1052' title='bbox 566 2223 981 2305; x_wconf 42' lang='lat' dir='ltr'><strong>eumue-..51</strong></span> <span class='ocrx_word' id='word_1_1053' title='bbox 1016 2223 1238 2306; x_wconf 61' lang='grc' dir='ltr'>ιιιιιι</span> <span class='ocrx_word' id='word_1_1054' title='bbox 1253 2223 1313 2306; x_wconf 63' lang='grc' dir='ltr'>ιι.</span> <span class='ocrx_word' id='word_1_1055' title='bbox 1554 2222 1779 2305; x_wconf 54' lang='grc' dir='ltr'>ιιι-ιιι</span> <span class='ocrx_word' id='word_1_1056' title='bbox 1800 2223 2034 2306; x_wconf 54' lang='lat' dir='ltr'>amam</span> 
     </span>
     <span class='ocr_line' id='line_1_114' title="bbox 343 2271 2035 2366; baseline 0.001 -14"><span class='ocrx_word' id='word_1_1057' title='bbox 343 2282 669 2366; x_wconf 35' lang='grc' dir='ltr'>ἓξῖέγεζῗξιέκζᾌν</span> <span class='ocrx_word' id='word_1_1058' title='bbox 688 2318 806 2365; x_wconf 86' lang='grc' dir='ltr'>λάβοις</span> <span class='ocrx_word' id='word_1_1059' title='bbox 822 2318 866 2353; x_wconf 84' lang='grc' dir='ltr'>τὰ.</span> <span class='ocrx_word' id='word_1_1060' title='bbox 881 2283 981 2352; x_wconf 45' lang='lat' dir='ltr'><strong>{llei-</strong></span> <span class='ocrx_word' id='word_1_1061' title='bbox 1017 2285 1109 2366; x_wconf 52' lang='grc' dir='ltr'>τοιΐῇ</span> <span class='ocrx_word' id='word_1_1062' title='bbox 1129 2284 1235 2359; x_wconf 52' lang='grc' dir='ltr'>Εύλόζξ</span> <span class='ocrx_word' id='word_1_1063' title='bbox 1258 2284 1315 2352; x_wconf 57' lang='lat' dir='ltr'><strong>Tyr.</strong></span> <span class='ocrx_word' id='word_1_1064' title='bbox 1335 2284 1404 2352; x_wconf 53' lang='lat'><strong>‘7³60</strong></span> <span class='ocrx_word' id='word_1_1065' title='bbox 1427 2271 1757 2365; x_wconf 41' lang='grc' dir='ltr'>ἰ’.]ο.ὗῗτεμύοῒένου.</span> <span class='ocrx_word' id='word_1_1066' title='bbox 1795 2299 1838 2352; x_wconf 68' lang='grc' dir='ltr'>ἐνι</span> <span class='ocrx_word' id='word_1_1067' title='bbox 1857 2298 2035 2354; x_wconf 74' lang='grc' dir='ltr'>δυσαπαλ-</span> 
     </span>
    </p>
   </div>
   <div class='ocr_carea' id='block_1_18' title="bbox 1017 2363 2035 2695">
    <p class='ocr_par' dir='ltr' id='par_1_18' title="bbox 1017 2363 2035 2695">
     <span class='ocr_line' id='line_1_115' title="bbox 1017 2363 2031 2414; baseline -0.001 -13"><span class='ocrx_word' id='word_1_1068' title='bbox 1017 2366 1158 2404; x_wconf 87' lang='grc' dir='ltr'>λάκτοις</span> <span class='ocrx_word' id='word_1_1069' title='bbox 1180 2364 1314 2403; x_wconf 80' lang='grc' dir='ltr'>ὀδύναις</span> <span class='ocrx_word' id='word_1_1070' title='bbox 1332 2363 1400 2399; x_wconf 89' lang='grc'>960</span> <span class='ocrx_word' id='word_1_1071' title='bbox 1418 2368 1469 2399; x_wconf 88' lang='lat' dir='ltr'>ch.</span> <span class='ocrx_word' id='word_1_1072' title='bbox 1499 2366 1534 2400; x_wconf 82' lang='grc' dir='ltr'>ἐν</span> <span class='ocrx_word' id='word_1_1073' title='bbox 1558 2365 1611 2404; x_wconf 80' lang='grc' dir='ltr'>οἷς</span> <span class='ocrx_word' id='word_1_1074' title='bbox 1627 2365 1760 2414; x_wconf 88' lang='grc' dir='ltr'>χαίρειν</span> <span class='ocrx_word' id='word_1_1075' title='bbox 1777 2364 1950 2413; x_wconf 73' lang='grc' dir='ltr'>προθυμεῖ</span> <span class='ocrx_word' id='word_1_1076' title='bbox 1966 2365 2031 2401; x_wconf 81' lang='grc' dir='ltr'>κάν</span> 
     </span>
     <span class='ocr_line' id='line_1_116' title="bbox 1018 2410 2035 2460; baseline -0.002 -12"><span class='ocrx_word' id='word_1_1077' title='bbox 1018 2413 1109 2452; x_wconf 77' lang='grc' dir='ltr'>ὅτοις</span> <span class='ocrx_word' id='word_1_1078' title='bbox 1136 2412 1253 2460; x_wconf 77' lang='grc' dir='ltr'>ἀλγεῖς</span> <span class='ocrx_word' id='word_1_1079' title='bbox 1278 2410 1390 2459; x_wconf 85' lang='grc' dir='ltr'>μάτην</span> <span class='ocrx_word' id='word_1_1080' title='bbox 1419 2412 1508 2446; x_wconf 88' lang='grc'>1118</span> <span class='ocrx_word' id='word_1_1081' title='bbox 1525 2425 1574 2456; x_wconf 91' lang='lat' dir='ltr'>sq.</span> <span class='ocrx_word' id='word_1_1082' title='bbox 1604 2412 1639 2446; x_wconf 80' lang='grc' dir='ltr'>ἐν</span> <span class='ocrx_word' id='word_1_1083' title='bbox 1664 2412 1717 2451; x_wconf 82' lang='grc' dir='ltr'>οἷς</span> <span class='ocrx_word' id='word_1_1084' title='bbox 1750 2416 1810 2448; x_wconf 84' lang='grc' dir='ltr'>νῦν</span> <span class='ocrx_word' id='word_1_1085' title='bbox 1836 2412 1925 2447; x_wconf 83' lang='grc' dir='ltr'>ἐστίν</span> <span class='ocrx_word' id='word_1_1086' title='bbox 1942 2411 2035 2447; x_wconf 90' lang='grc'>1122</span> 
     </span>
     <span class='ocr_line' id='line_1_117' title="bbox 1017 2458 2028 2507; baseline 0 -13"><span class='ocrx_word' id='word_1_1087' title='bbox 1017 2472 1079 2503; x_wconf 85' lang='lat' dir='ltr'>quo</span> <span class='ocrx_word' id='word_1_1088' title='bbox 1095 2471 1205 2493; x_wconf 76' lang='lat' dir='ltr'><strong>rerum</strong></span> <span class='ocrx_word' id='word_1_1089' title='bbox 1220 2464 1310 2493; x_wconf 77' lang='lat' dir='ltr'><strong>statu</strong></span> <span class='ocrx_word' id='word_1_1090' title='bbox 1326 2463 1378 2492; x_wconf 77' lang='lat' dir='ltr'><strong>sit.</strong></span> <span class='ocrx_word' id='word_1_1091' title='bbox 1408 2460 1443 2495; x_wconf 80' lang='grc' dir='ltr'>ἐν</span> <span class='ocrx_word' id='word_1_1092' title='bbox 1465 2461 1516 2507; x_wconf 82' lang='grc' dir='ltr'>τῷ</span> <span class='ocrx_word' id='word_1_1093' title='bbox 1535 2460 1604 2507; x_wconf 89' lang='grc' dir='ltr'>πρά</span> <span class='ocrx_word' id='word_1_1094' title='bbox 1627 2472 1734 2506; x_wconf 89' lang='grc' dir='ltr'>ματος</span> <span class='ocrx_word' id='word_1_1095' title='bbox 1750 2463 1854 2507; x_wconf 88' lang='grc' dir='ltr'>κυροῖ</span> <span class='ocrx_word' id='word_1_1096' title='bbox 1871 2462 1926 2493; x_wconf 88' lang='lat' dir='ltr'>Ai.</span> <span class='ocrx_word' id='word_1_1097' title='bbox 1948 2458 2028 2494; x_wconf 87' lang='grc'>314.</span> 
     </span>
     <span class='ocr_line' id='line_1_118' title="bbox 1019 2505 2032 2556; baseline 0 -15"><span class='ocrx_word' id='word_1_1098' title='bbox 1019 2507 1054 2543; x_wconf 81' lang='grc' dir='ltr'>ἐν</span> <span class='ocrx_word' id='word_1_1099' title='bbox 1089 2506 1196 2542; x_wconf 80' lang='grc' dir='ltr'>δαΐοις</span> <span class='ocrx_word' id='word_1_1100' title='bbox 1226 2505 1386 2553; x_wconf 78' lang='grc' dir='ltr'>ἄτρεστον</span> <span class='ocrx_word' id='word_1_1101' title='bbox 1420 2507 1549 2556; x_wconf 83' lang='grc' dir='ltr'>μάχαις</span> <span class='ocrx_word' id='word_1_1102' title='bbox 1575 2505 1596 2540; x_wconf 91' lang='grc'>3</span> <span class='ocrx_word' id='word_1_1103' title='bbox 1623 2507 1705 2540; x_wconf 89' lang='lat' dir='ltr'>5m.</span> <span class='ocrx_word' id='word_1_1104' title='bbox 1740 2507 1775 2541; x_wconf 82' lang='grc' dir='ltr'>ἐν</span> <span class='ocrx_word' id='word_1_1105' title='bbox 1809 2506 1926 2554; x_wconf 81' lang='grc' dir='ltr'>λυγρῷ</span> <span class='ocrx_word' id='word_1_1106' title='bbox 1990 2519 2032 2555; x_wconf 77' lang='grc' dir='ltr'>ρᾳ</span> 
     </span>
     <span class='ocr_line' id='line_1_119' title="bbox 1017 2552 2029 2634; baseline 0.001 -47"><span class='ocrx_word' id='word_1_1107' title='bbox 1017 2553 1098 2588; x_wconf 87' lang='grc'>506.</span> <span class='ocrx_word' id='word_1_1108' title='bbox 1127 2554 1162 2588; x_wconf 75' lang='grc' dir='ltr'>ἐν</span> <span class='ocrx_word' id='word_1_1109' title='bbox 1188 2553 1381 2601; x_wconf 80' lang='grc' dir='ltr'>Ευναλλαγῂ</span> <span class='ocrx_word' id='word_1_1110' title='bbox 1407 2552 1511 2602; x_wconf 89' lang='grc' dir='ltr'>λόγου</span> <span class='ocrx_word' id='word_1_1111' title='bbox 1535 2553 1614 2588; x_wconf 89' lang='grc'>732.</span> <span class='ocrx_word' id='word_1_1112' title='bbox 1644 2554 1678 2589; x_wconf 78' lang='grc' dir='ltr'>ἐν</span> <span class='ocrx_word' id='word_1_1113' title='bbox 1692 2554 1800 2634; x_wconf 56' lang='grc' dir='ltr'>νχρείᾳ</span> <span class='ocrx_word' id='word_1_1114' title='bbox 1824 2553 1923 2602; x_wconf 83' lang='grc' dir='ltr'>δορός</span> <span class='ocrx_word' id='word_1_1115' title='bbox 1949 2554 1970 2589; x_wconf 88' lang='grc'>9</span> <span class='ocrx_word' id='word_1_1116' title='bbox 1995 2554 2029 2588; x_wconf 88' lang='grc'>3.</span> 
     </span>
     <span class='ocr_line' id='line_1_120' title="bbox 1018 2599 2032 2650; baseline 0.001 -14"><span class='ocrx_word' id='word_1_1117' title='bbox 1018 2602 1052 2636; x_wconf 85' lang='grc' dir='ltr'>ἐν</span> <span class='ocrx_word' id='word_1_1118' title='bbox 1070 2601 1202 2636; x_wconf 87' lang='grc' dir='ltr'>πόνοισι</span> <span class='ocrx_word' id='word_1_1119' title='bbox 1218 2600 1318 2635; x_wconf 88' lang='grc'>1007.</span> <span class='ocrx_word' id='word_1_1120' title='bbox 1342 2601 1377 2635; x_wconf 83' lang='grc' dir='ltr'>ἐν</span> <span class='ocrx_word' id='word_1_1121' title='bbox 1394 2601 1485 2649; x_wconf 80' lang='grc' dir='ltr'>γήρᾳ</span> <span class='ocrx_word' id='word_1_1122' title='bbox 1499 2601 1604 2648; x_wconf 86' lang='grc' dir='ltr'>βαρύς</span> <span class='ocrx_word' id='word_1_1123' title='bbox 1623 2599 1687 2635; x_wconf 94' lang='grc'>101</span> <span class='ocrx_word' id='word_1_1124' title='bbox 1718 2628 1724 2634; x_wconf 92' lang='grc'>.</span> <span class='ocrx_word' id='word_1_1125' title='bbox 1747 2601 1781 2635; x_wconf 85' lang='grc' dir='ltr'>έν</span> <span class='ocrx_word' id='word_1_1126' title='bbox 1798 2601 1910 2648; x_wconf 84' lang='grc' dir='ltr'>τροπῇ</span> <span class='ocrx_word' id='word_1_1127' title='bbox 1933 2602 2032 2650; x_wconf 80' lang='grc' dir='ltr'>δορός</span> 
     </span>
     <span class='ocr_line' id='line_1_121' title="bbox 1020 2647 2032 2695; baseline 0.001 -14"><span class='ocrx_word' id='word_1_1128' title='bbox 1020 2647 1120 2682; x_wconf 89' lang='grc'>1275.</span> <span class='ocrx_word' id='word_1_1129' title='bbox 1151 2649 1186 2683; x_wconf 81' lang='grc' dir='ltr'>ἐν</span> <span class='ocrx_word' id='word_1_1130' title='bbox 1213 2647 1262 2689; x_wconf 84' lang='grc' dir='ltr'>οἷς</span> <span class='ocrx_word' id='word_1_1131' title='bbox 1287 2647 1449 2687; x_wconf 79' lang='grc' dir='ltr'>ἀνάλυσίς</span> <span class='ocrx_word' id='word_1_1132' title='bbox 1476 2648 1563 2683; x_wconf 81' lang='grc' dir='ltr'>ἐστιν</span> <span class='ocrx_word' id='word_1_1133' title='bbox 1591 2647 1734 2695; x_wconf 79' lang='grc' dir='ltr'>οὐδεμία</span> <span class='ocrx_word' id='word_1_1134' title='bbox 1750 2654 1869 2683; x_wconf 87' lang='grc' dir='ltr'>κακῶν</span> <span class='ocrx_word' id='word_1_1135' title='bbox 1886 2650 1941 2682; x_wconf 82' lang='grc' dir='ltr'>ΕΙ.</span> <span class='ocrx_word' id='word_1_1136' title='bbox 1963 2648 2032 2682; x_wconf 88' lang='grc'>142</span> 
     </span>
    </p>
   </div>
   <div class='ocr_carea' id='block_1_19' title="bbox 38 2692 2033 2743">
    <p class='ocr_par' dir='ltr' id='par_1_19' title="bbox 38 2692 2033 2743">
     <span class='ocr_line' id='line_1_122' title="bbox 38 2692 2033 2743; baseline 0.003 -16"><span class='ocrx_word' id='word_1_1137' title='bbox 38 2726 47 2735; x_wconf 65' lang='grc'>,</span> <span class='ocrx_word' id='word_1_1138' title='bbox 111 2692 255 2741; x_wconf 79' lang='grc' dir='ltr'>ἔνδηλος</span> <span class='ocrx_word' id='word_1_1139' title='bbox 289 2693 324 2728; x_wconf 80' lang='grc' dir='ltr'>ἔν</span> <span class='ocrx_word' id='word_1_1140' title='bbox 358 2705 410 2728; x_wconf 92' lang='grc' dir='ltr'>σοι</span> <span class='ocrx_word' id='word_1_1141' title='bbox 442 2695 552 2730; x_wconf 87' lang='grc' dir='ltr'>πάντα</span> <span class='ocrx_word' id='word_1_1142' title='bbox 582 2696 636 2743; x_wconf 80' lang='grc' dir='ltr'>χώ</span> <span class='ocrx_word' id='word_1_1143' title='bbox 670 2696 798 2742; x_wconf 79' lang='grc' dir='ltr'>μητρὸς</span> <span class='ocrx_word' id='word_1_1144' title='bbox 832 2693 981 2743; x_wconf 77' lang='grc' dir='ltr'>φθορεύς</span> <span class='ocrx_word' id='word_1_1145' title='bbox 1011 2698 1071 2732; x_wconf 71' lang='lat' dir='ltr'>ch.</span> <span class='ocrx_word' id='word_1_1146' title='bbox 1098 2708 1122 2730; x_wconf 89' lang='grc' dir='ltr'>κ</span> <span class='ocrx_word' id='word_1_1147' title='bbox 1143 2695 1234 2730; x_wconf 82' lang='grc' dir='ltr'>υπτᾶ</span> <span class='ocrx_word' id='word_1_1148' title='bbox 1253 2695 1288 2729; x_wconf 82' lang='grc' dir='ltr'>ἐν</span> <span class='ocrx_word' id='word_1_1149' title='bbox 1303 2694 1376 2741; x_wconf 79' lang='grc' dir='ltr'>ἥβα</span> <span class='ocrx_word' id='word_1_1150' title='bbox 1396 2693 1461 2729; x_wconf 87' lang='grc'>159</span> <span class='ocrx_word' id='word_1_1151' title='bbox 1480 2698 1530 2729; x_wconf 85' lang='lat' dir='ltr'>ch.</span> <span class='ocrx_word' id='word_1_1152' title='bbox 1553 2695 1587 2730; x_wconf 84' lang='grc' dir='ltr'>ἐν</span> <span class='ocrx_word' id='word_1_1153' title='bbox 1605 2695 1727 2734; x_wconf 81' lang='grc' dir='ltr'>δεινοῖς</span> <span class='ocrx_word' id='word_1_1154' title='bbox 1745 2693 1812 2728; x_wconf 90' lang='grc'>223</span> <span class='ocrx_word' id='word_1_1155' title='bbox 1830 2707 1874 2728; x_wconf 80' lang='grc' dir='ltr'>ιιι.</span> <span class='ocrx_word' id='word_1_1156' title='bbox 1897 2695 1932 2731; x_wconf 83' lang='grc' dir='ltr'>ἐν</span> <span class='ocrx_word' id='word_1_1157' title='bbox 1949 2696 2033 2731; x_wconf 86' lang='grc' dir='ltr'>πέν-</span> 
     </span>
    </p>
   </div>
   <div class='ocr_carea' id='block_1_20' title="bbox 1018 2730 2035 3445">
    <p class='ocr_par' dir='ltr' id='par_1_20' title="bbox 1018 2730 2035 3445">
     <span class='ocr_line' id='line_1_123' title="bbox 1018 2730 2034 2781; baseline -0.002 -3"><span class='ocrx_word' id='word_1_1158' title='bbox 1018 2741 1072 2778; x_wconf 71' lang='grc' dir='ltr'>θει</span> <span class='ocrx_word' id='word_1_1159' title='bbox 1087 2741 1111 2775; x_wconf 84' lang='lat'><strong>2</strong></span> <span class='ocrx_word' id='word_1_1160' title='bbox 1162 2769 1168 2775; x_wconf 93' lang='lat'>.</span> <span class='ocrx_word' id='word_1_1161' title='bbox 1189 2730 1259 2775; x_wconf 67' lang='grc'>816</span> <span class='ocrx_word' id='word_1_1162' title='bbox 1275 2754 1319 2775; x_wconf 84' lang='lat' dir='ltr'>m.</span> <span class='ocrx_word' id='word_1_1163' title='bbox 1342 2730 1376 2775; x_wconf 58' lang='grc' dir='ltr'>ἐξ.</span> <span class='ocrx_word' id='word_1_1164' title='bbox 1394 2746 1517 2781; x_wconf 59' lang='grc' dir='ltr'>κακοῖς</span> <span class='ocrx_word' id='word_1_1165' title='bbox 1539 2745 1593 2776; x_wconf 73' lang='lat' dir='ltr'>m.</span> <span class='ocrx_word' id='word_1_1166' title='bbox 1614 2741 1694 2776; x_wconf 84' lang='lat'><strong>308.</strong></span> <span class='ocrx_word' id='word_1_1167' title='bbox 1716 2740 1796 2776; x_wconf 80' lang='lat'><strong>335.</strong></span> <span class='ocrx_word' id='word_1_1168' title='bbox 1819 2741 1920 2776; x_wconf 81' lang='lat'><strong>1056.</strong></span> <span class='ocrx_word' id='word_1_1169' title='bbox 1943 2741 2034 2777; x_wconf 77' lang='lat'><strong>1287</strong></span> 
     </span>
     <span class='ocr_line' id='line_1_124' title="bbox 1019 2787 2033 2824; baseline 0.002 -2"><span class='ocrx_word' id='word_1_1170' title='bbox 1019 2801 1063 2823; x_wconf 91' lang='lat' dir='ltr'>m.</span> <span class='ocrx_word' id='word_1_1171' title='bbox 1087 2787 1187 2824; x_wconf 87' lang='grc'>1329.</span> <span class='ocrx_word' id='word_1_1172' title='bbox 1216 2792 1271 2823; x_wconf 92' lang='lat' dir='ltr'>Ai.</span> <span class='ocrx_word' id='word_1_1173' title='bbox 1293 2787 1374 2822; x_wconf 87' lang='grc'>272.</span> <span class='ocrx_word' id='word_1_1174' title='bbox 1404 2788 1506 2823; x_wconf 86' lang='grc'>1118.</span> <span class='ocrx_word' id='word_1_1175' title='bbox 1536 2788 1637 2823; x_wconf 88' lang='grc'>1151.</span> <span class='ocrx_word' id='word_1_1176' title='bbox 1670 2792 1730 2823; x_wconf 85' lang='grc' dir='ltr'>ΡΙ).</span> <span class='ocrx_word' id='word_1_1177' title='bbox 1751 2788 1832 2823; x_wconf 90' lang='grc'>471.</span> <span class='ocrx_word' id='word_1_1178' title='bbox 1852 2788 1953 2823; x_wconf 87' lang='grc'>1015.</span> <span class='ocrx_word' id='word_1_1179' title='bbox 1975 2791 2033 2824; x_wconf 86' lang='lat' dir='ltr'>OR</span> 
     </span>
     <span class='ocr_line' id='line_1_125' title="bbox 1022 2835 2033 2884; baseline 0.003 -15"><span class='ocrx_word' id='word_1_1180' title='bbox 1022 2835 1099 2870; x_wconf 88' lang='lat'><strong>127.</strong></span> <span class='ocrx_word' id='word_1_1181' title='bbox 1135 2835 1253 2870; x_wconf 78' lang='lat'><strong>*1031</strong></span> <span class='ocrx_word' id='word_1_1182' title='bbox 1297 2839 1344 2869; x_wconf 89' lang='lat' dir='ltr'><strong>sic</strong></span> <span class='ocrx_word' id='word_1_1183' title='bbox 1357 2848 1485 2880; x_wconf 59' lang='lat' dir='ltr'><strong>apogr„</strong></span> <span class='ocrx_word' id='word_1_1184' title='bbox 1514 2836 1548 2870; x_wconf 80' lang='grc' dir='ltr'>ἐν</span> <span class='ocrx_word' id='word_1_1185' title='bbox 1577 2840 1711 2884; x_wconf 86' lang='grc' dir='ltr'>καιροῖς</span> <span class='ocrx_word' id='word_1_1186' title='bbox 1736 2838 1808 2878; x_wconf 88' lang='lat' dir='ltr'>LA,</span> <span class='ocrx_word' id='word_1_1187' title='bbox 1846 2835 1880 2871; x_wconf 83' lang='grc' dir='ltr'>ἐν</span> <span class='ocrx_word' id='word_1_1188' title='bbox 1909 2837 2033 2876; x_wconf 87' lang='grc' dir='ltr'>νάπαις</span> 
     </span>
     <span class='ocr_line' id='line_1_126' title="bbox 1020 2881 2030 2928; baseline 0.002 -12"><span class='ocrx_word' id='word_1_1189' title='bbox 1020 2882 1154 2928; x_wconf 84' lang='lat' dir='ltr'><strong>Dind.].</strong></span> <span class='ocrx_word' id='word_1_1190' title='bbox 1184 2882 1278 2917; x_wconf 81' lang='lat'>005</span> <span class='ocrx_word' id='word_1_1191' title='bbox 1304 2881 1339 2916; x_wconf 91' lang='grc'>2.</span> <span class='ocrx_word' id='word_1_1192' title='bbox 1358 2886 1439 2917; x_wconf 83' lang='lat' dir='ltr'><strong>Ant.</strong></span> <span class='ocrx_word' id='word_1_1193' title='bbox 1471 2882 1572 2917; x_wconf 89' lang='lat'><strong>1326.</strong></span> <span class='ocrx_word' id='word_1_1194' title='bbox 1601 2886 1643 2917; x_wconf 77' lang='lat' dir='ltr'>fr.</span> <span class='ocrx_word' id='word_1_1195' title='bbox 1673 2885 1748 2917; x_wconf 89' lang='lat' dir='ltr'><strong>Ter.</strong></span> <span class='ocrx_word' id='word_1_1196' title='bbox 1777 2881 1864 2926; x_wconf 82' lang='lat'><strong>514,</strong></span> <span class='ocrx_word' id='word_1_1197' title='bbox 1885 2882 1919 2918; x_wconf 89' lang='grc'>3.</span> <span class='ocrx_word' id='word_1_1198' title='bbox 1952 2886 2030 2926; x_wconf 84' lang='lat' dir='ltr'><strong>Tyr.</strong></span> 
     </span>
     <span class='ocr_line' id='line_1_127' title="bbox 1019 2928 2028 2972; baseline 0 -8"><span class='ocrx_word' id='word_1_1199' title='bbox 1019 2929 1098 2964; x_wconf 89' lang='lat'><strong>581.</strong></span> <span class='ocrx_word' id='word_1_1200' title='bbox 1120 2933 1187 2964; x_wconf 88' lang='lat' dir='ltr'><strong>inc.</strong></span> <span class='ocrx_word' id='word_1_1201' title='bbox 1209 2928 1288 2972; x_wconf 87' lang='lat'><strong>667,</strong></span> <span class='ocrx_word' id='word_1_1202' title='bbox 1312 2929 1342 2962; x_wconf 92' lang='lat'>1.</span> <span class='ocrx_word' id='word_1_1203' title='bbox 1363 2929 1442 2972; x_wconf 88' lang='grc'>689,</span> <span class='ocrx_word' id='word_1_1204' title='bbox 1467 2930 1497 2963; x_wconf 93' lang='grc'>1.</span> <span class='ocrx_word' id='word_1_1205' title='bbox 1527 2930 1562 2965; x_wconf 86' lang='grc' dir='ltr'>ἐν</span> <span class='ocrx_word' id='word_1_1206' title='bbox 1578 2929 1693 2966; x_wconf 86' lang='grc' dir='ltr'>τοῖσδε</span> <span class='ocrx_word' id='word_1_1207' title='bbox 1708 2933 1783 2969; x_wconf 91' lang='grc' dir='ltr'>τοῖς</span> <span class='ocrx_word' id='word_1_1208' title='bbox 1801 2935 1957 2966; x_wconf 87' lang='grc' dir='ltr'>κακοῖσιν</span> <span class='ocrx_word' id='word_1_1209' title='bbox 1974 2934 2028 2964; x_wconf 89' lang='lat' dir='ltr'>Ai.</span> 
     </span>
     <span class='ocr_line' id='line_1_128' title="bbox 1018 2975 2032 3025; baseline 0.001 -14"><span class='ocrx_word' id='word_1_1210' title='bbox 1018 2975 1099 3011; x_wconf 87' lang='lat'><strong>532.</strong></span> <span class='ocrx_word' id='word_1_1211' title='bbox 1135 2977 1170 3012; x_wconf 84' lang='grc' dir='ltr'>ἐν</span> <span class='ocrx_word' id='word_1_1212' title='bbox 1194 2979 1294 3023; x_wconf 79' lang='grc' dir='ltr'>κακῷ</span> <span class='ocrx_word' id='word_1_1213' title='bbox 1315 2983 1487 3025; x_wconf 89' lang='grc' dir='ltr'>χειμῶνος</span> <span class='ocrx_word' id='word_1_1214' title='bbox 1520 2979 1575 3010; x_wconf 87' lang='lat' dir='ltr'>Ai.</span> <span class='ocrx_word' id='word_1_1215' title='bbox 1599 2976 1700 3011; x_wconf 90' lang='grc'>1144.</span> <span class='ocrx_word' id='word_1_1216' title='bbox 1738 2976 1773 3011; x_wconf 83' lang='grc' dir='ltr'>ἐν</span> <span class='ocrx_word' id='word_1_1217' title='bbox 1797 2978 1896 3025; x_wconf 77' lang='grc' dir='ltr'>κακῷ</span> <span class='ocrx_word' id='word_1_1218' title='bbox 1921 2978 2032 3025; x_wconf 84' lang='grc' dir='ltr'>φαίνει</span> 
     </span>
     <span class='ocr_line' id='line_1_129' title="bbox 1018 3022 2031 3070; baseline 0.001 -11"><span class='ocrx_word' id='word_1_1219' title='bbox 1018 3029 1133 3070; x_wconf 85' lang='grc' dir='ltr'>κυρῶν</span> <span class='ocrx_word' id='word_1_1220' title='bbox 1150 3026 1210 3057; x_wconf 87' lang='grc' dir='ltr'>ΡΙ).</span> <span class='ocrx_word' id='word_1_1221' title='bbox 1224 3023 1303 3057; x_wconf 89' lang='grc'>741.</span> <span class='ocrx_word' id='word_1_1222' title='bbox 1326 3025 1361 3059; x_wconf 81' lang='grc' dir='ltr'>ἐν</span> <span class='ocrx_word' id='word_1_1223' title='bbox 1380 3023 1558 3059; x_wconf 90' lang='grc' dir='ltr'>πολλοῖσιν</span> <span class='ocrx_word' id='word_1_1224' title='bbox 1574 3028 1698 3063; x_wconf 85' lang='grc' dir='ltr'>κακοῖς</span> <span class='ocrx_word' id='word_1_1225' title='bbox 1714 3026 1796 3057; x_wconf 84' lang='lat' dir='ltr'><strong>Ant.</strong></span> <span class='ocrx_word' id='word_1_1226' title='bbox 1810 3022 1891 3058; x_wconf 88' lang='grc'>463.</span> <span class='ocrx_word' id='word_1_1227' title='bbox 1913 3025 1948 3060; x_wconf 84' lang='grc' dir='ltr'>ἐν</span> <span class='ocrx_word' id='word_1_1228' title='bbox 1964 3037 2031 3060; x_wconf 89' lang='grc' dir='ltr'>κα-</span> 
     </span>
     <span class='ocr_line' id='line_1_130' title="bbox 1018 3069 2033 3119; baseline 0.002 -14"><span class='ocrx_word' id='word_1_1229' title='bbox 1018 3074 1110 3105; x_wconf 91' lang='grc' dir='ltr'>κοῖσι</span> <span class='ocrx_word' id='word_1_1230' title='bbox 1141 3069 1222 3104; x_wconf 85' lang='grc'>495.</span> <span class='ocrx_word' id='word_1_1231' title='bbox 1243 3069 1322 3104; x_wconf 88' lang='grc'>540.</span> <span class='ocrx_word' id='word_1_1232' title='bbox 1353 3071 1388 3106; x_wconf 83' lang='grc' dir='ltr'>ἐν</span> <span class='ocrx_word' id='word_1_1233' title='bbox 1419 3074 1527 3106; x_wconf 86' lang='grc' dir='ltr'>τοῖσιν</span> <span class='ocrx_word' id='word_1_1234' title='bbox 1557 3070 1675 3110; x_wconf 81' lang='grc' dir='ltr'>αὐτοῖς</span> <span class='ocrx_word' id='word_1_1235' title='bbox 1706 3071 1727 3106; x_wconf 93' lang='grc' dir='ltr'>λ</span> <span class='ocrx_word' id='word_1_1236' title='bbox 1755 3069 1886 3119; x_wconf 81' lang='grc' dir='ltr'>φθῆναι</span> <span class='ocrx_word' id='word_1_1237' title='bbox 1909 3075 2033 3111; x_wconf 81' lang='grc' dir='ltr'>κακοῖς</span> 
     </span>
     <span class='ocr_line' id='line_1_131' title="bbox 1021 3116 2032 3167; baseline 0.002 -16"><span class='ocrx_word' id='word_1_1238' title='bbox 1021 3116 1122 3151; x_wconf 91' lang='grc'>1076.</span> <span class='ocrx_word' id='word_1_1239' title='bbox 1152 3117 1187 3152; x_wconf 82' lang='grc' dir='ltr'>ἐν</span> <span class='ocrx_word' id='word_1_1240' title='bbox 1211 3117 1306 3164; x_wconf 71' lang='grc' dir='ltr'>λιμῷ</span> <span class='ocrx_word' id='word_1_1241' title='bbox 1322 3130 1359 3152; x_wconf 92' lang='grc' dir='ltr'>τε</span> <span class='ocrx_word' id='word_1_1242' title='bbox 1375 3118 1435 3152; x_wconf 88' lang='grc' dir='ltr'>καὶ</span> <span class='ocrx_word' id='word_1_1243' title='bbox 1450 3121 1588 3153; x_wconf 89' lang='grc' dir='ltr'>κακοῖσι</span> <span class='ocrx_word' id='word_1_1244' title='bbox 1605 3120 1667 3152; x_wconf 90' lang='lat' dir='ltr'>Ph.</span> <span class='ocrx_word' id='word_1_1245' title='bbox 1688 3116 1729 3152; x_wconf 91' lang='grc'>31</span> <span class='ocrx_word' id='word_1_1246' title='bbox 1761 3145 1768 3151; x_wconf 94' lang='grc'>.</span> <span class='ocrx_word' id='word_1_1247' title='bbox 1815 3118 1979 3167; x_wconf 88' lang='grc' dir='ltr'>αλαργοῖς</span> <span class='ocrx_word' id='word_1_1248' title='bbox 1996 3118 2032 3153; x_wconf 84' lang='grc' dir='ltr'>ἐν</span> 
     </span>
     <span class='ocr_line' id='line_1_132' title="bbox 1019 3131 2028 3246; baseline 0 -47"><span class='ocrx_word' id='word_1_1249' title='bbox 1019 3163 1180 3246; x_wconf 57' lang='grc' dir='ltr'>ἑὲἑλλαὲς</span> <span class='ocrx_word' id='word_1_1250' title='bbox 1198 3165 1252 3198; x_wconf 86' lang='lat' dir='ltr'>El.</span> <span class='ocrx_word' id='word_1_1251' title='bbox 1269 3163 1340 3224; x_wconf 75' lang='grc'>861</span> <span class='ocrx_word' id='word_1_1252' title='bbox 1359 3176 1404 3198; x_wconf 91' lang='lat' dir='ltr'>m.</span> <span class='ocrx_word' id='word_1_1253' title='bbox 1426 3164 1564 3245; x_wconf 45' lang='grc' dir='ltr'>ποξλιιᾷιν</span> <span class='ocrx_word' id='word_1_1254' title='bbox 1578 3166 1618 3245; x_wconf 52' lang='grc' dir='ltr'>ἓν</span> <span class='ocrx_word' id='word_1_1255' title='bbox 1636 3131 1873 3246; x_wconf 39' lang='grc' dir='ltr'>τιτρλυπλίηξίᾳί</span> <span class='ocrx_word' id='word_1_1256' title='bbox 1886 3169 1929 3200; x_wconf 80' lang='lat' dir='ltr'>fr.</span> <span class='ocrx_word' id='word_1_1257' title='bbox 1951 3168 2028 3246; x_wconf 58' lang='lat' dir='ltr'><strong>Tiyr.</strong></span> 
     </span>
     <span class='ocr_line' id='line_1_133' title="bbox 1020 3223 2034 3303; baseline 0.002 -11"><span class='ocrx_word' id='word_1_1258' title='bbox 1020 3257 1052 3293; x_wconf 82' lang='grc' dir='ltr'>οἱ</span> <span class='ocrx_word' id='word_1_1259' title='bbox 1069 3223 1452 3300; x_wconf 44' lang='grc' dir='ltr'>ἐνῇτέίεέίιῗίιέἓῖίζοῐίῖξ,</span> <span class='ocrx_word' id='word_1_1260' title='bbox 1482 3238 1616 3302; x_wconf 38' lang='lat' dir='ltr'><strong>profuit-².</strong></span> <span class='ocrx_word' id='word_1_1261' title='bbox 1632 3224 2034 3303; x_wconf 42' lang='grc' dir='ltr'>1111116)ῖὲλέΥὲᾙῖ</span> 
     </span>
     <span class='ocr_line' id='line_1_134' title="bbox 1020 3303 2035 3342; baseline 0.004 -4"><span class='ocrx_word' id='word_1_1262' title='bbox 1020 3307 1074 3338; x_wconf 89' lang='lat' dir='ltr'>Ai.</span> <span class='ocrx_word' id='word_1_1263' title='bbox 1100 3303 1200 3338; x_wconf 87' lang='lat'><strong>1352.</strong></span> <span class='ocrx_word' id='word_1_1264' title='bbox 1227 3307 1288 3338; x_wconf 90' lang='lat' dir='ltr'>Ph.</span> <span class='ocrx_word' id='word_1_1265' title='bbox 1310 3304 1391 3339; x_wconf 85' lang='lat'><strong>385.</strong></span> <span class='ocrx_word' id='word_1_1266' title='bbox 1417 3303 1497 3339; x_wconf 88' lang='grc'>925.</span> <span class='ocrx_word' id='word_1_1267' title='bbox 1534 3309 1633 3340; x_wconf 80' lang='lat' dir='ltr'><strong>Viam</strong></span> <span class='ocrx_word' id='word_1_1268' title='bbox 1649 3312 1811 3340; x_wconf 82' lang='lat' dir='ltr'><strong>monstrat</strong></span> <span class='ocrx_word' id='word_1_1269' title='bbox 1835 3306 1869 3341; x_wconf 83' lang='grc' dir='ltr'>οἱ</span> <span class='ocrx_word' id='word_1_1270' title='bbox 1891 3307 1928 3342; x_wconf 86' lang='grc' dir='ltr'>ἐν</span> <span class='ocrx_word' id='word_1_1271' title='bbox 1943 3307 2035 3342; x_wconf 88' lang='grc' dir='ltr'>τέλει</span> 
     </span>
     <span class='ocr_line' id='line_1_135' title="bbox 1021 3350 2035 3398; baseline 0.002 -12"><span class='ocrx_word' id='word_1_1272' title='bbox 1021 3351 1167 3398; x_wconf 82' lang='grc' dir='ltr'>βεβῶτες</span> <span class='ocrx_word' id='word_1_1273' title='bbox 1191 3354 1272 3385; x_wconf 87' lang='lat' dir='ltr'><strong>Ant.</strong></span> <span class='ocrx_word' id='word_1_1274' title='bbox 1294 3350 1350 3386; x_wconf 89' lang='lat'>67.</span> <span class='ocrx_word' id='word_1_1275' title='bbox 1373 3371 1477 3385; x_wconf 88' lang='lat'>—.—</span> <span class='ocrx_word' id='word_1_1276' title='bbox 1504 3355 1538 3386; x_wconf 86' lang='lat' dir='ltr'>h.</span> <span class='ocrx_word' id='word_1_1277' title='bbox 1567 3357 1582 3393; x_wconf 89' lang='grc' dir='ltr'>ΙΙ</span> <span class='ocrx_word' id='word_1_1278' title='bbox 1606 3355 1734 3387; x_wconf 82' lang='lat' dir='ltr'><strong>Horum</strong></span> <span class='ocrx_word' id='word_1_1279' title='bbox 1759 3356 1961 3397; x_wconf 76' lang='lat' dir='ltr'><strong>quibusdam</strong></span> <span class='ocrx_word' id='word_1_1280' title='bbox 1987 3356 2035 3388; x_wconf 80' lang='lat' dir='ltr'><strong>si-</strong></span> 
     </span>
     <span class='ocr_line' id='line_1_136' title="bbox 1021 3400 2028 3445; baseline 0.004 -14"><span class='ocrx_word' id='word_1_1281' title='bbox 1021 3401 1113 3432; x_wconf 84' lang='lat' dir='ltr'><strong>milia</strong></span> <span class='ocrx_word' id='word_1_1282' title='bbox 1141 3405 1220 3432; x_wconf 78' lang='lat' dir='ltr'><strong>sunt</strong></span> <span class='ocrx_word' id='word_1_1283' title='bbox 1237 3404 1271 3432; x_wconf 85' lang='lat' dir='ltr'>et</span> <span class='ocrx_word' id='word_1_1284' title='bbox 1297 3401 1377 3434; x_wconf 81' lang='lat' dir='ltr'><strong>inde</strong></span> <span class='ocrx_word' id='word_1_1285' title='bbox 1394 3402 1555 3443; x_wconf 85' lang='lat' dir='ltr'><strong>traducta,</strong></span> <span class='ocrx_word' id='word_1_1286' title='bbox 1585 3411 1672 3443; x_wconf 78' lang='lat' dir='ltr'><strong>quae</strong></span> <span class='ocrx_word' id='word_1_1287' title='bbox 1695 3403 1725 3435; x_wconf 88' lang='lat' dir='ltr'><strong>si</strong></span> <span class='ocrx_word' id='word_1_1288' title='bbox 1747 3400 1783 3436; x_wconf 78' lang='grc' dir='ltr'>ἐν</span> <span class='ocrx_word' id='word_1_1289' title='bbox 1802 3412 1868 3435; x_wconf 91' lang='lat' dir='ltr'>non</span> <span class='ocrx_word' id='word_1_1290' title='bbox 1885 3403 2028 3445; x_wconf 78' lang='lat' dir='ltr'><strong>adesset,</strong></span> 
     </span>
    </p>
   </div>
  </div>
 </body>
</html>
