2288 3600
299 122 401 171 434

1084 119 1348 186 Μέμφομαι
1378 149 1440 157 -
1467 119 1575 170 Μέν

2076 130 2125 179 [ΙΙ
2144 144 2181 177 p.
2195 131 2288 168 74-

299 239 383 271 Hec.
429 235 530 270 1125.
575 238 703 277 Reisig.
747 237 789 269 ad
821 237 876 270 OC
911 234 1013 269 1027.
1066 238 1228 270 Abresch.
1274 237 1316 268 ad
1351 237 1440 278 quod
1456 237 1586 270 duabus
1603 239 1786 270 sententiis
1803 239 1980 280 dispertita
1995 248 2062 272 non
2078 242 2213 272 extent:
2240 241 2288 273 loe

298 286 420 318 Aesch.
443 285 561 326 Suppl.
590 281 670 316 354.
716 285 887 324 Wyttenb.
921 285 962 316 ad
994 285 1085 316 Plut.
1122 286 1136 315 1
1170 295 1205 326 p.
1229 280 1312 325 237,

297 333 487 365 Mehlhorn.
509 332 550 364 ad
566 333 687 363 Anacr.
708 341 742 372 p.
765 329 821 372 393
842 332 970 363 iniuria
986 332 1091 372 verbi,
1114 332 1203 363 unde
1221 331 1316 363 duci-

296 384 363 421 tur,
388 378 565 424 μέμπτος,
593 379 754 420 potestati
772 379 1003 420 deponentiali
1020 379 1147 420 aliquid
1172 379 1311 419 tribuit3

296 428 410 459 minus
427 430 517 459 recte
535 427 637 458 etiam
655 436 731 458 cum
758 424 913 472 μεμπτός
925 451 933 466 ,
962 426 1051 468 quod
1075 427 1120 457 sit
1143 426 1317 467 deponen-

296 475 389 515 tiale‚
411 471 562 511 ὕποπτος
580 475 760 516 componit,
772 475 913 506 fortasse
931 474 1010 514 quia
1027 470 1159 519 ὄψομαι
1176 473 1312 506 dicitur.

368 528 434 566 Μέ
478 543 614 579 φομαι
646 534 812 573 vitupero,
852 535 974 565 incuso.
1026 531 1131 578 ὀργὴν
1165 530 1315 577 ἐμέμψω

296 578 360 625 τὴν
388 578 432 624 ἐμ
460 590 477 612 ν
501 580 559 611 OR
588 576 668 611 337.
721 576 839 613 οὔποτ’
872 578 980 626 ἔγωγε
1008 578 1243 626 μεμφομένων
1276 575 1316 611 ἂν

297 625 492 672 καταφαίην
520 623 590 659 506
615 628 668 658 ch.
700 628 845 668 probem.
875 639 906 659 v.
942 626 1135 673 κατάφημι.
1175 645 1216 650 -
1253 624 1318 659 οὐκ

299 665 370 729 ἔσχ(
382 672 552 708 ὁποῖον...
573 672 760 719 ἀνθρώπου
779 672 853 719 βίον
879 668 950 707 οὔτ’
982 670 1148 719 αἰνέσαιμ’
1166 671 1205 707 ἂν
1239 670 1318 706 οὔτε

300 720 508 778 μεμψαίμην
541 722 624 753 Ant.
648 719 749 753 1157.
795 720 859 755 κού
887 720 1018 767 μέμψει
1042 720 1159 769 χρόνῳ
1185 719 1318 767 γυναικὶ

300 765 882 856 {33⁵1offssgfg⁰dg⁸⁰sseffi⁶ssffiuffssg
904 769 1223 848 {ffissssf'g‘ss‘ss'mfflff
1240 769 1318 856 ζῖἒῗ

300 866 371 896 sive
406 865 502 895 modo
528 865 636 895 active
662 864 762 895 dictis
788 866 1016 903 egressionem
1049 865 1168 895 fecerit
1199 864 1313 903 Apitz.

298 921 333 952 p.
347 908 425 952 199,
449 921 515 942 non
532 912 710 952 perspicio.
741 911 908 950 Quidnam
926 913 1017 943 enim
1035 912 1172 951 cogitari
1189 914 1313 952 potest,

299 969 358 990 cur
374 956 504 1004 μέμψει
528 960 572 990 sit
598 956 822 1005 μεμφθήσειῖ
854 957 912 992 καί
938 969 980 1003 με
1007 957 1056 1004 μή
1074 955 1152 991 ποθ’
1178 955 1317 1002 ὕστερον

299 1003 460 1040 παθοῦσα
478 1003 600 1053 μέμψῃ
619 1006 673 1038 El.
695 1003 774 1038 384.
797 1003 836 1039 οὐ
849 1004 1033 1052 μέμφομαί
1044 1016 1079 1038 σε
1097 1007 1137 1038 fr.
1150 1007 1217 1037 inc.
1233 1002 1313 1036 734.

371 1061 436 1099 Μέ
447 1063 551 1111 μψις
567 1066 777 1105 vituperatio.
806 1062 895 1098 κούκ
913 1058 985 1099 ἔσθ’
1003 1063 1082 1098 ὅτου
1103 1062 1208 1111 ὀργὴν
1224 1061 1242 1096 ἕ
1269 1075 1318 1101 οις

302 1109 343 1145 ἂν
362 1110 442 1146 οὐδὲ
460 1110 550 1157 μέμΙ
564 1123 591 1144 ιν
609 1109 657 1149 εἰς
675 1110 738 1157 ἐμέ
754 1113 815 1144 Ph.
838 1108 941 1144 1309.
979 1110 1189 1158 φυλάσσεται
1235 1111 1244 1145 ί
1271 1123 1317 1144 ων

298 1170 335 1193 τε
354 1158 485 1205 μέμψιν
502 1170 542 1192 κε
559 1171 575 1197 ς
592 1156 694 1197 θεοὺς
712 1158 920 1205 ἁμαρτάνειν
939 1159 1078 1192 Oenom.
1100 1161 1140 1191 fr.
1162 1122 1243 1200 413,
1266 1156 1298 1192 3.

371 1226 475 1264 Μέν.
506 1231 558 1262 De
583 1231 823 1272 particularum
858 1228 921 1275 μέν
955 1234 989 1262 et
1021 1228 1060 1262 δέ
1084 1231 1117 1261 vi
1142 1230 1321 1272 principali

300 1279 521 1320 exposuimus
539 1279 575 1310 in
589 1289 622 1309 v.
643 1276 692 1311 δέ.
714 1296 759 1302 -
783 1277 797 1320 ΙΙ
821 1278 1042 1318 Pervulgatus
1069 1279 1172 1318 igitur
1189 1279 1218 1309 is
1236 1287 1319 1309 usus

300 1330 371 1366 est,
391 1329 430 1357 ut
445 1327 542 1366 prius
569 1327 757 1358 membrum
784 1323 867 1369 μέν,
902 1327 1046 1357 alterum
1064 1323 1102 1358 δέ
1134 1325 1316 1365 contineat,

301 1374 399 1405 cuius
416 1374 574 1414 exempla
589 1374 627 1404 in
645 1384 676 1404 v.
708 1370 746 1405 δέ
769 1373 1000 1404 adhibuimus.
1045 1373 1155 1405 Pauca.
1176 1373 1231 1404 hic
1257 1382 1317 1414 po-

301 1421 413 1452 nenda
430 1421 586 1461 exempla
604 1423 695 1460 sunt⁷
718 1421 841 1461 quibus
866 1422 968 1453 τοῦτο
997 1418 1059 1464 μέν
1084 1421 1239 1461 sequitur
1265 1418 1314 1452 δέ.

299 1470 402 1502 τοῦτο
430 1466 510 1512 μέν,
539 1465 639 1505 πόλις
662 1465 720 1512 βίᾳ
738 1464 772 1512 μ’
788 1465 916 1512 ἤλαυνε
1013 1466 1045 1500 οἱ
1071 1461 1098 1499 δ’
1125 1464 1319 1513 ἐπωφελεῖν

365 1513 566 1560 δυνάμενοι,
600 1514 639 1548 τὸ
658 1514 738 1561 δρᾶν
757 1513 822 1548 οὐκ
837 1512 1018 1560 ἠθέλησαν
1044 1515 1099 1547 OC
1116 1512 1198 1547 440.
1218 1516 1319 1548 τοῦτο

303 1561 379 1608 μέν,
396 1559 608 1609 νιφοστιβεῖς
626 1566 796 1609 χειμῶνες
811 1560 1023 1608 ἐκχωροῦσιν
1039 1560 1203 1610 εὐκάρπῳ1
1210 1559 1316 1608 θέρει.

303 1608 470 1650 ἐξίσταται
487 1608 524 1643 ’δὲ
540 1611 664 1647 νυκτὸς
682 1608 805 1654 αἰανὴς
821 1607 951 1647 κύκλος
976 1610 1032 1641 Ai.
1054 1606 1135 1642 670.
1187 1610 1319 1641 Deinde

305 1655 368 1702 μέν
444 1655 482 1690 δέ
499 1658 678 1698 aliquando
695 1659 803 1698 magis
821 1659 861 1689 ad
879 1667 1018 1689 sensum
1043 1667 1143 1699 quam
1160 1657 1201 1688 ad
1220 1658 1320 1688 verba

302 1705 605 1737 accommodantur.
651 1702 742 1742 ὅστις
759 1702 882 1738 παθὼν
902 1703 964 1749 μὲν
983 1702 1155 1752 ἀντέδρων
1167 1730 1174 1744 ,
1195 1698 1273 1737 ὥστ’
1291 1703 1321 1737 εἰ

302 1756 438 1809 ερρονῶν
457 1750 500 1785 ἕπ
523 1762 646 1793 ασσον,
667 1746 739 1786 οὐδ’
756 1749 797 1785 ἂν
815 1749 872 1785 ὧδ’
900 1750 1083 1798 ἐγιγνόμην
1105 1750 1232 1792 κακόςς
1260 1753 1319 1784 νῦν

302 1798 321 1833 ὃ
347 1798 446 1833 οὐδὲν
471 1798 501 1832 εί
525 1799 572 1837 ὼς
608 1798 753 1845 ἱκόμην,
782 1793 827 1833 ἵν’
854 1798 981 1844 ἱκόμην
1006 1800 1062 1832 OG
1080 1796 1160 1831 271.
1207 1798 1320 1830 Oratio

299 1848 348 1879 ita
373 1850 490 1888 coepta
506 1851 577 1888 est⁷
615 1848 711 1888 quasi
729 1851 927 1879 secuturum
952 1850 1044 1878 esset
1069 1845 1158 1892 δρῶν
1193 1845 1231 1879 δὲ
1257 1844 1321 1879 οὐκ

301 1887 347 1941 ᾔὸ
390 1891 450 1931 οὓς
468 1892 595 1940 ὃρώῃν.
619 1912 660 1918 -
689 1894 702 1937 ΙΙ
727 1895 821 1933 Quod
844 1895 956 1934 tetigit
982 1895 1123 1926 Dorvill.
1151 1895 1192 1926 ad
1218 1894 1316 1926 Char.

301 1952 335 1983 p.
348 1906 437 1983 Ι999,
459 1942 652 1982 Bernhardy
668 1943 707 1974 ad
726 1943 828 1974 Dion.
850 1942 924 1974 Per.
946 1951 980 1983 p.
994 1939 1059 1973 721
1081 1946 1115 1973 et
1131 1943 1319 1974 accuratius

301 1989 496 2022 Schneider.
526 1990 567 2021 ad
591 1989 678 2021 Plat.
707 1990 806 2031 prl.
832 2000 865 2031 p.
894 1986 963 2021 479
988 2000 1007 2021 a
1033 1988 1094 2034 μὲν
1182 1986 1221 2022 δέ
1245 1998 1319 2020 sese

300 2046 361 2077 per
373 2037 597 2069 anacoluthon
615 2037 779 2078 quoddam
797 2038 966 2078 excipere,
987 2037 1023 2068 in
1037 2037 1233 2078 Sophoclem
1251 2045 1318 2068 non

301 2084 402 2116 cadit.
421 2102 467 2108 —-
485 2084 500 2127 Η
519 2083 586 2116 Sed
603 2093 679 2116 cum
696 2085 771 2116 aliis
785 2086 962 2125 particulis
978 2085 1135 2125 inprimis
1161 2085 1319 2116 adversa-

1188 2143 1212 2176 μ
1222 2142 1238 2164 ε
1247 2142 1264 2164 ν
1276 2157 1283 2164 .
1291 2157 1313 2164 ..

1227 2176 1318 2212 ἀλλὰ

301 2132 382 2163 tivis
399 2133 582 2173 copulatwr,
605 2132 827 2164 continuandi
852 2133 1015 2164 sermonis
1041 2142 1158 2163 cansa:

299 2176 424 2212 ἀλλά.
459 2181 561 2212 τοῦτο
580 2177 656 2223 μέν,
677 2173 748 2212 οὐδ’
764 2176 808 2224 ἢν
826 2176 914 2225 θέλῃ
928 2205 935 2218 ,
956 2177 974 2211 ὃ
999 2177 1071 2212 άσει
1088 2173 1175 2213 ποτ’.

299 2224 359 2259 καί
377 2236 413 2259 σε
431 2224 484 2260 δεῖ
501 2224 645 2273 στείχειν
662 2221 723 2271 ἅμ’
748 2225 865 2265 αὐτοῖς
887 2227 950 2258 Ph.
975 2190 1057 2260 981.
1107 2224 1198 2273 τύχη
1223 2225 1317 2271 κακὴ

300 2272 365 2319 μὲν
382 2271 424 2307 αὐ
453 2272 471 2320 γ’
487 2271 536 2320 γ’,
557 2271 649 2308 ἀλλὰ
667 2274 872 2321 συγγνώμην
891 2272 964 2321 ἔχει
982 2275 1039 2306 Tr.
1061 2271 1142 2307 328.
1185 2271 1318 2307 τούτων

301 2320 365 2365 μὲν
382 2319 452 2365 τύμ
477 2333 505 2366 ῳ
531 2319 714 2368 προσάψῃς
742 2319 851 2367 μηδέν
965 2318 1041 2354 ἀλλ’
1064 2318 1088 2365 ἢ
1113 2323 1269 2354 πνοαῖσιν
1293 2318 1317 2365 ἢ

302 2365 523 2414 βαθυσκαφεῖ
543 2367 640 2425 ,κόνει
664 2366 798 2422 κρύψον
823 2379 874 2403 νιν
907 2369 962 2400 Ε1.
985 2366 1199 2422 431—4353
1229 2366 1318 2426 ἐρεῖς

301 2414 434 2507 figat?
451 2413 732 2496 &3233ssss
752 2427 801 2495 t?
804 2412 1319 2504 ‘131JJfiZQZ‘Zssztiffissffzss

301 2513 417 2542 contra
434 2511 640 2550 significans.
662 2528 767 2544 —.—
788 2509 865 2556 μὲν
940 2505 1030 2544 ἀλλ’
1055 2509 1072 2544 ὅ
1087 2522 1151 2555 μω
1164 2522 1181 2547 ς
1197 2511 1319 2542 fortius

301 2558 459 2589 enuntiat
485 2559 676 2590 sententiae
700 2561 832 2599 partem
856 2558 1050 2590 secundam.
1096 2568 1115 2590 σ
1146 2555 1223 2604 ικρὰ
1257 2555 1319 2602 μὲν

299 2601 386 2645 τάδ’,
405 2601 481 2638 ἀλλ’
499 2602 595 2661 ὅμως
613 2602 709 2652 ἅχω,
731 2603 789 2642 δὸς
814 2603 908 2651 αὐτῷ
920 2605 973 2637 El.
995 2602 1077 2638 450.
1145 2603 1232 2651 έγεις
1257 2602 1319 2648 μὲν

301 2649 422 2692 εἰκότ’,
452 2649 519 2685 ἀλλ
554 2650 650 2697 ὅμως
678 2663 715 2685 σε
744 2650 914 2697 βούλομαι
949 2650 1090 2686 ἐκπλεῖν
1123 2653 1184 2684 Ph.
1213 2648 1316 2684 1373.

300 2697 768 2780 ssssfsskff'sse‘ssssssrffiff'ffffaq
784 2695 1320 2792 ᾗῗὲἒζῗοὲλῖζὲῗέὀὲλέοὲμως

304 2792 504 2874 -ῑ-ὃμέννῇ.
534 2759 872 2875 ἀτάράζὲᾱοωδξῗο
890 2795 1094 2874 είξδῐιίθοαιιι.
1132 2791 1229 2852 οἶμαι
1256 2791 1320 2873 ριιὲν

301 2852 415 2934 xisti]
432 2851 607 2935 ἷέγόίνὸίζ.
621 2852 731 2920 1031?
751 2839 1323 2934 ἥπῶςνπῑῗσὶεγῖὲζχτῗέόῖἒδζῖτλῖι-

302 2932 417 2975 θύεις,
453 2933 540 2981 ἀτὰρ
557 2934 681 2982 ἀνδρὸς
698 2933 788 2969 κατὰ
812 2933 953 2981 ζήτησιν
983 2934 1023 2969 οὐ
1047 2934 1199 2981 πέμπεις
1223 2935 1316 2976 τινάς

303 2983 359 3014 Tr.
381 2979 439 3014 54.
475 2993 538 3016 ταυ
563 2985 701 3016 οκτονεῖ
717 2982 780 3028 μὲν
799 2977 920 3017 δώδεκ’
936 2980 1087 3021 ἐντελεῖς
1105 2981 1196 3030 ἔχων
1215 2981 1297 3028 βοῦς
1311 2992 1319 2999 ·

303 3027 389 3075 ἀτὰρ
404 3027 449 3062 τὰ
465 3028 532 3063 πάν
559 3027 567 3041 ’
585 3028 673 3075 ὁμοῦ
692 3028 814 3064 ἑκατὸν
833 3033 987 3076 προσῆγε
1004 3033 1160 3076 συμμιγῆ
1188 3027 1321 3076 βοσκή-

304 3088 396 3121 ματα
413 3074 494 3109 760.
514 3095 625 3109 —-.-—-
649 3075 786 3122 μὲν
815 3075 949 3115 αὖθις
967 3075 1013 3110 δέ
1046 3087 1142 3110 suam
1163 3078 1234 3109 vim
1265 3081 1320 3110 te-

304 3127 400 3164 nent,
423 3121 535 3165 αὖθις,
555 3128 595 3156 ut
610 3134 743 3166 meus,
766 3134 837 3156 rem
856 3125 1002 3157 secundo
1017 3125 1088 3157 loco
1104 3126 1227 3157 factam
1243 3134 1321 3166 pro-

304 3172 451 3203 nuntiat.
490 3169 681 3205 κωκύσασα
713 3170 776 3217 μὲν
810 3167 1001 3218 Μεγαρέως
1026 3169 1160 3206 κλεινὸν
1193 3169 1317 3217 λάχος,

303 3215 405 3255 αὖθις
428 3217 466 3251 δὲ
488 3217 591 3252 τοῦδε
615 3220 697 3251 Ant.
729 3216 842 3251 1302:
880 3223 919 3251 ut
943 3221 980 3251 in
1001 3221 1197 3260 partitione:
1218 3221 1320 3252 τοῦτο

304 3262 379 3309 μέν,
400 3263 443 3298 τὰ
458 3262 571 3299 Λαΐου
589 3264 752 3311 σέβοντας
769 3264 869 3304 εἰδὼς
963 3264 1075 3314 κράτη
1087 3275 1094 3282 ·
1112 3259 1200 3300 τοῦτ’
1220 3263 1320 3304 αὖθις

302 3313 385 3343 Ant.
417 3309 495 3344 165.
518 3331 624 3346 —.—-
664 3312 793 3358 μὲν...
829 3324 875 3359 γε
899 3311 1062 3358 μέντοι.
1105 3311 1198 3360 τύχη
1230 3310 1320 3347 θαυ-

305 3357 411 3402 μάσαι
436 3357 604 3403 μὲν·οἰξία,
631 3358 785 3406 σπουδῆς
812 3371 832 3406 γ
880 3358 1006 3418 μέντοι
1033 3363 1097 3406 τῆς
1131 3358 1220 3407 ἐμῆς
1253 3358 1318 3394 οὐκ

303 3402 379 3443 ἀξία
395 3406 453 3438 OR
470 3403 549 3439 777.
567 3425 675 3438 -.—-
701 3371 879 3451 μὲν...εὸ
907 3404 1044 3452 ὅμωζς,
1078 3417 1156 3439 casu
1175 3408 1313 3448 factum,
1355 3404 1498 3453 αἰσχρὰς
1533 3404 1666 3443 ἀπάτας
1693 3404 1833 3451 στυγνόν
1859 3415 1895 3438 τε
1926 3403 1975 3446 [δὲ
2002 3405 2102 3437 Dind.
2135 3413 2163 3435 c.
2194 3411 2259 3461 kg

1352 294 1417 326 quo
1435 285 1596 326 apodosin
1613 285 1743 317 orditur
1759 283 1809 326 δέ,
1829 287 1865 318 in
1883 295 1924 318 ea
1939 295 2020 319 voce
2042 287 2215 319 tractanda
2237 293 2288 320 me

1352 333 1661 376 ravimus.—-.—pt
1672 330 1714 365 ὲν
1786 330 1883 366 εἶτα
1899 333 2045 374 partitur
2053 343 2130 367 oum
2138 334 2288 374 continu*

1352 380 1541 411 sententia:
1577 381 1678 413 τοῦτο
1708 377 1770 424 μέν
1784 405 1792 419 ,
1818 378 1983 417 παιωνίοις
2010 377 2058 418 εἰς
2105 383 2201 426 εἴρας
2226 378 2288 416 ἐλθ

1352 424 1427 460 εἶτα
1442 423 1568 472 Τροίαν
1586 424 1708 460 ἑλόντα
1723 424 1827 464 κλέος
1843 424 2032 473 ὑπέρτατον
2049 391 2167 474 λὲβεῖν
2183 429 2245 461 Ph.
2260 425 2288 463 12

1352 477 1473 520 πρῶτα
1497 472 1626 518 μὲν....
1655 471 1925 519 κεκλημάτωται
1955 472 2094 522 χλωρὸν
2119 468 2288 522 οἰνάνθης]

1353 532 1421 565 μας
1435 530 1442 536 ·
1540 514 1599 554 εἶτ’
1616 518 1711 568 ἦμαρ
1738 518 1828 560 αὔξει
1846 522 1984 561 Thyest.
2005 523 2047 554 fr.
2076 519 2166 563 239,
2186 519 2219 554 3.
2265 521 2288 554 1³

1353 567 1508 602 ἔπειτα
1532 569 1688 609 sequitur
1714 569 1814 600 tertio
1839 570 2006 601 membro:
2034 562 2060 617 ᾗ
2083 572 2203 616 πρῶτα
2237 567 2288 614 μὲι

1354 614 1484 662 μητρὸς
1510 613 1654 661 ἔχθιστα
1680 613 1899 661 συμβέβηκεν
1914 626 1921 632 ·
1949 614 2026 650 εἶτα
2041 619 2115 654 τοῖς
2139 618 2288 663 φονεῦσι,

1353 661 1481 709 πατρὸς
1513 660 1699 707 ξύνειμι
1738 662 1854 696 ἔπειτα
1885 662 1987 702 ποίας
2018 662 2152 710 ἡμέρας
2186 662 2288 698 &cufi

1352 707 1446 756 ἄγειν
1470 707 1742 743 Ε1.261-266.
1771 727 1879 742 -.—-
1899 709 1978 755 μὲν
2068 709 2225 745 ἔπειτα
2248 718 2288 752 eq

1352 759 1425 789 vice
1443 758 1613 797 fungitur:
1635 755 1716 794 τοὺς
1735 756 1798 801 μὲν
1814 755 1942 796 ἄλλους
1968 756 2098 796 πάντας
2125 757 2288 806 δρόμους-5

1353 803 1459 838 θοῦτο
1535 802 1650 837 ἔπειτα
1658 802 1751 837 λύων
1761 802 1860 849 ἡνίαν
1924 803 2086 839 λανθάνει
2096 806 2150 838 El.
2165 798 2288 849 741-1

1354 850 1503 932 ἕῗέῑσὲῗ
1517 849 1679 932 μὲἶῗσότῗ
1691 849 1806 944 ἶῖἶῗᾷ
1818 850 2288 941 ἓξῖῗὲθῗῗὸψόῗίῗῗᾶἶῖἶῖἒᾶἷ

1354 945 1473 980 ἔπειτα
1489 911 1581 979 inge-rto
1601 911 1757 991 μανξέων
1782 911 1891 994 ταύγτὶτῃ
1915 911 2013 980 κελύω
2037 947 2092 980 OC
2120 941 2288 988 1298-ss

1354 992 1505 1039 φύλασσε
1524 1005 1548 1026 π
1571 998 1644 1027 ὦτα
1661 992 1724 1039 μὲν
1740 992 1858 1038 νόμον.
1935 991 2042 1028 ἔπειθ’
2063 993 2160 1040 ὅμως
2185 992 2225 1028 ἂν
2278 1006 2280 1010 ’

1356 1053 1404 1088 ρις
1494 1039 1552 1074 διπ
1575 1045 1598 1086 ῆ
1617 1040 1710 1088 φανῇ
1728 1042 1781 1072 Tr.
1804 1038 2001 1074 616-619.
2036 1041 2094 1076 τὸν
2120 1041 2183 1087 μὲν
2200 1040 2264 1089 γὰρ

1356 1086 1516 1122 πλεῖστον
1542 1086 1720 1134 ἄφθογγος
1742 1087 1869 1135 χρόνον
1884 1099 1891 1105 ·
1927 1086 2030 1122 ἔπειτ’
2054 1087 2132 1134 ἐμοὶ
2154 1085 2279 1135 ἑπηπε

1434 1137 1489 1167 Ai.
1512 1133 1577 1167 311
1599 1146 1648 1177 sq.
1681 1153 1723 1159 —
1749 1137 1807 1168 Bis
1840 1137 2035 1178 insequitur
2060 1135 2197 1170 ἔπειτα;
2266 1157 2271 1176 ;

1358 1182 1419 1228 μὲν
1438 1180 1516 1229 ὄψει
1533 1181 1706 1217 ἀνθοῦντα
1724 1182 1850 1230 στάχυν
1864 1209 1871 1223 ,
1901 1182 2019 1217 ἔπειτα
2036 1181 2229 1230 φοινίξαντα
2254 1220 2257 1222 ,

1357 1229 1475 1264 ἔπειτα
1505 1234 1614 1276 γῆρας
1645 1227 1833 1275 λαμβάνεις
1866 1231 1994 1271 Polyid.
2023 1233 2063 1264 fr.
2098 1228 2169 1263 462
2191 1233 2232 1274 b,
2267 1226 2280 1269 ,ῗ

1359 1296 1467 1311 -.-
1483 1277 1562 1323 μὲν
1653 1276 1807 1311 ἔπειτα
1825 1276 1872 1310 δέ
1887 1279 2010 1310 fortius
2027 1282 2080 1311 est
2104 1289 2204 1321 quam
2275 1287 2280 1322 ⁷,

1359 1324 1376 1358 ὃ
1387 1324 1419 1367 έ,
1443 1335 1505 1357 nec
1521 1326 1731 1358 dialecticam
1748 1326 1856 1358 solum
1875 1327 1934 1358 sed
1950 1330 1985 1358 et
2000 1327 2037 1358 in
2054 1328 2155 1359 rebus
2169 1327 2199 1358 si
2221 1342 2224 1354 ;
2244 1327 2278 1354 ηρ

1357 1375 1631 1406 consecutionem
1665 1374 1842 1413 significat.
1886 1370 2060 1417 βλέποντα
2090 1375 2150 1407 νῦν
2185 1372 2248 1418 μὲν
2259 1382 2265 1387 ”

1358 1419 1476 1454 ἔπειτα
1494 1419 1532 1454 δὲ
1550 1419 1669 1454 σκότον
1687 1421 1744 1452 OR
1761 1417 1843 1452 419.
1888 1419 1956 1454 ὅτω
1974 1424 2110 1467 πρῶτον
2128 1420 2191 1466 μὲν
2214 1417 2239 1466 ἡ

1357 1466 1451 1507 ξενος
1543 1467 1632 1501 ἐστιν
1651 1465 1755 1501 ἑστία.
1778 1466 1897 1501 ἔπειτα
1913 1465 1940 1501 δ’
1960 1466 2075 1514 ἱκέτης
2166 1467 2229 1502 ὃασ
2260 1508 2262 1511 Υ

1357 1514 1500 1561 σμικρὸν
1517 1513 1600 1548 τίνει
1618 1515 1673 1548 OC
1691 1512 1890 1548 632—634.
1936 1512 2064 1550 ἐννοεῖν
2088 1513 2159 1562 χρὴ
2184 1517 2242 1550 ‘to‘

1357 1560 1496 1609 γυναῖχ’
1522 1561 1573 1596 ὅτι
1592 1561 1734 1609 ἔφυμεν,
1829 1560 1947 1596 ἔπειτα
1971 1562 2009 1597 δὲ
2031 1562 2090 1597 καὶ
2114 1557 2204 1597 ταῦτ’
2234 1575 2253 1591 ν’

1357 1612 1439 1642 Ant.
1462 1608 1517 1644 61.
1564 1614 1671 1644 σῶσαι
1686 1612 1797 1664 κακοῦ
1817 1608 1880 1654 μὲν
1897 1614 2018 1656 πρῶτα
2033 1608 2138 1650 τοῦδ’,
2150 1608 2211 1644 ἕπε
2250 1629 2255 1638 ι

1357 1654 1652 1752 ῗοΧῖξξᾶζῗᾴῑὲ
1659 1653 2236 1752 ίῖὲὸῗὶᾞίἷῗαῇἓζὼόξζλάῖἐψῖες

1358 1763 1419 1786 σαν
1438 1751 1551 1799 δίφροι
1565 1762 1572 1769 ·
1601 1750 1717 1785 ἔπειτα
1735 1746 1762 1785 δ’
1780 1747 2008 1790 Αἰνιᾶνος....
2029 1749 2141 1786 πῶλοι
2158 1750 2217 1798 φέ
2230 1766 2253 1781 w

1358 1798 1437 1833 723.
1470 1804 1608 1847 πρῶτον
1634 1799 1696 1844 μὲν
1721 1796 1897 1843 εὐσέβειαν
1977 1797 2084 1841 οἴσει,
2120 1798 2255 1834 ἔπειτα

1356 1846 1524 1894 ἐλευθέρα
1546 1844 1648 1881 καλεῖ
1665 1843 1863 1879 968-970.
1894 1865 2003 1878 —.--
2035 1847 2112 1892 μὲν
2211 1844 2229 1880 ἔ
2253 1891 2255 1893 ¹

1358 1895 1536 1941 μέντοι,
1565 1905 1706 1927 cum...
1724 1898 1795 1926 tum
1819 1903 1909 1926 sane.
1963 1892 2112 1939 μάλιστα
2145 1893 2208 1940 μὲν
2242 1893 2261 1927 s

1355 1941 1520 1980 θανόντος
1556 1940 1612 1997 ἱμέ
1634 1951 1686 2021 &r
1729 1940 1846 1975 ἔπειτα
1887 1939 2006 1999 μέντοι
2044 1941 2100 1989 χώ
2132 1939 2248 1988 λόγος

1355 1991 1566 2083 essm
1583 2030 1816 2082 .
1843 2015 1936 2082 a...
1949 1987 2191 2082 ἐις-..κζ-
2217 2054 2230 2064 ..
2285 2077 2288 2080 ,

1354 2084 1414 2119 καὶ
1430 2087 1488 2118 νῦν
1569 2083 1639 2130 ὁρῶ
1657 2085 1712 2116 Ai.
1735 2082 1800 2116 1—
1831 2109 1838 2115 .
1868 2082 1886 2117 ἔ
1934 2095 1990 2118 ισα
2007 2083 2072 2129 μὲν
2151 2047 2237 2121 κάρ.
2285 2103 2287 2106 v

1356 2129 1554 2165 689-691,
1576 2149 1684 2174 —.—
1717 2130 1794 2176 μὲν
1821 2094 2025 2177 ..ηχόὶμως
2043 2129 2088 2165 δέ
2120 2135 2159 2164 ut
2191 2127 2220 2165 δ’
2286 2132 2288 2155 ²

1356 2182 1476 2213 fortius
1510 2189 1611 2221 quam
1645 2177 1690 2212 δέ
1706 2181 1848 2221 opponit
1871 2180 2015 2212 alterum
2038 2179 2146 2211 alteri.
2196 2184 2203 2207 3
2245 2181 2247 2183 ’

1357 2227 1419 2272 μὲν
1438 2225 1552 2283 πολλὴ
1574 2251 1613 2286 ..‹.
1642 2223 1739 2283 ὅμως
1756 2225 1794 2285 δὲ
1809 2224 1915 2272 τλῆθι
1940 2227 2000 2258 Ph.
2026 2222 2238 2282 473-475'10
2286 2231 2288 2235 ’

1356 2271 2206 2367 issii‘sq‘f”.2’‡.?‘523”Jsstssssassfflssssssi’ssss‘,
2232 2336 2234 2339 .

1356 2367 1468 2407 ἔκνιζέ
1487 2364 1520 2413 μ’
1541 2366 1607 2402 αἰεί
1633 2369 1691 2400 OR
1710 2366 1789 2401 785.
1826 2366 1869 2401 τὰ
1903 2367 1966 2413 μὲν
2001 2361 2132 2414 ἄλγιστ’
2154 2365 2238 2404 a'u..

1357 2415 1452 2473 ὅμως
1471 2414 1560 2449 δὲ
1582 2414 1699 2448 πεύσει
1718 2412 1962 2448 1237-1239.
1991 2414 2102 2448 δεινὸν
2120 2413 2238 2460 μὲν..

1356 2462 1374 2496 ὃ
1412 2462 1536 2509 ἔραμαι
1561 2460 1734 2496 πυθέσθαι
1759 2462 1816 2495 OO
1841 2460 1909 2495 509
1935 2473 1985 2504 sq.
2037 2460 2085 2496 θα
2108 2464 2179 2496 σεῖν

1357 2509 1374 2544 ἔ
1397 2522 1464 2557 ωγε
1482 2509 1633 2544 ἐπαινῶ·
1755 2507 1851 2555 ὅμως
1877 2507 1915 2542 δέ
1940 2506 2080 2542 664-6
2105 2506 2139 2541 6.
2179 2519 2200 2543 ο
2224 2512 2238 2517 ’

1357 2569 1417 2592 ουν
1522 2554 1618 2602 ὅμως
1637 2551 1665 2590 δ’
1682 2555 1829 2603 ἀδελφὴ,
1929 2554 2147 2603 ὑπούργησον
2173 2555 2245 2601 Εἰἱ-ῑξ,

1356 2603 1437 2638 461.
1467 2623 1573 2638 —.—
1593 2603 1671 2649 μὲν
1767 2603 1833 2638 τέε
1864 2605 1905 2636 de
1923 2614 1990 2645 qua
2005 2604 2110 2636 forma
2126 2604 2235 2636 bene‘

1358 2653 1431 2685 Erf.
1452 2662 1506 2693 ap.
1529 2653 1643 2684 Herm.
1665 2652 1706 2683 ad
1725 2652 1780 2684 Tr.
1796 2648 1896 2684 1234.
1918 2649 1978 2695 [cf.
1992 2651 2114 2683 Matth.
2135 2651 2176 2684 ad
2205 2653 2224 2689 ‘j

1358 2698 1415 2732 24.
1431 2717 1473 2723 —
1500 2700 1631 2739 Pflugk.
1655 2700 1695 2731 ad
1714 2700 1795 2731 Eur.
1816 2699 1979 2731 Androm.
2001 2695 2071 2730 466
2088 2701 2177 2730 recte
2196 2708 2221 2723 ι’
2247 2710 2250 2714 ·

1358 2757 1430 2779 rara
1447 2756 1522 2778 esse
1540 2747 1695 2787 exempla
1714 2747 1900 2787 eiusmodi,
1936 2755 2022 2787 quae
2046 2742 2084 2779 δέ
2105 2754 2164 2787 pro
2199 2761 2207 2771 ε

1358 2795 1429 2835 gari
1447 2795 1583 2826 omnino
1600 2803 1666 2826 non
1683 2795 1866 2835 patiantur.
1912 2792 1980 2825 Sed
2005 2802 2047 2825 ne
2065 2793 2140 2834 ipse
2157 2791 2223 2833 φῖ

1358 2842 1610 2874 Andromachae
1627 2842 1720 2872 locus
1738 2850 1804 2872 non
1821 2841 1961 2882 patitur,
1971 2841 2007 2872 in
2017 2848 2177 2882 quoerra
2230 2876 2231 2879 Ἴ
2270 2875 2271 2878 ¹

1356 2890 1414 2922 ubi
1430 2886 1454 2933 ἥ
1481 2899 1539 2933 μοι
1566 2886 1671 2933 μητρὶ
1696 2887 1758 2932 μὲν
1784 2885 1901 2922 θανεῖν
1929 2885 2018 2932 μόνη
2044 2883 2187 2932 μεταίτι
2206 2882 2230 2921 243

1357 2933 1457 2973 αὖθις
1477 2960 1540 2976 ...,
1571 2935 1743 2967 Schaeferi
1768 2938 1925 2967 conatum
1957 2936 2128 2975 refutans,
2163 2941 2227 2975 qus

1357 2980 1456 3020 αὖθις
1474 2984 1687 3015 coniecturus
1713 2986 1784 3014 erat
1807 2983 1884 3014 mel.
1918 2982 1991 3014 crit.
2012 2991 2045 3023 p.
2066 2977 2124 3014 23.
2181 2983 2221 3024 ij

1357 3031 1502 3063 conferri
1526 3031 1623 3061 iubet
1641 3030 1831 3069 Antigonae
1848 3030 1959 3061 locum
1982 3040 2014 3062 v.
2046 3025 2112 3060 165
2263 3047 2268 3057 .·

1356 3079 1486 3110 Verum
1514 3081 1604 3109 recte
1637 3077 1819 3108 contuleris
1846 3076 1957 3113 σώσας
1992 3074 2053 3121 μὲν
2081 3070 2215 3155 ἐέθρῇ
2259 3097 2271 3119 13

1356 3122 1473 3169 λαβών
1490 3134 1528 3156 τε
1555 3122 1744 3170 μοναρχίαν
1763 3119 1885 3157 εὔθυνε
1910 3123 1992 3155 Ant.
2024 3119 2090 3154 116
2117 3145 2125 3154 .
2152 3123 2208 3163 sq.
2266 3121 2271 3168 j

1358 3170 1421 3216 μὲν
1439 3169 1474 3204 ἐν
1492 3169 1620 3216 πόντῳ,
1640 3168 1730 3204 κατά
1745 3181 1782 3203 τε
1800 3167 1876 3215 δρία
1894 3168 2005 3203 πάντα
2020 3166 2168 3215 καθαίρ
2187 3182 2218 3217 g,

1356 3229 1401 3250 m.
1439 3215 1515 3251 ἀλλ’
1540 3215 1558 3250 ὁ
1585 3217 1647 3262 μὲν
1675 3215 1735 3251 οὖν
1760 3214 1851 3255 Ζεὺς
1877 3213 1895 3248 ὅ
1913 3211 1941 3249 τ’
1966 3211 2136 3251 Ἀπόλλων
2159 3211 2215 3261 ἔγ,

1355 3262 1424 3298 498
1449 3265 1502 3298 ch.
1538 3263 1681 3311 πάρεστι
1706 3263 1768 3309 μὲν
1793 3261 1998 3309 Τεῦκρος...
2028 3262 2097 3310 ἐγώ
2117 3272 2154 3296 τε
2262 3297 2265 3301 ,

1356 3323 1422 3354 sq.‚
1458 3313 1518 3344 ubi
1543 3322 1621 3343 cum
1651 3312 1779 3343 Teucer
1805 3315 1840 3344 et
1864 3311 1984 3343 Ulixes
2010 3320 2078 3343 una
2100 3310 2143 3342 de
2186 3324 2207 3343 κ

1354 3361 1498 3392 iunctim
1515 3363 1754 3399 memorentur,
1793 3356 1829 3391 δέ
1848 3359 1931 3390 falso
1956 3360 2151 3400 poneretur.
2183 3351 2218 3390 ὃ
