2288 3600
1 170 16 190 'c'

37 171 40 174 ’
74 183 108 218 p.
126 169 341 218 328-330.]

0 262 123 331 iffivelut
138 280 220 313 Eur.
240 279 297 312 Or.
320 276 398 312 δποι
415 278 619 310 recentiores
637 277 754 309 multi:
783 273 854 321 ὅπη
872 274 985 308 MVA
996 274 1022 306 B

0 322 54 367 {nt
67 324 149 361 723.
169 326 292 360 Aesch.
313 326 430 366 Agam.
454 321 544 358 1532
560 325 621 357 ubi
637 322 706 358 ὅπα
722 323 770 365 Μ,
790 320 870 356 ὅποι
886 318 1024 365 Elmsl.]

6 367 121 411 Proin.
143 369 223 406 659.
244 370 313 421 ὅπη
330 381 466 415 apogr.:
503 381 579 404 nam
606 369 686 405 ὅποι
707 372 772 403 etsi
795 370 842 402 M.
869 370 1021 411 praebet,

13 419 126 456 tamen
142 423 260 463 aptum
285 429 352 452 non
376 423 448 460 est3
477 422 567 451 recte
584 422 697 450 autem
725 414 914 462 ὅποιπερ
939 416 1023 456 legi-

11 473 70 503 tur
82 493 91 510 ,
117 468 215 500 cuius
232 467 349 500 eadem
365 467 466 507 ratio,
489 465 590 508 Soph.
610 465 669 498 ΟΒ
687 461 789 496 1458.
809 475 841 496 V.
864 460 1019 542 δποιπεὸρ.

13 517 56 550 cf.
84 515 200 548 Herm.
228 514 270 546 ad
292 514 423 546 Hecub.
449 510 550 545 1028.
587 513 664 544 Alia
687 521 741 544 res
772 515 824 543 est
848 510 904 543 OC
930 507 975 542 38
1011 521 1018 540 :

11 560 92 600 τοὺς
126 559 163 595 δὲ
193 559 273 599 σοὺς
302 557 382 594 ὅποι
406 557 482 594 θεοὶ
507 557 632 596 πόνους
660 558 928 598 κατοικτιοῦσιν,
961 554 1024 590 οὐκ

14 607 88 657 ἔχω
115 604 252 654 μαθεῖν.
293 604 396 641 ὅποι
427 607 484 639 alii
513 605 673 648 quamodo
701 604 957 647 explicuerunt,
988 603 1023 635 id

11 656 102 699 quod
118 665 292 697 nunquam
310 654 495 695 significat3
524 654 650 693 Reisig.
672 656 852 694 quatenus,
874 661 972 693 quam
989 652 1025 682 in

9 706 157 746 partem,
179 702 266 744 quod
285 711 351 734 non
370 702 482 733 verius
499 705 570 741 est,
599 701 794 732 Hermanno
819 699 909 730 locus
924 699 955 731 et
971 707 1024 729 re-

13 752 67 792 nio
96 750 244 790 intelligi
272 749 426 788 videtur,
458 748 494 780 in
523 757 623 789 quam
653 747 831 780 deducturi
856 746 1023 786 Oedipum

0 796 69 835 >dei
86 797 155 829 sint
171 797 320 829 laborum
337 796 412 827 eius
428 795 570 835 miserti,
591 794 680 836 quod
697 803 772 826 cum
787 794 887 825 verbo
903 802 1024 825 κατοι-

10 841 133 884 κτίζειν
151 843 318 876 conciliari
337 851 403 874 non
422 845 543 883 potest.
571 841 656 873 Mihi
674 837 755 874 ὅπο
767 851 796 881 ι,
824 841 853 872 si
870 850 1022 873 κατοι-

10 889 237 930 κτίζουσιν
263 891 426 931 scriptum
452 893 561 929 esset,
590 889 672 920 ferri
697 897 796 929 posse
812 888 870 918 vix
888 887 1025 918 videre-

13 941 87 972 tur:
114 941 156 970 ut
183 946 276 969 nunc
303 940 374 976 est,
406 936 692 977 breviloquentiae
722 935 897 967 studiosus
926 936 1025 974 poeta

12 985 74 1018 hoc
85 985 233 1025 intelligi
247 984 357 1016 voluit
371 981 449 1017 ὅποι
464 981 579 1016 πόνων
595 980 743 1016 ἐλθόντα
756 991 791 1014 σε
807 981 1026 1015 κατοικτιοῡ-

13 1041 85 1072 σιν,
113 1041 257 1073 quonam
281 1039 458 1063 aerumnae
482 1034 512 1062 te
535 1031 704 1070 pervenire
727 1030 859 1070 passuri
874 1029 961 1068 sint,
987 1030 1025 1059 ut

11 1078 192 1121 aliquando
205 1080 254 1110 tui
269 1079 497 1110 misereantur.
517 1077 645 1110 Similis
656 1077 826 1108 sententia
835 1079 887 1107 est
899 1074 1021 1106 Aesch.

0 1126 133 1168 SuppI.
161 1122 249 1158 604:
286 1122 400 1158 ἔνισπε
418 1119 447 1158 δ’
474 1121 581 1169 ἡμῖν,
610 1125 672 1157 ποῖ
695 1121 889 1168 κεκύρωται
911 1119 1022 1162 τέλος,

13 1171 129 1219 δήμου
152 1173 325 1219 κρατοῦσα
349 1170 424 1219 χεὶρ
452 1169 531 1205 ὅποι
561 1168 643 1215 [ὅπη
669 1168 720 1214 Μ]
745 1167 955 1216 πληθύεται,
992 1170 1028 1200 in

13 1223 124 1253 utram
146 1222 275 1261 partem
289 1220 391 1260 plura
414 1219 575 1261 suffrayia
592 1218 813 1257 inclinarunt,
842 1214 921 1249 ὅποι
938 1215 1028 1261 γνώ-

13 1278 83 1313 μης
112 1264 266 1303 πλείονες
295 1264 502 1311 μετέπεσον,
534 1264 620 1298 ὥστε
643 1266 782 1310 κρατεῖν
797 1262 844 1310 τῇ
866 1273 1027 1310 χειροτο-

10 1311 77 1361 νίᾳ.
99 1331 204 1347 -.-
231 1310 286 1358 [Ιη
304 1314 358 1345 ΕΙ.
381 1309 470 1345 1384
487 1313 529 1344 de
546 1312 741 1344 coniectura
766 1308 844 1344 ὅποι
861 1320 920 1352 pro
938 1307 1024 1343 ὅπου

11 1359 85 1405 [vel
103 1358 190 1408 ὅπῃ)
206 1360 324 1403 posuit
348 1360 455 1392 Dind.
477 1370 505 1391 c.
527 1359 757 1392 Schneidew.:
779 1369 811 1389 v.
832 1359 854 1390 i.
876 1354 979 1403 ὅπη.]

74 1401 194 1455 ‘'On-9
219 1417 274 1449 ap.
296 1406 399 1449 Soph.
420 1407 577 1448 pertenui
594 1416 659 1438 usu
677 1410 740 1438 est.
769 1405 783 1448 ΙΙ
815 1404 949 1446 Proprie
973 1404 1025 1436 di-

13 1459 105 1488 ctum
124 1455 293 1495 significat
309 1465 374 1496 qua
387 1456 440 1485 via
454 1480 461 1493 ,
491 1454 600 1494 deque
618 1453 889 1493 ingredientibus
906 1455 946 1484 ut
961 1452 1024 1483 ali-

12 1512 78 1545 quo
94 1503 314 1544 perveniant,
335 1502 470 1533 dicitur.
498 1502 550 1533 De
562 1500 623 1532 Ph.
641 1497 720 1532 481.
742 1500 796 1532 El.
817 1496 918 1532 1384.
938 1499 1020 1530 Ant.

14 1546 117 1582 1342.
138 1560 170 1581 v,
198 1558 309 1590 supra.
346 1548 454 1580 Unice
479 1551 596 1588 aptum
622 1545 704 1595 ὅπῃ
738 1547 820 1578 Eur.
841 1547 919 1578 Hel.
943 1542 1020 1577 147.

11 1594 60 1634 ὥς
83 1594 180 1642 τύχω
207 1594 474 1640 μαντευμάτων,
503 1592 547 1628 ὅπ
595 1595 681 1632 νεὼς
705 1590 879 1638 στείλαιμ’
904 1590 945 1626 ἂν
963 1589 1025 1626 οὔ-

13 1653 85 1724 ἓιον
115 1642 237 1688 πτερὸν
268 1641 303 1680 ἐς
324 1645 388 1688 γῆν
415 1606 724 1687 ἐναλίανῃΚύπρον.
761 1641 866 1672 Nemo
889 1640 1025 1681 scripsit

0 1722 1 1725 ,
35 1700 113 1731 ποι;
149 1700 216 1732 quo
244 1691 337 1722 enim
363 1691 536 1730 navigaret
564 1690 648 1722 satis
678 1689 803 1720 sciebat
832 1687 1021 1728 Menelaus,

3 1737 76 1770 'sed
101 1737 143 1770 de
166 1740 256 1770 recto
281 1747 383 1769 cursu
402 1737 548 1769 tenendo
566 1737 729 1769 sollicitus
747 1739 829 1767 erat.
858 1735 953 1766 Talia
969 1744 1027 1766 ve-

2 1785 75 1818 'lim
93 1784 329 1824 considerent,
358 1785 417 1824 qui
443 1780 522 1817 ὅποι
546 1788 582 1816 et
606 1781 675 1830 ὅπῃ
694 1782 779 1814 nihil
797 1783 931 1814 differre
949 1791 1026 1823 pro-

14 1831 190 1864 nuntiant.
233 1831 300 1863 Sed
328 1832 455 1863 rectius
479 1840 559 1862 sane
585 1840 627 1862 ex
645 1833 740 1871 parte
766 1830 927 1861 librorum
944 1829 1027 1861 scri-

13 1879 107 1911 bitur
124 1871 318 1924 ἐκκλῄομαι
334 1875 398 1924 γὰρ
425 1875 594 1923 δωμάτων
622 1875 700 1911 ὅποι
728 1873 809 1921 [ὅπη
829 1875 932 1908 Dind.
954 1885 1029 1908 cum

13 1926 152 1968 optimis
169 1922 311 1969 MVAB]
329 1923 428 1970 μόλω
445 1926 527 1957 Ευτ.
547 1924 603 1957 Or.
625 1921 706 1956 430.
719 1949 726 1963 ,
758 1933 820 1965 quo
837 1924 929 1955 enim
946 1933 1030 1955 cun-

16 1982 77 2014 que
98 1974 301 2013 pervenisset
316 1996 324 2012 ‚
356 1971 607 2013 excludebatur,
640 1981 705 2003 non
733 1971 951 2012 qualicunque
975 1971 1030 2001 via

15 2019 223 2060 inqredien35
249 2021 333 2051 item
351 2016 434 2063 [etsi
456 2019 582 2051 habent
599 2023 743 2059 utroque
767 2019 838 2050 loco
856 2015 943 2051 ὅπου
960 2016 1026 2059 ΡΟ]

14 2063 95 2100 ὅποι
110 2069 175 2112 γῆς
192 2060 389 2100 πυνθάνοιτ’
407 2062 608 2112 ἱδρυμένους
626 2066 758 2097 Heracl.
781 2062 835 2097 19.
874 2062 954 2098 ὅποι
974 2065 1028 2096 vel

15 2110 103 2147 ὅπου
120 2116 186 2159 γῆς
211 2110 339 2159 πύργον
358 2110 563 2158 οἰκιούμεθα
587 2114 633 2145 ib.
654 2109 734 2152 46.;
763 2113 908 2144 alterum
936 2112 1027 2143 enim

0 2182 1 2185 κ
11 2162 216 2202 pervenisse,
248 2169 327 2202 quos
345 2163 498 2202 quaerat,
529 2159 574 2191 ad
591 2161 740 2201 aliquam
755 2158 864 2192 sedem
880 2162 911 2190 et
927 2167 1028 2190 oceu-

14 2217 114 2248 paase
130 2207 317 2247 significat,
344 2208 490 2239 alterum
516 2208 650 2239 brevius
668 2209 869 2239 contractam
889 2210 1028 2238 senten-

17 2254 100 2286 tiam
130 2254 270 2286 habebit
297 2251 376 2287 ὅποι
403 2257 468 2300 γῆς
498 2251 656 2291 ἐλθόντες
687 2250 908 2298 οἰκιούμεθαε
944 2253 1027 2284 item

17 2298 104 2334 ὅπου
135 2301 258 2334 Aesch.
291 2301 399 2333 Prom.
428 2297 510 2334 659.
556 2305 611 2340 [ex
640 2301 793 2341 vestigiis
821 2300 935 2339 Med.,
972 2300 1032 2340 qui

16 2344 113 2381 ὅπου
143 2348 248 2380 Dind.
269 2345 351 2394 ὅπη.
372 2345 497 2392 dedit.]
806 2345 856 2390 (ΙΙ
872 2357 907 2388 p.
928 2344 1031 2390 329.)

90 2394 106 2437 ΙΙ
126 2394 339 2435 Transfertur
369 2393 450 2442 ὅπῃ
475 2404 532 2435 εο,
572 2397 611 2427 ut
633 2395 781 2436 aliquam
805 2396 895 2426 viam
919 2397 950 2425 et
972 2404 1029 2425 ra-

17 2443 140 2474 tionem
168 2443 239 2483 quis
272 2443 437 2482 inaressus
462 2442 690 2482 significetur,
722 2444 908 2482 partemve,
940 2440 1031 2474 unde

3 2493 84 2521 ‘rem
108 2488 321 2529 adyrediatur
349 2489 580 2528 tractandam;
613 2489 648 2520 id
673 2499 749 2520 cum
774 2492 865 2520 recte
890 2488 1031 2520 vidisset

17 2535 134 2569 Stallb.
164 2536 188 2567 l.
209 2545 237 2568 c.
266 2545 332 2568 non
359 2536 477 2568 debuit
494 2536 605 2568 dicere
623 2533 691 2583 ὅπῃ
717 2539 752 2567 et
767 2539 892 2567 motum
908 2539 944 2567 et
959 2538 1029 2569 sta-

6 2585 90 2614 tum
106 2583 305 2623 significare.
334 2583 467 2624 Quippe
485 2593 561 2615 cum
577 2583 675 2615 verba
686 2586 794 2614 motus
807 2582 1030 2624 siqnificantia

3 2629 136 2661 *tv-alate
153 2629 242 2661 dicta
266 2630 408 2670 adsunt,
441 2634 475 2661 et
503 2627 581 2663 ὅποι
610 2634 644 2662 et
670 2627 738 2677 ὅπῃ
763 2639 858 2661 suam
881 2629 1030 2670 quidque

2 2677 221 2719 ,provinciam
247 2681 337 2708 recte
363 2677 538 2716 tuebitur,
573 2681 613 2709 ut
647 2677 825 2716 diligenter
849 2676 1031 2717 ponderata

17 2723 188 2755 sententia
203 2734 222 2755 a
238 2724 334 2755 libris
352 2724 509 2755 standum
527 2724 590 2756 sit:
620 2725 673 2756 sin
690 2724 787 2755 aliter
804 2724 927 2755 dicitur
938 2750 945 2763 ,
976 2733 1028 2754 sa-

0 2771 64 2802 :tis
82 2770 189 2802 multa
206 2770 363 2812 exempla
387 2774 470 2802 sunt
501 2768 603 2804 ὅποι
635 2770 774 2802 minime
799 2771 1026 2802 admittentia.

0 2811 78 2850 *1110
101 2817 195 2848 modo
219 2817 321 2849 habet
342 2817 379 2848 in
398 2815 477 2851 ὅποι
494 2821 528 2849 et
545 2815 614 2864 ὅπη
631 2814 719 2851 rea*
735 2818 817 2850 Eur.
839 2817 939 2850 Herc.
960 2819 1025 2849 fur.

19 2860 109 2896 1245
138 2863 208 2906 [ubi
234 2861 320 2897 ὅπου
344 2864 434 2897 Plut.
455 2864 537 2896 Mor.
565 2874 599 2905 p.
623 2861 688 2896 106
738 2864 771 2895 d.
799 2867 835 2896 et
851 2861 920 2908 ὅπη
938 2864 1030 2896 idem

18 2914 53 2943 et
70 2910 141 2943 cod.
163 2910 189 2942 C
211 2910 367 2953 habent]
405 2909 485 2944 ὅποι
513 2914 548 2943 et
579 2909 649 2959 ὅπῃ
673 2909 859 2957 τράπωμαι
888 2910 940 2952 [de
965 2921 1030 2952 quo

19 2961 132 2998 supra]
144 2983 152 2998 ,
182 2955 260 2991 ὅποι
277 2961 312 2989 et
329 2955 398 3005 ὅπῃ
417 2962 534 2991 σκοπῶ
550 2955 645 3002 (nam
663 2956 732 2991 ὅπα
744 2955 810 2991 ἴδω
828 2958 927 2999 Soph.
943 2958 1024 2990 Ant.

18 3000 111 3036 1342
141 3005 275 3046 proprie
302 3005 429 3037 dictum
455 3003 532 3049 est).
569 3005 687 3037 Altera
711 3005 793 3037 ratio
814 3005 868 3036 his
900 3006 1030 3046 patebit

6 3051 208 3095 exemplis,
236 3061 378 3092 quorum
404 3056 517 3084 tamen
542 3052 652 3083 simile
675 3052 758 3093 quid
781 3052 817 3083 in
837 3050 1029 3093 Sophocleis

14 3106 86 3139 ,non
104 3099 263 3138 reperias.
291 3092 479 3144 τούπίσημ’
499 3096 569 3143 ὅπη
585 3095 680 3131 τελεῖ
696 3099 818 3130 Aesch.
837 3098 930 3139 Sept.
945 3095 1026 3130 659.

11 3141 108 3176 Med.
129 3142 228 3185 ὄποι;
258 3149 312 3177 cst
340 3155 404 3186 qua
430 3148 528 3185 parte
555 3155 581 3177 s.
615 3155 679 3186 qua
703 3147 759 3177 via
785 3145 968 3177 incedentia
992 3149 1030 3177 ut

18 3192 66 3226 im
90 3192 232 3223 leantur.
261 3189 300 3224 οὐ
318 3190 382 3238 γὰρ
400 3186 470 3225 οἷδ’
488 3189 556 3239 ὅπῃ
573 3189 665 3225 τελεῖ
688 3189 861 3237 (μόχθος)
877 3192 1025 3233 Ghoeph.

16 3234 40 3271 <1
94 3235 124 3269 1.
152 3239 274 3280 Inepte
291 3239 414 3271 Blomf.
443 3237 532 3272 ὅποι.
569 3234 646 3276 Διὸς
671 3236 736 3283 γὰρ
754 3237 820 3285 οὐχ
838 3237 908 3283 ὁρῶ
927 3241 1029 3284 μῆτιν

19 3281 88 3319 ὄπα
105 3282 251 3330 φύγοιμ’
266 3282 307 3318 ἄν
325 3285 434 3317 Prom.
455 3282 523 3317 906
540 3286 592 3317 ch.
620 3290 711 3317 recte
737 3286 804 3317 sic:
833 3295 944 3326 apogr.
964 3287 1030 3318 duo

18 3333 155 3376 tantum
171 3329 279 3372 ὅπου,
308 3333 444 3373 inepte3
475 3342 537 3364 nec
560 3332 645 3364 illud
672 3341 734 3363 nec
760 3330 840 3366 ὅποι
858 3333 1030 3364 sententia

28 3379 31 3382 ⁴
51 3378 172 3415 ,mittit
184 3403 192 3419 ‚
212 3388 299 3419 quae
316 3379 393 3411 talis
411 3382 481 3410 est:
520 3389 584 3420 qua
600 3380 656 3410 vin
673 3379 826 3411 incedens
850 3381 873 3411 i.
895 3389 926 3410 e.
947 3389 1028 3421 quo—

34 3418 45 3425 ”
76 3424 117 3457 do
133 3432 202 3457 rem
214 3434 368 3466 ayyressa
385 3426 559 3467 effuyiam‚
585 3426 678 3459 velut
694 3436 727 3458 v.
748 3422 828 3459 586.
858 3420 938 3460 οὐδ’
955 3423 1028 3474 ἔχω

804 154 933 224 ’Όπῃ
953 185 1015 192 -
1035 153 1225 212 Ὀποῖος

1965 153 2063 202 533

1059 270 1184 332 μαθεῖν
1202 271 1271 321 ὅπῃ
1289 271 1449 319 πημονὰς
1473 270 1588 312 ἀλύξω
1607 274 1680 305 sine
1706 283 1775 306 var.
1803 275 1979 315 scriptura.
2009 273 2066 308 σὸν

1059 331 1156 367 εργον
1175 318 1380 367 φροντίζειν,
1409 317 1478 368 ὅπη
1495 319 1553 354 τὸν
1570 318 1677 366 ἄνδρα
1693 319 1874 366 κρατήσεις
1892 321 1951 353 Ατ.
1972 322 2061 354 Nub.

1061 366 1162 401 1345.
1191 368 1301 402 Simili
1320 366 1416 400 modo
1433 368 1659 409 explicabitur
1681 368 1804 400 Aesch.
1825 369 1888 409 Ag.
1910 365 1966 400 67.
1996 366 2068 402 ἔστι

1058 413 1093 449 δ’
1111 413 1180 463 ὅπῃ
1197 416 1256 449 νῦν
1275 412 1346 448 ἔστι
1361 423 1488 456 quoquo
1503 424 1614 447 rerum
1632 418 1723 446 statu
1739 418 1805 455 est,
1833 416 1964 457 proprie
1983 425 2065 457 qua-

1058 472 1187 504 cunque
1213 471 1327 496 rerum
1353 471 1489 494 suarwn
1515 461 1819 494 constituendarum
1847 464 1903 495 via
1926 462 2066 502 ini-edim

1059 511 1102 543 cf.
1131 510 1216 542 Plat.
1246 508 1436 550 Eutbyphr.
1465 518 1499 550 p.
1527 505 1568 549 4,
1598 509 1640 540 E.
1684 507 1887 544 ἐπίστασθαι
1905 507 1981 555 περὶ
1997 513 2067 543 τῶν

1057 554 1160 591 θείων
1177 554 1246 603 ὅπῃ
1267 554 1350 602 ἔχει.
1372 565 1405 596 p.
1430 552 1490 595 12,
1512 556 1551 587 Β.
1573 553 1642 602 ἐγὼ
1660 553 1719 589 οὖν
1736 554 1846 601 τούτῳ
1863 554 2070 603 διαφέρομαι

1057 603 1108 649 τῷ
1125 604 1273 650 ποιητῇ·
1309 600 1398 636 εἴπω
1421 612 1474 636 σοι
1499 600 1588 650 ὅπης
1625 604 1785 644 Ineptum
1803 607 1858 636 est
1881 601 1980 643 ὁποι,
2008 605 2066 636 sed

1059 661 1101 683 ne
1119 649 1205 684 ὅπου
1223 650 1358 692 quidem
1379 654 1469 682 recte
1494 650 1643 690 dicatur3
1672 652 1827 692 quisquis
1851 652 1942 684 enim
1969 651 2065 683 audi-

1058 702 1129 737 ret,
1167 698 1311 729 referret
1328 697 1370 728 ad
1388 698 1495 729 locum
1507 723 1514 736 ,
1543 707 1608 738 quo
1632 707 1722 729 nunc
1741 698 1853 739 ipsum
1871 699 1997 730 versari
2016 699 2067 729 vi-

1058 746 1207 777 deretur.
1247 745 1336 776 Hinc
1362 745 1418 784 flt,
1446 748 1485 776 ut
1508 741 1590 792 ὅπῃ
1625 754 1690 786 qua
1706 747 1761 776 via
1781 749 1816 777 et
1840 743 1954 782 ὅπως
1987 755 2068 787 quo-

1060 792 1154 824 modo
1172 793 1349 823 coniuncta
1373 792 1606 833 reperiantur3
1641 802 1672 824 V.
1694 792 1889 824 Boissonad.
1918 793 1959 824 ad
1985 793 2065 824 Phi-

1059 840 1151 871 lostr.
1173 839 1253 870 Her.
1275 834 1355 871 604.
1391 839 1516 870 lacobs.
1539 839 1579 870 ad
1596 839 1753 871 Philostr.
1782 841 1907 880 Imagg.
1928 849 1962 880 p.
1983 836 2063 871 635.

1059 884 1154 923 ὅπως
1187 883 1225 919 δὲ
1248 885 1329 932 γῶπ
1367 911 1374 924 ,
1409 887 1515 919 ταῦτα
1549 883 1602 919 δεῖ
1635 887 1769 931 μακροῦ
1800 885 1926 932 γρόνου
1959 884 2068 920 εἰπεῖν

1060 934 1183 966 Aesch.
1204 925 1312 965 Proin.
1330 896 1414 966 375.
1444 934 1482 964 In
1501 933 1552 964 his
1570 934 1754 974 exemplis,
1785 927 1927 975 quorum
1945 934 2069 966 similia

1059 982 1124 1013 alia
1141 981 1249 1012 multa
1264 985 1345 1012 sunt
1359 1006 1366 1019 ,
1395 980 1558 1021 quomodo
1576 977 1655 1014 ὁποι
1679 985 1714 1013 et
1730 977 1799 1028 ὅπῃ
1818 982 1908 1013 inter
1924 991 1960 1013 se
1978 990 2066 1013 com-

1061 1028 1183 1060 mutari
1202 1029 1351 1069 possint,
1374 1028 1459 1059 scire
1476 1036 1568 1059 aveo.
1599 1027 1638 1059 V.
1659 1028 1760 1059 etiam
1778 1026 1830 1075 πῇ
1846 1033 1881 1060 et
1897 1029 1971 1062 ποῖ.

1126 1070 1135 1083 ‘
1149 1070 1312 1112 Οποῖος
1339 1075 1457 1116 qualis.
1483 1073 1498 1115 ΙΙ
1523 1074 1678 1105 Relatum
1699 1073 1744 1106 ad
1761 1076 1992 1107 correlativum
2008 1075 2068 1108 de-

1062 1122 1274 1154 monstrativi
1302 1123 1435 1162 generis
1465 1130 1531 1153 non
1562 1122 1703 1161 legitur,
1736 1122 1797 1154 sed
1821 1132 1903 1154 sane
1933 1123 1998 1164 ita,
2031 1126 2070 1155 ut

1060 1170 1221 1201 omissum
1250 1169 1311 1201 hoc
1344 1169 1578 1201 subaudiatur.
1623 1166 1729 1202 ὁποῖα
1759 1180 1805 1216 χρ
1822 1162 1881 1208 ’ζει
1915 1167 2071 1216 ρηγνύτω

1060 1216 1128 1248 OIt.
1151 1213 1250 1249 1076.
1292 1213 1407 1260 δεινὴν
1437 1212 1478 1249 ἂν
1508 1226 1532 1248 π
1556 1212 1626 1255 ᾶΕιν
1654 1213 1772 1262 τύχοις
1796 1214 1818 1250 λ
1837 1213 1916 1258 Εας,
1950 1214 2071 1255 ὁποίας

1061 1260 1306 1308 ἐξαφισταίμην
1339 1261 1407 1307 ἐγώ
1439 1262 1495 1295 OC
1545 1259 1603 1294 61.
1646 1261 1751 1298 εἰπὼν
1783 1262 1890 1298 ὁποῖα
1914 1261 2074 1309 ξύμφορα

1063 1307 1164 1343 1347.
1193 1304 1277 1343 ἀλλ’
1293 1307 1369 1344 ἴσθ’
1395 1307 1497 1355 ὁποίᾳ
1514 1319 1566 1343 σοι
1585 1307 1682 1344 δοκεῖ
1698 1312 1780 1343 Ant.
1802 1308 1859 1343 71.
1888 1312 1948 1344 LA
1965 1316 2001 1344 et
2018 1321 2072 1344 re-

1060 1358 1145 1398 liqui
1163 1359 1248 1390 male
1266 1356 1384 1398 ὁποῖα,
1406 1357 1466 1389 sed
1483 1366 1603 1389 sensus
1621 1367 1686 1390 non
1703 1359 1832 1400 patitur
1848 1355 1921 1393 ἴσθι
1936 1360 1977 1391 ab
1995 1355 2072 1393 οἴδα

1060 1409 1229 1446 repetere.
1273 1405 1380 1438 Schol.
1419 1405 1522 1437 etiam
1556 1401 1658 1437 ὁποία
1686 1406 1856 1446 agnoscit,
1892 1406 1981 1448 quod
2015 1405 2070 1447 [ex

1060 1452 1220 1484 Triclinio
1238 1453 1367 1493 recepit
1386 1451 1506 1494 Dind.]
1521 1464 1530 1491 3
1558 1452 1606 1484 sic
1622 1453 1714 1484 enim
1732 1453 1867 1485 scribit:
1905 1450 2072 1499 γίγνωσκε

1060 1497 1165 1532 ὁποῖα
1198 1497 1237 1532 σὺ
1271 1496 1404 1539 θέλεις,
1438 1497 1478 1532 τὸ
1509 1494 1688 1533 πείθεσθαι
1718 1501 1792 1538 τοῖς
1824 1498 2012 1546 τυράννοις.
2047 1497 2072 1545 ἢ

1058 1544 1199 1592 τοιαύτη
1228 1547 1346 1592 γενοῦ,
1380 1543 1483 1579 ὁποία
1510 1545 1570 1580 καὶ
1595 1543 1721 1591 βούλει.
1762 1546 1843 1580 Cod.
1872 1549 1975 1580 Paris.
1998 1545 2072 1582 ἰ’σθι

1060 1591 1154 1626 ποία.
1194 1594 1311 1626 Herm.
1347 1591 1450 1638 ὁποίᾳ
1480 1593 1588 1632 dedit,
1623 1593 1659 1625 id
1688 1595 1788 1627 verbo
1819 1592 1917 1628 δοκεῖ
1945 1596 2071 1636 requiri

1060 1642 1232 1672 affirmans
1245 1666 1252 1680 ,
1274 1641 1339 1673 etsi
1357 1638 1460 1674 ὁποία
1476 1641 1517 1672 ad
1533 1637 1607 1675 ἴσθι
1623 1642 1862 1674 accommodari
1879 1651 1944 1675 non
1959 1643 2074 1676 minus

1060 1689 1148 1720 bene
1178 1689 1295 1728 possit.
1337 1685 1401 1721 οὐκ
1431 1684 1510 1722 ἔσθ’
1541 1685 1662 1722 ὁποῖον
1686 1685 1803 1722 στάντ’
1824 1685 1866 1722 ἂν
1889 1686 2076 1735 ἀνθρώπου

1063 1732 1136 1780 βίον
1154 1731 1230 1768 οὔτ’
1247 1730 1419 1780 αἰνέσαιμ’
1447 1732 1508 1775 ἄν,
1537 1731 1615 1768 οὔτε
1640 1733 1845 1782 μεμψαίμην
1870 1734 1955 1770 ποτέ
1974 1733 2075 1770 1156.

1064 1780 1184 1816 ὁποῖον
1202 1780 1327 1816 στάντα
1345 1783 1373 1815 si
1399 1791 1464 1814 sec.
1494 1781 1594 1814 schol.
1627 1783 1866 1824 coniunxeris,
1893 1784 2078 1824 elegantior

1065 1833 1117 1861 est
1149 1830 1340 1870 sententia,
1377 1830 1437 1862 sed
1471 1829 1645 1871 aliquanto
1678 1831 1850 1872 operosius
1884 1831 2074 1873 explenda:

1065 1874 1129 1910 οὐκ
1155 1874 1224 1910 ἔστι
1245 1874 1317 1921 βίος
1340 1878 1511 1917 τοιοῦτος,
1540 1875 1627 1910 ὥστε
1654 1873 1871 1922 ἐπαινέσαιμ’
1896 1874 1936 1912 ἂν
1955 1876 2080 1912 στάντα

1065 1921 1259 1957 ὁποιονοῦν.
1278 1942 1325 1947 -
1349 1922 1485 1970 ἄριστον
1500 1921 1609 1970 ἄνδρα
1687 1919 1848 1965 κτείνασ’,
1880 1922 1999 1959 ὁποῖον
2017 1923 2080 1959 ἄλ-

1063 1968 1124 2004 λον
1144 1968 1208 2004 οὐκ
1225 1968 1302 2017 ὄψει
1318 1969 1403 2005 ποτέ
1420 1972 1474 2003 Ττ.
1495 1967 1576 2004 812.
1613 1969 1719 2005 ὁποῖα
1745 1965 1885 2018 δραστὲ’
1903 1970 1992 2007 ἐστίν
2009 1971 2079 2016 (εἷ-

1065 2016 1147 2062 πον)
1167 2015 1267 2051 1204.
1302 2018 1496 2060 Aliquando
1517 2019 1566 2050 ita
1590 2020 1734 2060 quiaquia
1759 2020 1939 2060 significat.
1966 2017 2078 2054 κᾶλλο

1063 2068 1132 2099 τῶν
1163 2063 1277 2110 ἐμῶν,
1309 2063 1429 2100 ὁποῖον
1460 2062 1502 2099 ἄν
1532 2075 1584 2099 σοι
1609 2063 1786 2114 Ευμφέρῃ,
1818 2065 1996 2113 γενήσεται
2013 2068 2074 2101 Ph.

1064 2109 1143 2144 659.
1173 2113 1208 2146 Si
1226 2113 1430 2145 admiscetur
1447 2112 1501 2145 hic
1519 2116 1633 2145 tamen
1651 2114 1764 2154 aliqua
1779 2114 1902 2146 indolis
1919 2118 1954 2147 et
1977 2115 2078 2148 ratio-

1063 2160 1117 2191 nis
1142 2160 1253 2199 notio,
1291 2164 1382 2192 certe
1406 2160 1542 2192 relativi
1570 2161 1778 2201 pronominis
1804 2161 1901 2194 modo
1930 2162 2073 2202 dicitur3

1064 2204 1162 2240 οὐδὲν
1188 2205 1252 2252 γὰρ
1279 2201 1357 2240 οὔτ’
1381 2205 1536 2253 ἀλγεινὸν
1555 2201 1634 2241 ἔσθ’
1660 2205 1779 2242 ὁποῖον
1798 2206 1837 2242 ού
1862 2211 1931 2242 τῶν
1958 2212 2026 2242 σῶν
2042 2220 2079 2242 τε

1062 2251 1186 2298 κάμῶν
1205 2252 1269 2288 οὐκ
1286 2248 1400 2287 ὄπωπ’
1422 2253 1438 2288 ἐ
1461 2253 1490 2287 ὼ
1506 2257 1626 2288 κακῶν
1643 2256 1726 2288 Ant.
1741 2253 1774 2287 5.
1797 2255 1885 2297 quod
1900 2265 1971 2288 non
1985 2257 2077 2288 vide-

1063 2303 1138 2333 rim.
1167 2301 1284 2333 Herm.
1306 2311 1398 2334 nunc
1414 2313 1432 2336 0
1473 2302 1624 2334 scribens
1641 2302 1820 2342 distinxit,
1841 2312 1904 2335 nec
1921 2303 2076 2344 intelligo

1064 2358 1151 2389 quae
1175 2348 1264 2380 dixit
1285 2349 1326 2381 ad
1343 2359 1375 2382 ν.
1395 2346 1429 2382 4.
1458 2350 1501 2381 V.
1523 2346 1581 2390 οὐ,
1610 2345 1643 2381 5.
1673 2366 1715 2373 —-
1749 2348 1764 2391 ΙΙ
1781 2349 1871 2382 Hinc
1896 2352 2078 2392 interroyat

1065 2398 1101 2427 in
1116 2395 1287 2428 narrando
1307 2405 1334 2429 s.
1354 2396 1521 2428 indirecte
1539 2396 1581 2428 de
1598 2397 1647 2428 rei
1672 2397 1816 2429 alicuius
1833 2400 1954 2429 natura
1970 2401 2006 2430 et
2022 2399 2076 2430 in-

1065 2443 1151 2475 dole.
1178 2441 1219 2476 τὸ
1236 2437 1380 2500 πάθημ’
1405 2441 1526 2477 ὁποῖον
1545 2436 1612 2523 φῄῖξ
1629 2440 1774 2484 παθεῖν,
1803 2441 1942 2478 δίδασκέ
1961 2455 2003 2489 με
2020 2445 2078 2478 OR

1065 2486 1145 2522 554.
1172 2492 1237 2536 γῆς
1255 2487 1375 2528 ὁποιας
1391 2487 1503 2535 ἦλθον
1522 2490 1576 2523 OC
1613 2487 1670 2522 72.
1698 2488 1804 2537 ’μόρῳ
1823 2486 1855 2524 δ’
1877 2488 1986 2537 ὁποίῳ
2002 2493 2077 2526 κεῖ-

1063 2547 1122 2574 νος
1140 2531 1257 2578 ὤλετ’,
1287 2533 1366 2570 οὐδ’
1383 2534 1424 2571 ἂν
1442 2534 1492 2575 εἷς
1510 2534 1647 2584 θνητῶν
1665 2535 1805 2584 φράσειε
1825 2534 1928 2571 1655.
1955 2537 2014 2572 σκέ
2044 2550 2078 2572 αι

1066 2579 1099 2616 δ’
1127 2581 1246 2621 ὁποίας
1271 2585 1378 2617 ταῦτα
1401 2586 1581 2630 συμφορᾶς
1613 2581 1680 2618 ὕπο
1706 2582 1865 2619 πέπονθα
1890 2586 1946 2618 Ττ.
1972 2583 2016 2618 10
2040 2583 2074 2618 7.

1065 2627 1198 2710 effigiet-:tc
1231 2626 1261 2663 δ’
1297 2628 1355 2664 ἵνα
1387 2634 1506 2678 φανεῖς
1535 2630 1657 2669 ὁποῖος
1683 2630 1730 2665 ὢν
1755 2629 1845 2677 ἀνὴρ
1871 2629 1954 2678 ἐμὸς
1977 2630 2079 2667 καλεῖ

1067 2675 1106 2709 11
1135 2675 1170 2710 8.
1198 2676 1262 2722 ὅρα
1280 2676 1435 2723 μολοῦσα
1450 2674 1556 2722 τόνδ’,
1584 2674 1681 2712 ὁποῖ’
1709 2677 1778 2724 ἔπη
1796 2676 1896 2724 θροεῖ
1915 2680 1971 2712 Ai.
1993 2677 2073 2713 785.

1066 2720 1216 2771 μὲμνησ’
1238 2723 1347 2771 ὁποίῳ
1375 2724 1463 2771 φωτὶ
1478 2724 1542 2771 τὴν
1566 2723 1667 2773 χάριν
1691 2723 1793 2764 δίδως
1813 2723 1916 2759 1354.
1944 2727 1999 2758 Ad
2015 2727 2077 2759 hoc

1065 2781 1173 2812 genus
1197 2773 1384 2814 quaerendi
1402 2774 1549 2805 refertur
1574 2773 1677 2805 etiam
1694 2773 1936 2806 vexatissimus
1953 2774 2011 2806 ille
2027 2775 2075 2806 lo-

1065 2829 1124 2851 cus
1142 2820 1223 2851 Ant.
1245 2816 1278 2851 3.
1306 2814 1364 2864 ἆρ’
1385 2815 1477 2853 οἷσθ’
1498 2818 1550 2853 ὅτι
1568 2816 1659 2858 Ζεὺς
1675 2823 1744 2853 τῶν
1761 2816 1825 2854 ἀπ’
1846 2816 1991 2856 Οἰδίπου
2008 2831 2075 2853 κα-

1063 2869 1135 2899 κῶν
1154 2863 1275 2900 ὁποῖον
1293 2863 1469 2910 [ἐλλεῖπον
1487 2867 1607 2904 Dind.]
1627 2864 1707 2914 οὐχὶ
1730 2865 1795 2914 νῷν
1813 2865 1863 2901 ἔτι
1880 2865 2002 2906 ζώσαιν
2018 2878 2076 2900 τε-

1064 2910 1136 2953 λεῖ;
1167 2913 1221 2946 Sic
1238 2914 1350 2954 enim,
1382 2923 1448 2946 non
1474 2911 1513 2955 ὅ,
1544 2925 1576 2947 τι
1593 2915 1664 2946 sive
1690 2912 1708 2948 ὅ
1725 2925 1758 2947 τι
1775 2915 2010 2956 scribendum,
2042 2918 2078 2947 et

1065 2960 1303 3001 explicandum
1321 2970 1381 3001 per
1398 2962 1606 3002 epexegesin
1630 2956 1722 2994 οἶσθ’
1750 2958 1802 2995 ὅτι
1824 2959 1918 2995 τελεῖ
1933 2959 1993 3004 (τὰ
2009 2956 2072 2994 ἀπ’

1065 3003 1209 3041 Οἰδίπου
1234 3005 1342 3051 κακά)
1366 3006 1425 3041 καὶ
1450 3006 1492 3053 δὴ
1511 3006 1632 3042 ὁποῖον
1658 3005 1757 3055 οὐχί,
1785 3009 1873 3050 quod
1889 3010 2075 3049 interroga-

1065 3054 1135 3085 tive
1153 3054 1282 3086 dictum
1300 3064 1359 3096 pro
1375 3052 1439 3088 οὐκ
1464 3052 1553 3088 ἔστιν
1579 3052 1696 3096 οὐδέν,
1726 3053 1776 3088 ὅτι
1794 3053 1852 3097 οὐ,
1881 3066 1908 3088 s.
1931 3052 2073 3089 ἕκαστον

1063 3098 1166 3134 τελεῖ.
1197 3101 1323 3133 Eodem
1347 3103 1419 3134 fere
1442 3102 1532 3134 redit
1556 3103 1716 3134 Boeckhii
1733 3103 1816 3134 ratio
1841 3113 1895 3144 ap.
1915 3103 2073 3135 Wexium

1065 3148 1246 3189 proposita.
1282 3166 1327 3171 —
1361 3148 1375 3190 ΙΙ
1400 3149 1592 3190 Aliquando
1625 3149 1862 3190 adoerbiaaeit,
1899 3149 1960 3181 sed
1993 3159 2074 3182 suae

1066 3195 1323 3234 significationis
1352 3196 1503 3228 retinens
1533 3199 1596 3228 est.
1637 3193 1656 3229 ὁ
1687 3197 1727 3230 οὔ
1755 3194 1820 3242 γὰρ
1843 3193 1933 3241 αἴρει
1960 3193 2074 3241 θυμὸν

1066 3236 1286 3279 Οἰδίπους
1315 3237 1389 3275 οὐδ’
1423 3237 1516 3276 ὁποῖ’
1549 3240 1637 3289 ἀνὴρ
1667 3253 1783 3280 εννους
1810 3240 1852 3276 τὰ
1871 3240 1979 3276 ’καινὰ
2000 3245 2074 3281 τοῖς

1065 3285 1171 3321 πάλαι
1193 3286 1413 3334 τεκμαίρεται
1437 3289 1495 3321 OR
1519 3286 1600 3321 915.
1627 3291 1670 3323 cf.
1698 3289 1820 3322 Matth.
1842 3290 1882 3322 ad
1899 3290 1982 3322 Eur.
2004 3290 2075 3322 He-

1064 3336 1139 3367 cub.
1161 3331 1240 3367 395.
1263 3353 1304 3359 —
1331 3335 1345 3377 ΙΙ
1370 3337 1410 3367 ln
1435 3333 1508 3373 οἶος
1525 3337 1719 3369 monuimus
1744 3337 1786 3368 de
1811 3333 1885 3374 οἷος
1902 3340 1938 3369 et
1954 3334 2074 3374 ὁποῖος

1064 3382 1265 3414 coniunctis.
1295 3376 1378 3416 οὔθ’
1403 3379 1449 3416 οἷ’
1470 3380 1618 3430 ἔπασχεν
1631 3409 1640 3423 ‚
1667 3380 1748 3417 οὔθ’
1766 3380 1865 3417 ὁποῖ’
1883 3381 1966 3429 ἔδρα
1981 3381 2073 3417 κακά

1063 3425 1241 3463 0R1272.
1263 3432 1315 3471 et,
1343 3430 1432 3475 quod
1457 3430 1648 3465 anacoluthi
1676 3430 1840 3465 rationem
1864 3431 1985 3471 habet,
2021 3424 2069 3466 οἷ’
