2288 3600
219 106 317 158 532

1066 99 1269 161 ἐΟπόθεν
1300 141 1356 148 -
1389 108 1492 162 ὅποι

156 258 158 260 .
215 222 307 258 ὅπλα
323 226 379 258 Ai.
410 223 488 259 100.
528 229 597 260 τῶν
622 223 740 260 ὅπλων
762 230 831 261 τῶν
857 227 904 261 ὧν
921 227 964 263 πέ
989 226 1098 262 ι442.
1125 226 1233 263 τῶνδ’
1269 230 1359 271 quod
1379 230 1505 263 dicitur
1523 230 1571 265 ad
1586 231 1728 273 inferos,
1760 242 1827 266 non
1852 235 1910 266 via
1927 234 1971 266 ad
1995 234 2120 276 inferos
2143 235 2282 276 serente.

1962 120 2010 174 [11
2023 138 2058 172 p.
2070 120 2284 176 ’.νε-327)

215 270 332 306 ὅπλων
349 273 440 305 Pors.
457 273 545 306 Adv.
560 283 593 314 p.
607 271 685 306 189.
707 271 825 308 ὅπλων
844 271 940 309 ἔκειτ’
959 276 1051 321 αγὼν
1068 274 1147 322 πέρι
1164 273 1233 308 937
1269 277 1345 309 Huc
1361 278 1446 310 adde
1464 279 1653 311 secundum
1670 289 1809 312 sensum
1828 281 1955 313 dictum
1982 280 2074 328 ἔχεις
2097 280 2223 324 διδάξει
2239 281 2285 331 δή

214 320 266 352 ch.
313 318 464 354 αὐτοῖσιν
499 318 619 358 ὅπλοις
650 322 692 353 fr.
729 322 904 364 Amphiar.
937 320 1025 363 781,
1054 320 1087 356 2.
1133 321 1168 357 ἕν
1192 318 1228 357 θ’
1269 321 1321 368 μ’,
1343 321 1422 358 ὅποι
1438 323 1672 371 καθέσταμεν;
1702 327 1758 360 ΟΟ
1776 324 1833 360 23.
1854 329 1878 360 i.
1900 339 1930 360 e.
1952 339 2014 370 quo
2031 339 2108 361 cum
2121 339 2283 371 pervene-

215 364 333 404 ὅπλοις
349 364 493 446 ἀρρῶξιν
511 368 597 400 Ach.
616 369 694 400 Am.
719 365 797 402 168.

215 413 328 446 Colch.
346 411 367 446 3

861 367 1071 416 αλκηλάτοις
1096 367 1232 404 ὅπλοισι
1266 372 1390 412 rimus,
1422 374 1655 414 consistamus,
1690 371 1769 407 ὅποι
1799 372 1958 414 ἐλθόντες
1982 377 2042 410 νῦν
2069 373 2185 421 ἐσμέν.
2227 377 2284 409 Sic

392 412 456 456 4a,
474 411 508 447 3.
539 412 729 461 ἐρρηξάτην
749 413 785 454 ἐς
801 415 915 450 κυκλα
932 415 1094 464 χαλκέων
1113 414 1230 451 ὅπλων
1268 416 1336 467 ὅπῃ
1370 419 1437 450 dici
1471 428 1537 452 non
1566 421 1695 462 potuit,
1732 423 1846 463 potuit
1875 419 1981 463 ὅπου,
2019 423 2109 465 quod
2135 433 2178 456 ex
2203 425 2279 456 Vat.

214 462 280 493 inc.
298 458 378 493 731.
408 462 565 502 Exiguus
582 463 688 502 igitur
705 465 859 496 vocabuli
873 468 972 496 extra
985 465 1135 498 diverbia
1147 475 1229 496 usus
1267 465 1459 498 Brunckius
1477 469 1592 507 posuit
1608 469 1762 508 quamvis
1780 470 1894 501 minus
1911 471 2060 511 elegans,
2081 480 2159 503 cum
2176 472 2283 511 figura

213 512 277 540 est.
308 508 522 541 Canticorum
540 511 632 541 enim
649 511 807 552 exempla
823 511 889 543 duo
907 516 991 544 sunt
1003 538 1011 553 ‚
1038 512 1099 544 Ph.
1123 509 1226 544 1108.

212 556 267 587 Ai.
297 551 377 588 937.
415 574 456 580 —
475 556 490 598 ΙΙ
523 557 659 589 Perraro
692 558 840 599 speciem
873 560 1040 599 quandam
1065 559 1230 600 fiyuratae

212 601 366 635 dictionis
392 604 505 636 habet.
546 601 687 637 πολλῶν
715 600 795 648 μεθ’
825 602 943 639 ὅπλων
968 608 1054 639 Ant.
1077 603 1143 638 115
1170 616 1225 638 an.

211 647 363 687 πολλοὺς
380 648 521 688 ὁπλίτας
540 655 576 683 et
593 652 864 691 magnitudinem
882 655 1055 686 exercitus
1069 658 1105 685 et
1122 663 1227 695 appa-

211 700 304 728 ratus
328 698 442 730 bellici
469 699 631 730 universe
647 699 869 738 adsignificat.
910 703 1024 739 κεῖνος
1049 698 1156 746 ἁνήρ,
1191 698 1228 738 ὃς

212 747 383 790 στυγερῶν
418 742 540 783 ἔδειξεν
572 742 689 779 ὅπλων
709 739 877 780 εἘλλασιν
911 747 1026 781 κοινὸν
1052 740 1137 794 Ἄρη
1168 748 1223 779 Ai.

214 788 303 824 1195
328 792 379 824 ch.
410 792 512 824 simul
536 802 619 825 usus
644 803 811 825 armorum
830 795 871 826 ad
896 795 1024 827 bellum
1041 795 1227 836 gerendum

211 839 394 871 indicatur.
428 858 469 864 —
502 836 539 879 ὁ,
572 843 612 872 ut
641 841 744 882 solet,
778 842 813 872 in
843 841 933 874 thesi
952 843 1150 884 corripitur,
1191 843 1226 874 in

211 887 501 966 ῗιὲρέὃρῐοᾱιιοίωι·
530 887 634 928 idque
664 888 762 929 paulo
781 889 906 921 rarius:
937 890 997 921 Ph.
1032 887 1111 922 362.
1144 886 1224 922 376.

277 998 465 1039 Ὁπόθεν
489 1004 588 1036 unde.
618 1003 726 1042 δεινὸς
743 1004 807 1051 γὰρ
834 1004 948 1052 ἕρπειν
966 1005 1115 1044 πλοῦτος
1140 1004 1175 1044 ἔς
1192 1017 1228 1039 τε

209 1047 340 1096 τᾶβατα
356 1049 415 1085 καὶ
431 1049 516 1097 πρὸς
534 1049 667 1098 βέβηλοι
680 1078 688 1092 ,
715 1051 880 1100 χώπόθεν
899 1053 1006 1100 πένης
1033 1051 1122 1133 ἀνηρ
1165 1047 1228 1099 ηδ’

210 1095 363 1144 ἐντυχὼν
383 1095 514 1132 δύναιτ’
541 1096 581 1132 ἂν
599 1099 646 1133 ὦν
664 1097 727 1146 ἐρᾷ
742 1103 860 1148 τυχεῖν
877 1102 918 1133 fr.
939 1102 1059 1134 Alead.
1105 1066 1169 1142 023²,
1191 1099 1224 1133 7.

211 1145 346 1177 Tralate
362 1147 468 1185 igitur
486 1146 574 1178 viam
598 1150 634 1179 et
650 1149 747 1188 quasi
771 1148 902 1180 fontem
926 1150 1090 1181 bonorum
1108 1151 1228 1181 fruen-

209 1192 328 1224 dorum
359 1193 541 1233 significat.
578 1192 724 1239 σήμαιν’
754 1192 834 1229 ὅτου
857 1189 896 1228 τ’
918 1193 948 1229 εἶ
976 1194 1152 1243 χώπόθεν.
1182 1197 1223 1228 fr.

208 1239 300 1272 Alet.
318 1236 420 1281 91,2.
440 1241 492 1273 De
507 1244 583 1273 tono
601 1252 633 1274 v.
654 1242 766 1284 Apoll.
788 1243 830 1275 de
847 1243 983 1276 adverb.
1002 1254 1036 1286 p.
1058 1240 1145 1284 605,
1169 1241 1223 1276 10.

269 1314 404 1358 “Onon
429 1332 504 1364 quo.
533 1323 744 1357 Adverbium
769 1325 904 1367 proprie
931 1327 1074 1357 termino
1099 1326 1226 1357 consti-

209 1372 323 1402 tutum
341 1370 583 1412 significando,
610 1381 675 1413 quo
702 1382 820 1404 versus
839 1376 949 1405 motus
975 1373 1081 1414 aliqui
1107 1373 1226 1413 dirigi-

208 1420 282 1458 tur,
313 1421 348 1450 et
363 1418 445 1458 fini,
476 1427 579 1459 quem
605 1419 749 1461 adeptus
774 1420 833 1451 ille
860 1424 971 1452 motus
998 1420 1221 1462 componitur.

199 1456 214 1470 ‘¹
227 1460 323 1500 Οπου
339 1462 418 1498 ὅποι
435 1462 503 1513 ὅπῃ
522 1475 599 1498 cum
625 1469 661 1498 et
677 1467 855 1499 literarum
872 1468 1033 1500 ductibus
1052 1467 1226 1499 simillima

208 1515 244 1544 et
272 1513 396 1554 partim
425 1513 545 1545 vitiosa
573 1514 769 1546 recentioris
799 1515 920 1547 aetatis
950 1515 1225 1557 pronuntiatione

208 1559 327 1591 eodem
343 1569 424 1592 sono
441 1560 513 1592 sint
524 1586 532 1600 ,
561 1564 602 1593 ut
618 1562 692 1593 fieri
709 1571 776 1593 non
794 1566 928 1603 posset,
957 1563 1042 1603 quin
1067 1563 1104 1593 in
1130 1562 1225 1594 libris

208 1607 345 1648 scriptis
377 1608 687 1649 confunderentur,
719 1609 761 1641 de
791 1610 1039 1649 significatione
1068 1610 1225 1641 affinium

207 1654 443 1686 adverbiorum
470 1651 549 1688 ὅποι
573 1659 610 1687 et
634 1652 703 1701 ὅπῃ
734 1656 823 1688 docti
841 1658 942 1689 variis
961 1657 1132 1689 erroribus
1150 1666 1224 1689 sese

207 1701 374 1743 implicari
398 1703 492 1743 passi
515 1706 609 1735 sunt.
647 1702 782 1735 Schaef.
810 1704 991 1745 aliquando
1020 1705 1226 1745 significavit

206 1750 270 1782 ποῖ
297 1752 334 1781 et
361 1748 431 1795 πῇ,
465 1746 544 1783 ὅποι
573 1754 609 1782 et
636 1748 705 1798 ὅπῃ
732 1751 767 1782 vi
792 1751 930 1791 eadem,
964 1752 1032 1784 solo
1048 1761 1172 1792 genere
1190 1755 1225 1784 et

207 1797 313 1828 forma
329 1796 466 1829 differre
482 1797 525 1829 ad
541 1796 597 1830 OC
610 1794 700 1838 227;
730 1798 796 1830 imo
814 1808 891 1830 cum
908 1799 951 1831 de
968 1809 1112 1831 assensu
1130 1799 1223 1831 cohi-

207 1843 318 1875 bendo
343 1844 524 1885 aliquando
547 1845 754 1886 prudentius
779 1847 958 1878 statuisset
974 1846 1017 1878 ad
1034 1846 1118 1878 Eur.
1136 1846 1220 1878 Hec.

209 1886 334 1931 1062,
366 1901 503 1923 rursum
535 1891 579 1923 ad
608 1892 738 1924 Phalar.
769 1902 822 1935 ep.
852 1904 886 1935 p.
913 1889 994 1926 296.
1041 1891 1127 1927 ὅπου
1146 1890 1225 1926 ὅποι

210 1934 280 1986 ὅπῃ
305 1938 347 1970 de
372 1939 490 1980 quiete
514 1940 703 1981 promiscue
727 1940 794 1972 dici
811 1941 976 1981 affirmat,
1005 1937 1085 1974 ὅποι
1102 1943 1137 1972 et
1154 1937 1223 1988 ὅπη

209 1985 399 2026 promiscue
417 1985 458 2018 de
476 1990 567 2018 motu
579 2012 587 2026 ,
615 1987 652 2018 in
675 1987 737 2018 hoc
762 1988 903 2028 quidem
921 1988 1106 2020 Porsonum
1124 1998 1224 2020 secu-

209 2036 266 2064 tus
283 2032 324 2064 ad
341 2032 424 2068 fleo.
449 2029 550 2066 1062.
587 2033 715 2066 Eadem
732 2035 805 2066 fere
830 2035 889 2067 diu
908 2038 987 2067 ante
1004 2039 1226 2077 proposuerat

210 2080 352 2112 Dorvill.
374 2079 417 2112 ad
434 2080 535 2114 Char.
561 2091 596 2123 p.
615 2077 696 2114 271.
732 2082 848 2123 Lips.,
876 2086 911 2115 et
939 2086 1094 2115 veterum
1111 2083 1224 2114 docto-

209 2136 286 2158 rum
302 2127 458 2160 Ammon.
479 2137 513 2169 p.
536 2124 614 2160 113.
629 2154 638 2168 ,
667 2128 710 2160 de
734 2127 784 2175 πῇ
805 2134 841 2162 et
857 2131 920 2163 ποῖ
945 2131 1048 2162 etiam
1066 2130 1165 2162 Eust.
1186 2140 1221 2171 p.

213 2170 322 2214 1664,
353 2171 388 2206 8.
409 2178 445 2207 et
461 2175 563 2207 schol.
584 2175 758 2217 Aristoph.
783 2176 875 2209 Plut.
897 2173 977 2209 447.
1018 2177 1134 2209 Herm.
1163 2187 1225 2209 au-

211 2225 282 2254 tem
302 2231 403 2263 quam
420 2222 500 2254 olim
517 2222 560 2254 ad
576 2222 677 2255 Herc.
698 2223 765 2255 fur.
789 2220 891 2256 1236.
921 2225 1128 2256 sententiam
1145 2233 1223 2265 pro-

209 2269 345 2310 posuit,
374 2266 454 2303 ὅποι
482 2279 557 2303 esse
584 2269 628 2302 ad
655 2279 751 2311 quem
779 2271 889 2303 locam
917 2281 1052 2311 versus,
1089 2269 1156 2319 ὅπῃ
1188 2273 1223 2303 in

210 2325 305 2356 quem
333 2316 463 2356 locum,
504 2320 544 2348 ut
573 2320 700 2349 motum
724 2318 828 2350 simul
854 2318 1165 2360 succedentemque
1191 2319 1222 2350 ei

210 2364 363 2404 quietem
380 2364 566 2404 significet,
592 2365 679 2396 hanc
704 2365 835 2409 dudum
861 2367 1022 2398 abiecisse
1046 2366 1222 2408 putandus

210 2414 275 2442 est.
303 2410 416 2452 Longe
433 2411 573 2443 meliora
588 2412 812 2453 praeiverunt
829 2414 956 2454 Reisig.
979 2423 1097 2445 comm.
1119 2422 1164 2445 cr.
1186 2414 1222 2444 in

209 2456 265 2490 OG
282 2453 340 2490 23.
360 2468 394 2500 p.
417 2454 496 2491 175.
517 2462 555 2491 et
570 2458 689 2492 Staub.
712 2459 755 2491 ad
771 2460 856 2492 Plat.
878 2460 1070 2502 Euthyphr.
1090 2471 1125 2502 p.
1147 2457 1220 2500 94.‚

209 2514 313 2546 quem
337 2508 452 2537 tamen
477 2515 521 2537 ne
545 2507 682 2538 nomine
706 2507 845 2549 quidem
870 2511 974 2540 tenus
992 2508 1131 2540 Porsoni
1148 2508 1222 2539 vel-

207 2552 293 2584 lem*⁸
307 2551 482 2585 decretum
510 2554 685 2595 probasse,
722 2555 813 2587 sicut
839 2555 1034 2595 Pflugkium
1063 2554 1105 2586 ad
1134 2555 1218 2586 Eur.

209 2599 343 2632 Heracl.
373 2596 428 2631 19.
444 2625 453 2639 ‚
481 2601 542 2642 qui
566 2603 699 2642 partem
723 2603 795 2634 veri
820 2602 907 2633 vidit
932 2611 995 2634 nec
1019 2605 1222 2643 persecutus

209 2649 273 2678 est.

284 2727 300 2771 ΙΙ
316 2725 369 2762 ὅπ
379 2739 397 2762 ο
407 2738 420 2761 ι
440 2729 574 2769 proprie
591 2732 646 2762 est
662 2739 757 2771 quem
780 2730 882 2772 finem
897 2731 951 2763 vel
966 2731 1077 2763 locam
1092 2740 1218 2764 versus.

210 2774 305 2814 Quae
329 2776 531 2816 significatio
553 2777 614 2808 ubi
637 2780 775 2819 propter
799 2779 1007 2810 sententiam
1030 2779 1221 2810 necessario

209 2823 421 2864 postulatur,
449 2820 520 2870 ὅπῃ
536 2824 603 2855 dici
619 2833 687 2856 non
704 2827 829 2866 potest.
859 2824 1044 2867 Sophoclea
1062 2827 1220 2866 exempla

210 2869 295 2902 haec
312 2873 414 2902 sunt:
443 2867 482 2903 οὐ
500 2868 565 2916 γάρ
579 2881 631 2908 τις
648 2868 756 2916 ὅρμος
774 2869 881 2912 ἐστίν,
909 2868 986 2906 οὐδ’
1006 2869 1087 2906 ὅποι
1103 2870 1219 2906 πλέων

209 2913 437 2961 ἐξεμπολήσει
451 2914 574 2962 κέρδος
590 2918 677 2950 Phil.
699 2914 780 2951 302.
801 2919 874 2951 cod.
896 2919 989 2951 Harl.
1010 2916 1079 2966 ὅπῃ
1096 2929 1219 2961 perpe-

209 2972 298 2996 ram:
343 2963 387 2995 de
418 2964 660 3004 appellentibus
681 2965 774 2997 enim
805 2965 949 3006 dicitur,
986 2975 1049 2998 nec
1071 2967 1220 3008 profecto

209 3011 315 3042 maria
331 3010 400 3042 sola
416 3012 636 3044 currentibus
661 3021 725 3044 nec
741 3016 858 3054 portus
883 3017 919 3045 et
937 3014 1038 3046 urbes
1055 3014 1219 3046 intranti-

207 3058 272 3089 bus
299 3057 467 3097 contingit
495 3062 685 3091 mercatura
702 3059 814 3092 facere
837 3060 982 3092 lucrum.
1048 3058 1126 3094 όνον
1144 3057 1221 3094 θεοὶ

209 3101 350 3143 σώζοιεν
375 3100 416 3137 ἔκ
439 3115 477 3137 τε
525 3103 692 3152 ’ςδε”γῆς
715 3103 739 3151 ἡ
769 3108 810 3144 ἃς
826 3103 905 3140 ὅποι
920 3103 956 3140 τ’
981 3104 1017 3140 ἐν
1045 3104 1118 3141 ένδε
1136 3105 1221 3152 βου-

208 3147 380 3195 λοίμεσθα
394 3147 494 3184 πλεῖν
511 3149 532 3183 5
558 3148 593 3184 9.
619 3153 714 3185 Harl.
736 3117 826 3199 ὅπῃ,
846 3154 908 3186 sed
923 3158 978 3186 est
995 3151 1107 3187 ἐκεῖσε
1127 3152 1218 3195 ὅποι,

210 3206 274 3230 nec
291 3197 334 3229 de
351 3207 454 3229 cursu
469 3202 561 3230 recte
578 3199 747 3240 tenendo,
775 3200 838 3232 sed
862 3201 905 3233 de
927 3202 1037 3242 patria
1062 3202 1221 3233 intranda

210 3243 364 3285 Neoptol.
400 3245 567 3277 sollicitus
583 3250 658 3286 est,
694 3247 795 3288 plane
829 3251 869 3280 ut
892 3246 1024 3294 γένοιτο
1048 3245 1086 3280 δὲ
1111 3246 1220 3285 πλοῦς
1255 3249 1455 3280 miscentem
1470 3253 1583 3282 tamen
1597 3252 1752 3292 propriae
1767 3255 1804 3283 et
1821 3253 1960 3284 tralatae
1975 3251 2134 3283 dictionis
2147 3259 2235 3282 exe·
2248 3255 2277 3291 j

631 3290 710 3326 &tot
726 3292 811 3327 ποτὲ
826 3291 907 3332 θεὸς
924 3292 1054 3328 δικαιοῖ
1067 3294 1122 3341 χώ
1141 3292 1221 3328 στό-
1253 3296 1310 3336 Pla
1321 3321 1329 3335 ,
1350 3300 1386 3328 et
1399 3296 1526 3327 iniuria
1542 3294 1560 3329 ὅ
1572 3307 1596 3329 π
1606 3308 1629 3344 ῃ
1645 3296 1792 3342 τράπω
1803 3309 1876 3343 μαι
1894 3298 2086 3339 similiaque
2099 3297 2209 3329 damn

628 3337 697 3386 ἐγὼ
720 3338 784 3387 γὰρ
809 3336 883 3386 εἶμ’
912 3335 1022 3375 ἐκεῖσ’
1050 3339 1129 3376 ὅποι
1153 3353 1220 3375 πο-
1254 3346 1344 3383 tem,
1366 3343 1432 3374 etsi
1450 3344 1580 3384 aliquot
1596 3345 1677 3376 locis
1694 3355 1800 3378 sensu
1817 3346 1982 3387 optimum
1999 3348 2072 3384 est,
2093 3354 2155 3376 nec
2171 3353 2208 3375 ce
2236 3345 2266 3385 J

208 3382 343 3429 ρευτέον
369 3385 425 3417 Ai.
453 3381 534 3417 690.
568 3386 658 3418 Aiax
683 3387 838 3429 loquitur
854 3397 933 3422 sese
957 3389 1215 3431 interfecturus,
1254 3390 1416 3422 librorum
1440 3390 1526 3431 nde,
1569 3393 1723 3432 quamvis
1749 3393 1989 3425 fluctuantium
2003 3416 2012 3431 ,
2048 3390 2228 3424 destituitu

209 3286 324 3337 οὔριος
338 3300 376 3324 τε
390 3288 584 3372 nomm&
595 3318 604 3335 ‚

209 3333 269 3375 λος
292 3335 495 3383 πορσύνεται
518 3335 540 3370 7
565 3335 598 3371 O.

1265 512 1424 545 dictionis
1442 518 1553 546 careat
1566 540 1574 555 ,
1595 515 1698 556 idque
1715 525 1754 547 eo
1771 517 1962 549 mirandum
1978 518 2088 557 magis
2100 543 2108 559 ,
2137 518 2228 559 quod
2245 519 2282 550 in

1265 560 1319 591 Tr.
1341 557 1398 592 40.
1432 571 1510 592 cum
1539 571 1655 594 omnes
1680 563 1757 595 libri
1775 568 1959 604 suggerant
1986 565 2103 602 κεῖνος
2133 559 2169 598 δ’
2194 562 2281 599 ὅπου

1264 604 1411 652 βέβηκεν
1423 633 1432 650 ,
1452 605 1563 645 οὐδεὶς
1581 606 1671 650 οἶδε,
1692 610 1782 642 idem
1800 607 1880 644 ὅποι
1897 612 2061 653 correxit,
2091 622 2167 645 cum
2185 612 2280 644 dica-

1263 659 1319 685 tur
1345 652 1422 688 ὅποι
1450 653 1609 734 βεόβηκὼς
1635 654 1720 690 ὅπου
1748 654 1849 690 ἐστίν.
1886 668 1918 690 ν.
1940 659 2106 700 Krueger.
2127 659 2169 691 ad
2187 659 2277 692 Xen.

1262 702 1371 733 Anab.
1398 712 1432 742 p.
1453 700 1474 734 3
1499 699 1534 735 2.
1563 703 1691 736 Similis
1717 705 1871 737 attractio
1886 705 2176 748 breviloquentiae
2194 708 2279 738 effe-

1263 749 1349 780 ctrix
1368 753 1420 781 est
1445 747 1599 795 ἐμβαλοῦ
1626 746 1661 795 μ’
1691 748 1759 798 ὅπη
1777 748 1891 790 θέλεις
1916 749 2009 799 ἄγων
2025 778 2033 794 ,
2060 751 2108 791 εἰς
2125 751 2276 794 ἀντλίαν,

1262 793 1311 833 εἰς
1328 794 1487 842 πρῷραν,
1509 795 1558 834 εἰς
1575 796 1735 854 πρύμνην
1747 825 1754 839 ,
1794 796 1873 832 ὅποι
1890 796 1992 843 [ὅπου
2018 800 2121 832 Dind.
2142 809 2187 832 ex
2204 798 2280 845 LA]

1261 840 1385 887 ἥκιστα
1415 841 1534 887 μέλλω
1562 856 1642 882 τους
1670 843 1827 885 ξυνόντας
1859 843 2019 893 ἀλγυνεῖν
2043 847 2106 879 Ph.
2125 844 2207 879 481.
2236 847 2282 879 de

1263 900 1328 931 quo
1346 891 1416 922 loco
1433 891 1499 922 iam
1518 892 1609 924 Pors.
1630 893 1653 923 1.
1675 902 1704 926 c.
1724 897 1815 926 reete
1831 895 2054 927 existimarat.
2083 892 2152 942 ὅπη
2167 891 2281 932 θέλεις

1003 935 1054 980 (11
1070 947 1106 979 p.
1127 933 1229 980 326.)
1263 935 1358 982 ἄγων
1384 939 1485 970 etiam
1510 937 1589 972 ὅποι
1615 940 1715 972 scribi
1732 941 1863 982 potuit,
1891 942 2006 982 aptius
2031 946 2147 974 autem
2176 942 2276 982 illud,

1263 986 1391 1026 quippe
1408 995 1475 1017 non
1493 995 1570 1018 cum
1594 984 1687 1032 ἄγων
1706 988 1983 1028 coniungendam
2029 986 2160 1034 ράσεως
2177 998 2281 1021 causa

1263 1032 1414 1073 adiecto,
1443 1042 1506 1064 nec
1531 1034 1719 1066 necessario
1745 1044 1822 1067 cum
1847 1032 2000 1080 ἐμβαλέσ
2027 1046 2081 1076 αι,
2115 1035 2177 1068 sed
2201 1045 2280 1068 cum

1264 1076 1394 1120 θέλεις,
1425 1090 1489 1121 qua
1513 1084 1608 1121 parte
1626 1082 1722 1122 quasi
1739 1092 1791 1114 me
1808 1083 1843 1113 in
1858 1092 1980 1114 navem
1997 1083 2202 1117 introducere
2218 1092 2278 1115 υο-

1263 1127 1387 1165 luerim
1415 1124 1493 1160 ὅποι
1519 1125 1638 1171 μέλλω
1657 1132 1708 1160 est
1734 1126 1866 1169 ἐκεῖσε,
1897 1139 1942 1162 sc.
1972 1127 2148 1175 ἐμβαλοῦ,
2177 1127 2279 1164 ὅπου.

1263 1174 1310 1205 At
1327 1175 1363 1205 in
1382 1171 1445 1207 οὐκ
1463 1170 1555 1208 οἷσθ’
1577 1172 1655 1209 ὅποι
1671 1177 1736 1222 γῆς
1754 1173 1832 1209 οὐδ’
1850 1174 1929 1210 ὅποι
1944 1177 2086 1223 γνώμης
2104 1175 2200 1223 φέρει
2217 1177 2273 1210 El.

1263 1217 1343 1252 922.
1377 1220 1455 1263 [quo
1471 1222 1541 1254 loco
1560 1220 1639 1256 ὅποι
1663 1225 1727 1269 γῆς
1753 1224 1935 1266 improprie
1961 1224 2092 1256 dictum
2107 1225 2278 1265 proverbii

1263 1269 1410 1309 speciem
1439 1268 1564 1301 habere
1592 1270 1744 1302 ostendit
1763 1270 1963 1304 Schneider.
1985 1272 2084 1304 allato
2105 1272 2176 1304 loco
2201 1272 2283 1304 Dio-

1262 1316 1315 1347 nis
1334 1315 1451 1356 Chrys.
1473 1315 1530 1348 Or.
1554 1313 1587 1349 3.
1609 1328 1642 1359 p.
1663 1314 1736 1360 63.]
1759 1322 1795 1350 et
1818 1315 1905 1352 ὅπου
1923 1322 1959 1351 et
1977 1317 2046 1366 ὅπῃ
2064 1323 2157 1351 certe
2178 1319 2282 1351 alter-

1262 1366 1338 1394 utro
1363 1364 1433 1395 loco
1462 1364 1643 1396 ferendum
1678 1368 1742 1398 est.
1790 1365 2027 1398 Hermannum
2056 1370 2172 1398 autem
2211 1375 2278 1398 non

1262 1411 1383 1451 probo,
1405 1411 1464 1451 qui
1481 1412 1607 1443 rectius
1626 1413 1734 1444 fuisse
1750 1409 1837 1446 ὅπου
1855 1415 1919 1458 γῆς
1937 1417 1973 1445 et
1989 1410 2069 1447 ὅποι
2085 1412 2227 1459 γνώμης
2243 1417 2280 1445 et

1262 1459 1475 1490 attractionis
1505 1459 1650 1499 quodam
1680 1469 1805 1500 genere
1835 1461 2017 1502 utrobique
2042 1457 2123 1494 ὅποι
2149 1461 2278 1492 dictum

1262 1514 1336 1536 esse
1366 1506 1553 1538 existimat.
1592 1507 1695 1539 Esset
1724 1508 1899 1547 attractio,
1932 1509 1961 1540 si
1998 1505 2101 1542 ὅποι
2129 1509 2208 1553 γῆς
2237 1505 2277 1541 εἷ

1257 1552 1425 1593 'scriptum
1443 1553 1655 1595 legeremus,
1682 1554 1742 1586 sed
1770 1552 1867 1600 φέρει
1892 1564 1969 1587 cum
1991 1555 2147 1596 posuerit
2162 1558 2276 1597 poeta,

1260 1599 1382 1631 insana
1399 1599 1691 1640 Chrysothemidis
1717 1603 1851 1634 laetitia
1875 1611 1951 1634 cum
1977 1604 2136 1635 immenso
2161 1603 2282 1635 itinere

1261 1650 1474 1688 comparatur
1486 1673 1493 1687 ,
1512 1649 1743 1688 pereyrinante
1768 1649 1811 1680 ad
1828 1651 1964 1683 extremi
1982 1647 2082 1691 quasi
2094 1649 2180 1681 orbis
2196 1649 2282 1691 fines

1263 1692 1381 1735 aliqua
1408 1694 1510 1734 fatali
1537 1697 1729 1729 necessitate
1759 1696 1905 1737 abrepto.
1942 1694 2011 1744 ὅπῃ
2037 1695 2179 1743 γνώμης
2210 1705 2279 1737 (1αο

1261 1742 1355 1782 quasi
1384 1743 1623 1775 sententiarum
1651 1745 1707 1775 via
1732 1743 1865 1775 incedas
1893 1743 2064 1776 commode
2081 1744 2272 1784 diceretur-3

1260 1785 1329 1835 ὅπῃ
1347 1791 1412 1834 γῆς
1429 1788 1595 1822 Graecum
1614 1800 1690 1822 esse
1715 1794 1817 1831 negat
1834 1791 1954 1823 Elmsl.
1975 1790 2016 1822 ad
2034 1791 2117 1824 Eur.
2138 1790 2272 1823 Heracl.

1263 1832 1339 1875 19.,
1367 1837 1416 1868 ait
1439 1836 1557 1868 Herm.
1586 1837 1628 1869 ad
1654 1838 1756 1870 Herc.
1784 1838 1852 1870 fur.
1885 1835 1987 1870 1236.
2024 1837 2122 1870 Certe
2148 1837 2284 1871 Aesch„

1261 1883 1369 1914 Prom.
1390 1880 1470 1916 564.
1492 1881 1562 1932 ὅπῃ
1579 1887 1644 1931 γῆς
1661 1882 1886 1930 πεπλάνημαι
1899 1895 1962 1917 nec
1976 1889 2096 1926 aptum
2112 1889 2179 1924 est,
2198 1887 2288 1923 cumj

1261 1939 1327 1961 non
1353 1935 1495 1971 quaerat
1520 1932 1573 1971 Io,
1605 1942 1674 1973 qua
1699 1936 1867 1964 terrarum
1891 1936 1988 1974 parte
2006 1933 2175 1974 quibusve
2193 1932 2285 1963 locis.

1262 1981 1423 2018 vagetur,
1453 1978 1513 2010 sed
1538 1988 1605 2019 quo
1623 1980 1775 2020 vagando
1799 1980 2014 2021 pervenerit,
2043 1983 2078 2011 et
2102 1976 2182 2012 ὅποι
2199 1976 2288 2018 cod.]

1260 2024 1375 2065 Med.;
1413 2029 1453 2056 ut
1478 2029 1569 2058 recte
1594 2026 1644 2058 sio
1668 2027 1921 2059 emendandum
1944 2027 2118 2058 censuerit
2135 2026 2288 2075 Elmsl.,-i

1260 2072 1347 2103 male
1366 2072 1567 2104 adversatus
1593 2074 1639 2105 sit
1655 2074 1827 2114 Reisigius
1851 2075 1874 2106 l.
1895 2084 1924 2106 c.
1962 2074 2008 2106 Et
2031 2074 2115 2105 Eur.
2136 2073 2288 2113 Hera01.5,

1259 2115 1315 2151 46.
1337 2119 1435 2159 longe
1453 2120 1575 2152 melius
1593 2117 1680 2154 ὅπου
1698 2121 1792 2153 codd.
1821 2121 1848 2153 P
1864 2121 1909 2162 ῦς
1940 2131 2003 2153 nec
2019 2122 2123 2163 probo
2148 2119 2288 2166 Manu}

1260 2166 1302 2197 ad
1312 2166 1395 2198 Eur.
1414 2166 1533 2208 Suppl.
1546 2164 1626 2200 762.
1655 2168 1748 2200 Haec
1763 2168 1947 2210 Sophoclea
1960 2173 2053 2201 sunt.
2080 2165 2288 2235 κυκλοῦνταΐξΕ

1259 2214 1368 2246 πᾶσαν
1384 2215 1490 2247 ν’σον
1502 2240 1510 2254 ,
1539 2208 1626 2247 ὥστ’
1643 2213 1837 2261 ἀμηχανεῖν
1855 2212 1935 2248 ὅποι
1949 2213 2129 2261 τράποιντο
2147 2215 2271 2247 Aesch.

2281 2249 2288 2261 ⁴

1260 2260 1352 2292 Pers.
1385 2257 1407 2291 4
1433 2257 1467 2293 9.
1511 2261 1592 2295 God.
1626 2262 1714 2295 Med.
1747 2259 1781 2294 2.
1802 2273 1856 2305 ap.
1879 2262 1978 2295 Well.
2006 2260 2094 2308 ὅπη,
2129 2266 2163 2294 at
2191 2263 2288 2295 sane*

1259 2307 1345 2339 illud
1363 2308 1497 2349 aptius,
1518 2309 1558 2340 de
1583 2319 1699 2350 puyna
1715 2311 1936 2349 conyressuris
1961 2310 2104 2342 dictum.
2140 2306 2218 2342 ὅποι
2234 2305 2252 2341 δ
2274 2346 2277 2348 ,

1257 2352 1316 2388 καὶ
1355 2353 1549 2400 προβαίνων
1582 2355 1699 2403 πάχνᾳ
1739 2355 1941 2403 κουροβόρῳ
1981 2354 2119 2402 παρέξει
2151 2350 2288 2403 rigam}

1260 2398 1347 2433 1511
1367 2402 1419 2435 ch.
1435 2427 1443 2442 ,
1472 2404 1532 2443 qui
1556 2404 1649 2436 locus
1674 2405 1741 2436 etsi
1764 2408 1922 2446 corrupte
1946 2405 2095 2446 scriptus
2120 2403 2256 2435 videtur
2273 2407 2277 2412 “

1258 2450 1372 2490 aptius
1390 2454 1504 2482 tamen
1523 2450 1653 2483 dictum
1671 2452 1794 2491 habet,
1822 2451 1913 2492 quod
1937 2460 2055 2483 omnes
2071 2451 2150 2482 libri
2167 2454 2251 2482 tuen
2272 2466 2286 2486 :t

1257 2500 1314 2527 tur
1327 2521 1335 2536 ,
1357 2494 1466 2530 ὅποι.
1495 2495 1632 2544 πέμψον
1651 2509 1694 2543 με
1709 2498 1828 2545 χώρας
1843 2491 1946 2544 τῆσδ’
1964 2495 2043 2531 ὅποι
2059 2495 2285 2542 προσωτάτ

1258 2544 1340 2576 Eur.
1369 2544 1477 2576 Andr.
1505 2541 1585 2577 922.
1619 2549 1710 2577 recte
1735 2555 1794 2586 pro
1819 2544 1931 2579 ἐκεῖσε
1953 2542 2041 2578 ὅπου
2059 2542 2282 2591 προσωτάτ

1258 2591 1407 2632 dictum;
1437 2592 1523 2623 male
1548 2602 1639 2624 unus
1657 2593 1730 2625 cod.
1751 2593 1863 2624 Havn.
1891 2589 1936 2625 ὅπ
1973 2617 1982 2632 ,
2011 2593 2102 2634 quod
2118 2592 2172 2624 hic
2189 2592 2240 2623 ser

1258 2647 1324 2669 non
1342 2642 1464 2679 potest.
1493 2639 1538 2670 ΙΤ
1559 2636 1637 2672 119.
1665 2641 1794 2686 χωρεῖν
1810 2639 1924 2686 χρεὼν
1937 2604 2022 2673 ὅποι
2038 2636 2167 2686 χθονὸς
2182 2635 2247 2684 κρύ
2261 2668 2263 2670 .

1257 2682 1362 2731 ψαντε
1379 2682 1531 2730 λήσομεν
1549 2684 1669 2731 δέμας,
1690 2688 1726 2718 in
1744 2688 1817 2728 pari
1835 2697 1936 2719 causa
1954 2697 2074 2729 parum
2090 2694 2232 2728 perspec
2263 2691 2270 2712 ’-

1256 2732 1444 2773 particulae
1469 2737 1591 2765 natura
1626 2732 1713 2767 ὅπου
1745 2738 1957 2766 correcturus
1983 2738 2056 2766 erat
2080 2733 2196 2765 Valck.
2230 2745 2255 2758 :¹

1255 2779 1391 2820 Hippol.
1415 2776 1516 2812 1247.
1968 2779 2019 2824 (ΙΙ
2035 2790 2069 2822 p.
2089 2777 2171 2820 327,
2191 2776 2247 2811 35.

1330 2826 1344 2868 ΙΙ
1365 2827 1501 2860 Tralate
1519 2827 1649 2859 dictum
1675 2826 1778 2861 ὅποι
1803 2829 1963 2860 facillime
1980 2829 2172 2870 explicatur
2189 2835 2267 2861 curs

1256 2874 1367 2905 verbis
1384 2877 1511 2906 motum
1534 2874 1800 2916 significantibus
1825 2876 2046 2907 coniunctum
2063 2884 2139 2906 cum
2156 2883 2210 2905 me

1255 2920 1358 2962 phora
1383 2923 1512 2962 positis.
1558 2919 1621 2954 οὐκ
1645 2916 1714 2955 οἷδ’
1746 2919 1825 2955 ὅποι
1855 2921 1925 2969 χρὴ
1949 2919 2098 2967 τᾶπορον
2131 2918 2249 2967 τρέπ,

1255 2965 1337 3004 ἔπος
1354 2968 1415 3000 Ph.
1435 2965 1504 3000 897
1531 2978 1686 3009 quorsum
1708 2969 1882 3001 deveniam
1904 2969 2061 3009 dicendo,
2086 2970 2111 3002 i.
2132 2978 2162 3000 e.
2194 2981 2200 2994 ι
2237 2967 2244 2975 “

1255 3013 1366 3046 dicam
1379 3039 1388 3054 ,
1409 3019 1449 3046 ut
1465 3025 1565 3047 versu
1583 3016 1808 3057 praecedente
1826 3017 1890 3050 ποῖ
1913 3009 1996 3049 πότ’
2020 3010 2140 3062 ἐξέβης
2156 3012 2250 3060 λόγῳ,
2266 3051 2268 3053 ,
2284 3037 2286 3039 -

1255 3058 1325 3107 ὅπῃ
1343 3061 1458 3103 habet,
1480 3063 1645 3102 quomodo
1662 3063 1878 3103 defendatur,
1899 3073 1982 3104 quas
1996 3066 2109 3103 partes
2127 3060 2193 3096 dic
2229 3074 2234 3087 ι
2250 3076 2255 3085 c

1255 3108 1434 3148 z‘nyrediar.
1475 3109 1542 3142 Sed
1569 3110 1647 3141 libri
1677 3112 1898 3142 consentiunt
1925 3114 2059 3152 praeter
2087 3110 2174 3141 Flor.
2207 3103 2266 3141 Γ.

1255 3155 1315 3195 qui
1334 3153 1416 3200 ὅπη.
1453 3153 1517 3189 οὐκ
1534 3150 1632 3190 οἶσθ’
1655 3153 1734 3189 ὅποι
1812 3157 1953 3202 γνώμης
1971 3155 2065 3203 φέρει
2089 3157 2143 3189 El.
2164 3150 2264 3187 922(
2282 3176 2284 3178 ψ

1256 3202 1298 3233 de
1316 3212 1383 3242 quo
1401 3212 1502 3234 versu
1526 3203 1690 3236 diximus.
1718 3205 1761 3236 cf.
1791 3205 1911 3237 Elmsl.
1940 3204 1983 3236 ad
2008 3204 2142 3236 Heracl.
2163 3198 2248 3235 595.
