2288 3600
32 228 33 231 Ἴ
51 176 54 177 ⁷
78 203 86 211 .
100 187 135 220 p.
149 174 365 223 ειη-385,]

42 278 57 312 ἶ
82 281 190 318 δεινὸν
214 281 368 331 ἔρχεται,
398 281 485 330 ὀρθὴ
512 282 576 329 μὲν
598 280 623 328 ἡ
647 279 773 329 γλῶσσ’
799 282 886 318 ἐστίν
912 286 1029 318 Oreus.

85 350 113 372 ,
136 327 166 362 1.
208 331 483 364 Subaudiendum
507 331 599 363 enim
620 328 756 365 τούτου.
797 329 864 364 ὅτι»
891 329 927 364 δ’
953 328 1033 364 ὄλε-

24 411 36 417 ζ
57 388 108 411 ’.ν
125 372 262 423 ἁλήθει’
285 375 309 412 ἅ
331 388 378 418 ει,
401 375 612 424 συγγνωστὸν
637 376 744 411 εἰπεῖν
763 375 834 411 ἐστι
848 363 907 412 καὶ
921 376 962 412 τὸ
982 377 1031 423 μὴ

2 461 4 464 ,
94 422 132 458 όν
157 423 276 457 Oreus.
326 421 391 463 23,
419 422 452 456 2.
489 428 577 469 μισῶ
595 422 658 469 μὲν
676 422 765 462 ὅστις
780 423 917 472 τάφανῆ
935 435 1032 470 περι-

7 475 57 500 νὶκ
67 472 150 505 1)πεῖ
164 472 231 504 inc.
252 468 332 504 770.
369 472 508 503 Talibus
536 472 635 511 vulgo
653 472 859 513 abutuntur,
888 476 926 504 ut
943 470 1032 509 ὅστις

65 529 77 545 ἰ
98 514 183 555 ε’ίτις
207 518 272 550 dici
298 519 414 550 multis
431 519 597 559 exemplis
615 519 766 559 firment,
796 519 882 560 quod
900 519 939 550 fit
955 520 1032 560 qui-

15 561 37 603 ᾗ]
48 570 103 597 em
119 564 296 606 aliquando
309 590 317 606 ,
347 565 405 597 sed
422 566 521 604 longe
537 567 665 605 rarius,
694 575 791 606 quam
809 569 951 607 putant,
972 566 1033 607 qui

3 633 57 660 „-
89 611 182 643 illam
207 612 399 654 explicandi
423 613 587 644 rationem
610 613 790 652 incogitate
816 614 1028 652 confugiunt.

3 657 305 698 ,ζ-ἰ,,ἱιοιιᾶὶοιιᾱιιιιι
329 660 419 690 enim
436 660 576 698 τοῦτον,
605 669 668 691 nec
691 662 744 690 est
768 661 914 700 profecto
932 659 1032 700 quid-

2 714 137 745 uam,
157 705 224 737 nisi
241 706 493 738 circumlocutio
505 707 565 739 τοῦ
580 708 878 751 περισκοποῦντος.
900 707 1032 738 Deinde

3 741 90 785 “uc
117 753 226 784 refero
249 752 326 785 Ter.
355 754 395 784 fr.
416 749 503 792 520,
524 750 557 784 6.
586 750 625 786 οὐ
647 751 717 799 χρή
736 746 811 786 ποτ’
838 750 1030 799 ἀνθρώπων

36 802 46 807 ”
69 808 131 844 γαν
149 795 251 843 ὄλβον
275 796 491 845 ἀποβλέψαι·
528 797 736 846 τανυφλοίου
764 797 827 846 γὰρ
857 798 1031 844 ἰσαμέριός

8 850 16 866 ·”
71 856 88 883 ς
104 846 288 878 inculcavit
304 847 423 887 Bergk.
459 844 550 884 ὅστις
574 844 722 892 αίγείρου
742 844 856 892 βιοτὰν
874 843 1030 892 ἀποβάλ-

11 911 16 923 =.
45 901 86 925 ει.
119 893 172 924 lbi
197 890 285 931 ὅστις
316 893 357 925 ad
381 892 422 927 ἀν
450 893 574 938 ρώπων
600 894 764 933 refertur,
796 894 837 926 ad
867 895 1030 936 pluralem

7 936 221 986 §mgulariffi
265 941 362 972 cuius
394 942 444 972 rei
476 940 583 972 adhuc
623 941 776 982 exempla
807 950 1026 982 apponemus.

2 980 155 1026 'fiemus
173 990 244 1018 est:
271 988 373 1019 unius
397 987 463 1019 diei
487 989 590 1019 vitam
616 988 671 1019 ille
687 987 811 1025 (homo)
836 987 945 1027 habet,
975 990 1031 1028 qui

6 1027 210 1081 ‘whene
238 1033 370 1073 frondis
397 1035 537 1066 similem
565 1037 668 1066 vitam
685 1036 826 1074 amittit,
847 1035 879 1066 id
904 1038 956 1066 est
973 1037 1032 1066 tri-

14 1080 123 1127 }mm,
150 1080 241 1121 quod
256 1081 366 1113 lucem
383 1082 505 1123 accipit
529 1082 569 1112 ab
594 1090 650 1119 eo,
678 1082 737 1122 qui
762 1091 879 1113 versus
905 1081 1030 1123 Sopho-

11 1126 82 1168 §lis
99 1127 231 1167 attulit,
265 1128 464 1169 Porphyrio:
503 1125 527 1173 ἧ
555 1138 592 1161 τε
609 1126 673 1174 γὰρ
691 1126 839 1174 αἴγειρος
865 1125 1030 1174 φιλοπεν-

6 1169 92 1220 θὴς
114 1171 173 1207 καὶ
195 1171 322 1219 ἀτελὴς
345 1173 430 1221 πρὸς
445 1173 688 1221 καρπογονίαν.
729 1175 793 1208 Sed
812 1173 901 1213 ὅστις
929 1176 1029 1208 etiam

5 1221 141 1264 &usae
164 1221 353 1253 reddendae
381 1223 601 1254 constitutum
631 1231 704 1254 esse
733 1223 876 1262 intelligi
906 1226 1026 1264 potest.

6 1260 122 1312 ῐξῘσιτο
140 1268 189 1300 sic
205 1268 409 1310 explicueris
425 1278 560 1300 versum
578 1269 638 1301 Ph.
663 1265 751 1301 249:
781 1263 940 1316 ᾦτέκνον
952 1294 961 1310 ,
989 1267 1027 1302 οὐ

11 1310 86 1397 ἒξ
114 1310 218 1349 οἶσθά
246 1311 288 1360 μ’
318 1313 415 1348 ὅντιν’
444 1314 598 1361 εἰσορᾷςς
626 1317 686 1348 hoc
714 1320 766 1348 est
782 1314 820 1350 οὐ
847 1314 911 1363 γὰρ
929 1313 1030 1349 οἶσθα

10 1377 47 1403 ³1.
84 1362 176 1401 ῖνον,
197 1359 234 1395 ὃν
251 1360 386 1408 εἰσορᾷς
399 1388 407 1403 ,
426 1361 597 1396 τουτέστιν
616 1361 700 1407 έμὲε
723 1372 910 1404 quanquam
929 1364 1028 1394 etiam

5 1406 54 1449 3ᾐῇ
80 1409 378 1449 interrogationem
395 1410 590 1441 indirectam
607 1413 720 1452 potest
737 1411 865 1442 referri.
895 1411 1028 1442 Deinde

16 1456 200 1497 fparatim
217 1465 302 1497 quae
319 1460 487 1497 ponantur
510 1457 610 1497 digna
627 1461 707 1488 sunt
723 1457 781 1488 illa
797 1458 952 1498 exempla
963 1482 970 1492 .
991 1458 1027 1488 in

10 1501 145 1547 ,quibus
161 1499 228 1540 τίς
251 1503 434 1543 praecedit.
470 1501 520 1541 τίς
533 1530 540 1543 ,
563 1498 667 1537 ὅντιν’
683 1502 706 1537 ἁ
723 1501 922 1537 θεσπιέπεια
940 1499 1028 1537 Δελ-

94 1545 169 1582 εἶπε
183 1546 292 1594 πέτρα
307 1550 365 1582 OR
381 1547 450 1582 464
467 1550 519 1582 ch.
540 1551 563 1582 i.
585 1560 616 1582 e.
643 1548 692 1588 τίς
711 1549 841 1588 ἐκεῖνός
861 1549 940 1583 ἐστι.
977 1548 1028 1588 τίς

14 1622 31 1639 4
46 1591 66 1637 ²,
89 1589 188 1629 ὅντιν’
203 1593 297 1638 εἶπε;
322 1594 422 1629 1056.
450 1595 500 1634 τίς
518 1595 546 1630 δ’
563 1595 663 1638 ἐστὶν,
685 1592 783 1631 ὅντιν’
799 1595 905 1645 ἄνδρα
921 1607 1028 1645 προσ-

9 1632 169 1683 &chocem
186 1645 348 1690 στρατοῦ;
377 1645 432 1676 Ai.
457 1641 556 1677 1044.
577 1655 651 1677 cum
670 1646 867 1677 attractione
884 1645 1024 1677 dictum.

33 1705 51 1718 ι
76 1689 152 1722 aliis
169 1690 324 1732 inprimis
342 1701 427 1732 quae
445 1692 662 1723 indefinitum
677 1702 730 1729 τις
747 1696 782 1724 et
797 1692 878 1724 huic
894 1695 1027 1724 contra-

8 1748 20 1780 ,²
58 1746 107 1768 ιιι
132 1734 242 1775 οὐδείς
263 1738 409 1778 habent,
443 1739 712 1770 subaudiendum
736 1740 899 1776 τοιοῦτος.
939 1737 1027 1771 ἔστιν

14 1779 68 1821 fe
92 1781 208 1828 ὑμῶν,
240 1782 330 1822 ὅστις
357 1783 494 1818 κάτοιδε
521 1784 579 1818 τὸν
610 1783 694 1831 βοτῆ
718 1783 726 1796 ‘
755 1783 791 1819 ὃν
822 1783 954 1818 ἐννέπει
970 1785 1027 1818 OR

51 1826 124 1863 148.
152 1828 214 1877 ὅρα
243 1828 276 1864 εἴ
301 1842 351 1869 τις
380 1829 458 1876 ὗμιν
487 1829 628 1878 ἐγγενὴς
658 1797 740 1873 ἔσς’,
774 1831 863 1869 ὅστις
896 1830 936 1866 ἄν
967 1842 1027 1866 σου

10 1878 119 1911 :vro
136 1871 344 1925 προσχρῄζοι
365 1881 483 1925 τυχεῖν
501 1879 557 1912 OC
578 1876 677 1912 1168.
705 1877 812 1925 ἄνδρα
833 1877 952 1913 ἐλεύθε
975 1890 1023 1920 ον,

14 1919 110 1964 §Gne
139 1923 225 1969 πρὸς
252 1923 347 1970 ἡμᾶς
377 1923 451 1959 ἀντὶ
479 1928 541 1959 σοῦ
569 1923 657 1966 λέξει
674 1926 716 1961 τὰ
741 1926 800 1967 σάς
842 1927 897 1958 Ai.
923 1925 938 1958 1
967 1923 1022 1958 61.

9 1967 107 2052 {gina
132 1969 239 2016 ἄνδρα
262 1965 298 2004 δ’
316 1966 424 2006 οὐδέν’
441 1971 600 2014 ἔντοπον,
634 1971 699 2021 οὐχ
723 1971 812 2011 ὅστις
836 1971 858 2007 ἀ
879 1971 1021 2014 κέσειεν,

10 2021 12 2027 ’
61 2012 98 2051 δ’
125 2015 216 2056 ὅστις
239 2017 340 2052 νόσου
363 2018 527 2064 κάμνοντι
544 2018 747 2066 συλλάβοιτο
772 2021 832 2052 Ph.
877 2018 933 2054 81.
963 2018 1027 2054 ἅν-

47 2075 84 2097 α
100 2058 136 2098 δ’
162 2063 270 2099 οὐδέν’
294 2060 366 2100 οἶδ’
390 2065 458 2112 ἐγὼ
485 2065 630 2108 δίκαιον,
660 2066 748 2105 ὅστις
767 2065 801 2106 ἐξ
818 2065 968 2104 ἅπαντος
987 2065 1023 2100 εὖ

10 2129 20 2150 ,ι
79 2121 108 2144 ει
139 2112 197 2144 ΟΒ
219 2110 301 2145 807.
361 2111 422 2158 ἄγε
450 2116 535 2155 πᾶς,
574 2112 671 2159 φίλος
704 2114 793 2152 ὅστις
825 2113 913 2162 ἀνὴρ
969 2113 1027 2160 ησὶ

12 2156 177 2204 ξἐιιρεῖναι
210 2159 265 2191 Ai.
306 2157 394 2193 1413
427 2171 481 2193 an.
516 2162 539 2194 i.
576 2171 606 2194 e.
641 2166 709 2195 τῶν
741 2160 906 2196 τοιούτων
958 2173 1023 2195 κα-

14 2206 45 2246 ⁷,-
64 2215 107 2246 ς,
127 2201 162 2239 οἵ
177 2216 289 2250 φασιν.
316 2207 340 2240 i.
369 2217 398 2239 e.
420 2210 487 2245 πᾶς
514 2206 624 2253 φίλος.
653 2209 843 2250 Aliquando
867 2210 901 2241 id
918 2219 1024 2250 genus

30 2267 47 2279 ·›
63 2253 213 2294 plicandi
229 2254 331 2285 etiam
341 2255 579 2294 interrogativo
594 2253 646 2292 τίς
661 2257 881 2296 praecedente
899 2266 1025 2289 accom-

31 2295 191 2332 Ἰθᾱιιιιιιιι
209 2303 263 2332 est
279 2301 320 2332 ad
338 2303 563 2333 sententiam:
590 2299 639 2339 τίς
655 2296 755 2336 ταῦτ’
776 2301 817 2336 ἄν
830 2329 837 2343 ,
865 2300 957 2340 ὅστις
975 2301 1024 2348 μὴ

18 2354 47 2392 γ’
61 2342 259 2392 ἀλαστόρων
275 2350 390 2389 νοσοῖ,
421 2345 531 2382 ἕλοιτο
549 2349 604 2381 Tr.
627 2346 727 2382 1235.
748 2351 771 2382 i.
793 2360 823 2382 e.
846 2349 894 2395 μὴ
912 2351 1027 2384 τοιοῦ-

12 2391 141 2430 *sedne
158 2391 246 2427 ὥστε
271 2397 397 2428 νοσεῖν.
425 2395 568 2427 Omnino
593 2397 705 2437 enim,
735 2400 775 2428 ut
804 2395 866 2436 ὅς,
908 2394 1023 2437 οἷος,

16 2441 121 2479 ζ’σος
145 2449 222 2472 cum
246 2441 518 2474 demonstrativis
543 2444 747 2475 correlativis
772 2445 959 2484 colligatae,
980 2445 1028 2476 sic

28 2500 58 2514 --ι
68 2496 119 2518 am
147 2484 263 2524 ὅστις
289 2491 342 2520 est
357 2489 416 2520 ubi
432 2498 501 2520 rem
519 2494 764 2530 consequentem
780 2501 819 2522 etc
833 2490 1026 2522 anteceden-

12 2535 33 2554 ἰ
52 2548 57 2561 r
89 2543 105 2564 a
122 2535 309 2574 significet:
348 2535 388 2567 de
406 2545 470 2576 quo
488 2545 552 2567 usu
578 2538 740 2569 sermonis
758 2538 975 2569 adverterunt
991 2541 1026 2569 et

19 2579 230 2620 collegerunt
254 2583 411 2623 exempla
429 2583 542 2614 Reisk.
572 2584 644 2615 ind.
673 2584 818 2617 Graecit.
846 2585 1021 2616 Demosth.

23 2625 53 2657 ’.
73 2623 153 2659 366.
182 2628 310 2660 Schaef.
331 2630 408 2661 mel.
427 2630 501 2661 crit.
518 2640 551 2671 p.
568 2627 623 2662 71.
645 2634 680 2662 et
696 2641 772 2672 app.
793 2632 833 2662 ad
847 2631 1022 2663 Demosth.

14 2674 52 2704 s'«.
71 2683 105 2714 p.
126 2671 207 2706 531.
226 2675 363 2707 Praeter
377 2677 435 2707 illa
452 2677 507 2707 Ai.
525 2673 604 2708 917.
626 2677 681 2709 Τι’.
706 2675 805 2710 1235.
825 2679 906 2709 haec
923 2679 1020 2710 vide:

25 2717 98 2753 δὲ
129 2720 361 2778 συμπράκτωρ
393 2720 474 2755 ὁδοῦ
505 2717 652 2764 κατεῖδ’,
679 2722 758 2758 ὅτου
782 2735 832 2762 τις
862 2722 1024 2768 ἐκμαθὼν

14 2766 25 2777 τ

60 2765 170 2812 ρήσατ
202 2765 262 2808 ἄν,
298 2769 356 2801 OR
383 2767 459 2801 117.
497 2768 536 2802 οὐ
562 2769 624 2817 γὰρ
648 2769 780 2815 γυναικὶ
796 2770 875 2808 τοὺς
900 2769 940 2805 λό
966 2782 1024 2809 ους

73 2815 105 2850 ῖς
121 2813 227 2861 κακῇ,
247 2812 323 2848 οὐδ’
338 2814 414 2860 ἥτις
431 2814 469 2849 οὐ
487 2815 624 2850 κάτοιδε
640 2814 853 2863 τάνθρώπων
872 2819 926 2850 Tr.
964 2815 1020 2850 39.

22 2858 26 2866 ‘
72 2854 109 2892 δ’
133 2858 220 2894 ἔστιν
244 2858 336 2895 οὕτω
361 2861 512 2909 νέοχμον
538 2861 616 2897 ὅτου
632 2859 774 2908 τοσήνδ’
799 2863 897 2910 ἰυγήν
914 2867 1024 2902 ποιεῖς

54 2921 78 2939 .
98 2904 179 2939 751.
220 2908 293 2940 Non
319 2910 482 2950 dicimus,
514 2909 601 2942 ὥστε
630 2913 728 2943 unice
754 2912 794 2943 ad
820 2913 1022 2943 sententiam

12 2974 14 2980 ·
35 2963 194 2986 ·nven1re
209 2966 216 2995 ς
246 2965 322 2987 nam
340 2957 449 2988 omnia
466 2966 508 2988 ex
527 2959 717 2990 correlativo
733 2960 885 2996 τοιοῦτος
903 2968 1024 2990 omlsso

16 3107 45 3121 ··
86 3094 137 3125 'us
159 3097 328 3127 sententia
350 3098 598 3136 pronuntiatur.
643 3095 732 3135 ὅστις
759 3095 793 3131 δ’
817 3096 1024 3143 ἀνωφέλητα

16 3145 19 3163 1
35 3157 45 3166 ›
97 3150 126 3173 ει
141 3138 244 3174 τέκνα
256 3167 264 3181 ,
281 3140 314 3175 τί
329 3137 426 3176 τόνδ’
450 3140 491 3176 ἂν
509 3140 618 3181 ε’ίποις
635 3142 722 3178 ἄλλο
738 3143 830 3190 πλὴν
847 3142 939 3191 αὑτῷ
957 3144 1023 3178 πό-

13 3207 20 3235 5
44 3202 57 3213 -·
78 3197 95 3224 ς
112 3188 216 3241 φῦσαι
240 3189 320 3220 Ant.
341 3186 420 3220 641.
452 3188 515 3231 [ὅτι
538 3188 601 3236 γὰρ
625 3189 719 3237 ἀνέρι
736 3189 833 3232 φύσις
851 3190 920 3236 δῷ,
948 3191 1008 3225 τόδ

17 3252 30 3258 ν-
44 3243 125 3266 -ποτ
158 3231 198 3267 ἂν
216 3233 343 3274 έξέλοις
361 3238 402 3267 fr.
423 3237 488 3268 inc.
506 3234 606 3282 965.]
623 3236 701 3270 ὅτου
720 3234 756 3271 δ’
772 3236 917 3284 ἀπορρεῖ
934 3241 1024 3283 μνῆ-

31 3277 44 3283 ”’
63 3283 66 3286 “
104 3277 142 3314 εὖ
158 3279 372 3319 πεπονθότος
384 3309 391 3323 ,
413 3281 477 3316 οὐκ
493 3280 533 3316 ἂν
549 3279 674 3327 γένοιτ’
693 3279 749 3319 ἔθ’
766 3282 865 3321 οὗτος
882 3283 1023 3331 εὐγενὴς

60 3362 65 3366 ,
88 3336 106 3372 ρ
121 3327 176 3360 Ai.
197 3325 277 3360 523.
306 3326 374 3374 ὅτῳ
400 3327 438 3362 δὲ
456 3329 504 3375 μή
521 3328 602 3364 τάδ’
626 3329 713 3364 ἐστὶν
732 3330 767 3365 ἐν
784 3333 904 3378 γνώμῃ
923 3330 1018 3376 φίλα,

31 3372 33 3376 “
67 3383 130 3412 ,ος
157 3372 200 3407 τὰ
227 3372 341 3408 κείνου
368 3375 534 3422 στεργέτω
552 3375 652 3410 1038.
692 3376 781 3415 ὅστις
810 3376 897 3412 ποθ’
925 3377 1021 3422 ὑμῶν

13 3433 16 3438 v
47 3441 64 3461 ,-
94 3430 125 3452 ν
150 3418 306 3455 κάτοιδεν
323 3419 444 3468 ἀνδρὸς
471 3421 510 3456 ἐκ
527 3421 615 3462 τίνος
633 3422 792 3466 διώλετο,
821 3427 940 3459 τοῦτον
965 3436 1020 3459 κε-

958 159 1114 223 Ὅστις

1017 3187 1025 3201 ’
1062 3189 1161 3224 1617.

1974 161 2073 210 555
2120 165 2123 171 '

1069 282 1159 318 λεὺω
1177 285 1236 318 OR
1252 281 1333 319 224.
1355 302 1396 309 -
1422 286 1505 317 Ant.
1529 282 1606 317 176.
1626 285 1693 315 iam
1711 282 1941 325 apposuimus.
1973 277 2077 311 Simi-

1067 332 1146 364 liter
1170 333 1334 373 quisquis,
1361 332 1449 373 quod
1473 331 1729 364 demonstrativi
1755 331 1782 361 is
1806 329 1860 360 vel
1884 328 1991 359 omnis
2009 325 2078 357 vim

1069 388 1136 410 una
1161 389 1237 410 cum
1262 379 1399 410 relativo
1421 380 1589 418 continet,
1620 386 1719 419 saepe
1745 378 1772 408 is
1796 376 1850 408 vel
1868 375 1922 406 me
1949 373 2078 415 quidem

1068 426 1254 466 insequens
1271 426 1392 458 habere
1417 425 1693 466 deprehenditur.
1731 423 1947 455 Attractiom's
1964 425 2076 452 autem

1068 473 1103 504 in
1131 472 1194 504 hoc
1221 473 1417 514 pronomine
1446 482 1545 504 usum
1574 472 1673 511 longe
1706 472 1813 503 rarius
1847 468 2078 501 observaveris

1067 529 1167 560 quam
1192 521 1227 551 in
1254 517 1306 560 ὅς,
1345 524 1379 551 et
1409 522 1539 551 constat
1562 519 1636 550 eius
1654 519 1703 550 rei
1722 519 1817 550 ratio.
1846 512 1978 553 δίδαξον
1997 512 2077 547 ὅτου

1067 565 1149 599 ποτὲ
1167 569 1268 611 μῆνιν
1284 565 1428 612 τοσήνδε
1446 564 1646 611 πράγματος
1665 563 1791 609 στήσας
1811 562 1901 611 ἔχεις
1919 562 1977 594 OR
1994 557 2075 592 698.

1068 613 1140 645 Νοιι
1158 617 1210 644 est
1227 623 1285 654 pro
1301 611 1410 654 τίνος,
1433 614 1491 645 sed
1509 622 1583 644 cum
1600 613 1648 643 sic
1666 611 1892 652 componenda
1906 609 2007 640 verba
2023 617 2078 638 es-

1066 663 1143 692 sent
1160 657 1295 698 δίδαξον
1311 659 1350 693 τὸ
1364 661 1515 705 πρᾶγμα,
1538 658 1617 693 ὅτου
1632 662 1732 704 μῆνιν
1745 656 1872 703 στήσας
1891 653 1993 703 ἔχεις,
2015 663 2079 686 1¹0-

1067 716 1144 739 men
1158 705 1358 752 πράγματος
1367 708 1591 748 postpositum
1606 707 1794 747 pronomini
1809 715 1887 737 casu
1901 709 2004 736 tenus
2018 711 2079 742 ap-

1066 754 1221 796 plicatur.
1243 754 1368 786 Eadem
1381 755 1464 786 ratio
1478 754 1532 787 Ai.
1549 750 1637 785 1044
1651 766 1656 786 :
1677 750 1727 790 τίς
1741 746 1768 785 δ’
1783 749 1884 787 ἐστίν.
1905 746 2004 784 ὅντιν’
2017 745 2079 783 ἄν-

1067 798 1130 846 δρα
1140 798 1381 846 προσλεύσσεις
1393 802 1547 846 στρατοῦ.
1569 800 1662 839 Quae
1672 799 1974 831 demonstrativum
1983 806 2082 838 prae-

1066 849 1208 880 missum
1222 851 1410 880 monstrant
1423 847 1581 888 exempla
1595 847 1824 886 tractabimus,
1843 855 1918 877 cum
1932 845 1973 876 de
1988 842 2079 880 ὅστις

1066 904 1124 936 pro
1140 893 1176 932 ὅς
1193 895 1302 937 posito
1315 904 1464 934 agemus.
1487 912 1590 926 —.-
1609 904 1636 926 c.
1658 894 1672 936 ΙΙ
1689 894 1804 925 Altera
1819 893 1902 924 ratio
1916 892 2012 931 longe
2026 892 2082 922 in-

1065 942 1293 983 frequentiore
1322 942 1458 983 quidem
1485 951 1549 973 usu
1579 941 1637 972 illa
1670 944 1741 980 est,
1779 944 1820 972 ut
1860 939 2082 971 subaudiatur

1066 990 1163 1028 πᾶς,
1183 989 1271 1030 quod
1282 989 1340 1020 ubi
1352 989 1497 1028 additur,
1518 989 1621 1021 utAi.
1638 984 1739 1027 1413,
1757 986 2018 1026 intelligendum
2028 988 2082 1016 est

1064 1037 1230 1072 τοιοῦτος.
1261 1035 1317 1068 Sic
1333 1036 1460 1077 duplex
1479 1036 1677 1075 significatio
1695 1035 1829 1066 existit:
1859 1034 1980 1073 altera,
2002 1041 2079 1064 cum

1065 1083 1318 1115 incertitudinis
1355 1086 1433 1114 nota
1465 1083 1573 1114 omnis
1613 1083 1653 1113 ab
1687 1082 1857 1113 sententia
1887 1081 2001 1119 abest,
2038 1082 2078 1110 ut

1065 1131 1171 1161 omnia
1189 1131 1244 1171 qui
1261 1130 1470 1171 explicetur:
1499 1130 1622 1169 altera,
1650 1132 1708 1168 ut,
1739 1138 1814 1160 cum
1839 1129 1988 1159 incertus
2015 1127 2075 1165 sis,

1066 1177 1143 1218 quis
1172 1181 1207 1208 et
1239 1177 1347 1218 qualis
1380 1178 1524 1218 quisque
1554 1177 1615 1214 sit,
1653 1177 1799 1217 quisquis
1828 1174 2076 1216 interpreteris.

1065 1224 1152 1255 Illud
1171 1225 1345 1255 observavi
1362 1224 1414 1255 his
1428 1223 1527 1255 locis:
1555 1220 1679 1267 τόλμα,
1702 1220 1752 1255 ὅτι
1768 1220 1828 1255 καὶ
1843 1219 1941 1258 πόλις
1958 1218 2079 1266 τέτρο-

1066 1281 1126 1315 φεν
1144 1268 1267 1317 ἄφιλον
1285 1269 1490 1316 ἀποστυγεῖν
1508 1270 1564 1302 OG
1584 1267 1649 1302 185
1667 1269 1718 1301 ch.
1748 1270 1868 1309 Possit,
1890 1269 1949 1300 sed
1963 1269 2078 1299 minus

1065 1322 1161 1358 apte,
1183 1318 1342 1360 explicari
1361 1315 1472 1350 ὁτιοῦν
1485 1342 1493 1356 ,
1521 1318 1628 1358 possit
1645 1318 1745 1348 etiam
1765 1313 1896 1356 ἐκεῖνο,
1928 1313 1956 1348 ὅ.
1993 1312 2079 1358 πρός

1065 1359 1094 1396 σ’
1111 1362 1163 1398 ὅτι
1180 1375 1231 1398 σοι
1249 1362 1348 1410 φίλον
1367 1363 1407 1398 ἐκ
1431 1361 1529 1398 σέθεν
1547 1362 1692 1408 ἄντομαι
1708 1360 1778 1395 250
1796 1373 1839 1395 m.
1876 1363 1948 1394 Non
1966 1365 2079 1403 potest

1065 1415 1142 1454 apte
1167 1409 1280 1445 ἐκεῖνο
1305 1412 1496 1451 subaudiri,
1530 1411 1628 1452 plura
1657 1411 1749 1442 enim
1779 1412 2079 1442 commemorantur

1065 1459 1237 1500 deinceps,
1258 1459 1429 1490 carissima
1445 1459 1566 1490 omnia.
1595 1455 1827 1503 ἀνατέτροφας
1845 1455 1896 1490 ὅτι
1908 1455 1966 1490 καὶ
1985 1453 2076 1502 μύσῃ

1064 1506 1119 1538 Tr.
1143 1502 1233 1537 1008
1250 1516 1294 1539 m.
1315 1515 1443 1537 omnem
1459 1507 1526 1536 vim
1546 1506 1667 1536 doloris
1683 1505 1920 1545 aliquantisper
1937 1505 2079 1544 sopitam

1063 1554 1221 1585 excitasti.
1258 1550 1390 1586 πίπτειν
1408 1548 1538 1598 ἔφασχ’
1567 1550 1584 1585 ὁ
1608 1550 1745 1595 μάντις,
1782 1549 1871 1588 ὅστις
1889 1548 2075 1595 ἀνθρώπου

1064 1597 1163 1645 φύσιν
1189 1597 1344 1644 βλαστὼν
1377 1597 1426 1644 μὴ
1456 1597 1530 1632 κατ’
1552 1596 1734 1645 ἄνθρωπον
1770 1597 1880 1644 φρονῇ
1908 1598 1962 1630 Ai.
1992 1594 2072 1628 760.

1063 1647 1151 1687 quod
1176 1651 1290 1678 tamen
1316 1647 1416 1678 etiam
1443 1644 1540 1683 εἴτις
1566 1646 1727 1687 explices.
1764 1644 1880 1691 *χρὴν
1911 1638 1946 1677 δ’
1972 1641 2075 1681 εὐθὺς

1063 1691 1150 1726 εἶναι
1164 1691 1266 1738 τήνδε
1282 1695 1357 1731 τοῖς
1382 1695 1483 1726 πᾶσιν
1501 1691 1600 1738 δίκην
1613 1720 1620 1732 ,
1642 1691 1731 1730 ὅστις
1754 1691 1841 1738 πέρα
1859 1689 2018 1738 πράσσειν
2036 1701 2075 1736 γε

1062 1744 1130 1773 τῶν
1147 1739 1262 1785 νόμων
1290 1736 1406 1781 θέλοσ,
1434 1739 1575 1774 κτείνειν
1601 1740 1655 1772 El.
1687 1737 1788 1772 1506.
1821 1739 1913 1781 [secl.
1934 1737 2070 1783 Dind.].

1063 1788 1212 1819 Alteram
1229 1788 1389 1828 loquendi
1414 1789 1576 1819 rationem
1595 1785 1683 1824 ὅστις
1707 1796 1766 1827 pro
1784 1785 1938 1820 ὁστισοῦν
1967 1786 2076 1827 posito

1062 1835 1185 1866 mirum
1212 1838 1282 1874 est,
1315 1835 1403 1876 quod
1430 1845 1447 1866 a
1466 1835 1567 1875 Soph.
1600 1834 1790 1866 abiudicare
1814 1833 1964 1874 potuerit
1987 1832 2076 1865 Her-

1062 1891 1205 1913 mannus
1223 1882 1386 1913 Lobeckio
1405 1882 1600 1913 adversatus
1619 1881 1659 1912 ad
1675 1882 1731 1913 Ai.
1756 1877 1839 1922 179,
1866 1890 1941 1911 cum
1959 1883 2072 1911 tamen

1062 1938 1128 1960 non
1146 1929 1241 1960 modo
1258 1929 1362 1960 ceteri
1380 1929 1498 1968 tragici
1515 1929 1563 1960 ita
1588 1929 1691 1960 locuti
1714 1929 1784 1959 sint
1798 1952 1806 1967 ,
1836 1928 1931 1959 velut
1948 1926 2069 1958 Aesch.

1062 1975 1179 2015 Agam.
1215 1972 1300 2016 155,
1342 1985 1535 2017 quanquam
1562 1976 1610 2007 ibi
1644 1975 1777 2006 additur
1810 1972 1911 2013 ποτέ,
1949 1974 2070 2015 Eurip.

1061 2022 1198 2064 Hippol.
1220 2019 1308 2062 350,
1337 2022 1456 2054 Bacch.
1477 2019 1558 2053 217.
1595 2022 1732 2062 Herm„
1764 2022 1821 2053 sed
1840 2022 1942 2053 etiam
1959 2030 2074 2062 prosa-

1061 2070 1101 2101 rii
1118 2070 1199 2101 locis
1215 2070 1425 2110 innumeris,
1457 2078 1651 2110 quanquam
1669 2070 1765 2108 longe
1783 2070 1910 2100 minore
1928 2069 1982 2099 usi
2001 2077 2073 2099 ser-

1061 2117 1169 2148 monis
1186 2116 1351 2148 tractandi
1367 2117 1521 2148 licentia:
1543 2127 1575 2147 v.
1598 2116 1768 2148 Schaeser.
1789 2116 1829 2147 ad
1849 2115 1967 2157 Steph.
1981 2115 2072 2147 The-

1062 2173 1148 2196 saur.
1171 2173 1198 2195 c.
1220 2160 1323 2195 7008.
1344 2164 1386 2195 ad
1403 2164 1518 2202 Antig.
1535 2159 1569 2194 2.
1591 2167 1626 2195 et
1639 2164 1718 2195 Lob.
1739 2163 1779 2194 ad
1797 2163 1920 2201 Phryn.
1936 2171 1971 2202 p.
1989 2159 2068 2194 374.

1061 2210 1130 2242 Nec
1145 2211 1291 2251 profecto
1309 2211 1407 2242 aliter
1423 2210 1584 2251 explicari
1602 2214 1744 2251 possunt
1768 2210 1848 2241 haec
1868 2209 2068 2250 Sophoclea:

1059 2255 1117 2290 τὸν
1141 2254 1243 2302 ἄνδρῗ
1267 2254 1413 2290 ἀπαυδῶ
1443 2258 1580 2297 τοῦτον,
1613 2255 1703 2294 ὅστις
1725 2254 1812 2297 ἐστὶ,
1841 2259 1904 2302 γῆς
1985 2249 2073 2301 μήτ’

1061 2300 1277 2350 εἰσδέχεσθαι
1301 2305 1359 2336 OR
1375 2301 1457 2337 237.
1493 2305 1669 2343 Ignorabat
1693 2304 1842 2345 Oedipus
1867 2304 1941 2335 Laii
1965 2304 2072 2335 inter-

1060 2352 1238 2383 fectorem:
1267 2352 1342 2382 iure
1371 2352 1475 2390 igitur
1503 2351 1585 2382 dicit
1602 2352 1748 2391 quisquis
1775 2354 1820 2381 est
1845 2352 1915 2382 iste.
1956 2343 2073 2383 ὄλοιθ’

1062 2395 1151 2434 ὅστις
1168 2396 1231 2443 ἦν,
1254 2395 1290 2435 ὅς
1310 2391 1344 2442 μ’
1369 2391 1427 2430 ἀπ’
1453 2395 1570 2443 ἀγρίας
1595 2395 1702 2435 πέδας
1718 2395 1871 2442 νομάδας
1895 2394 2073 2434 ἐπιποδίας

1062 2441 1182 2489 ἔλαβεν
1203 2441 1292 2476 1349
1310 2455 1354 2476 ιιι.
1394 2442 1473 2478 ἄνευ
1499 2455 1536 2489 γε
1561 2445 1621 2477 τοῦ
1645 2442 1860 2489 κραίνοντος,
1896 2442 1984 2481 ὅστις
2013 2441 2069 2488 ἦν,

1060 2487 1187 2538 χθονὸς
1206 2485 1287 2525 οὔθ’
1303 2489 1439 2532 εἷλκον,
1461 2487 1526 2524 οὔτ’
1548 2488 1588 2524 ἂν
1605 2489 1690 2537 ἦγον
1715 2491 1771 2523 OC
1789 2487 1868 2523 926.
1913 2491 2072 2523 Omnium

1061 2542 1173 2570 autem
1202 2539 1423 2570 clarissimum
1451 2539 1511 2570 hoc
1541 2543 1592 2570 est
1620 2539 1832 2579 exemplum:
1875 2532 1964 2578 δόθ’,
1996 2535 2072 2583 ἥτις

1062 2582 1149 2625 ἐστί,
1171 2584 1420 2632 προσφέροντες
1444 2586 1497 2617 ΕΙ.
1521 2582 1630 2625 1123,
1657 2595 1744 2626 quae
1766 2595 1886 2617 urnam
1904 2586 2074 2626 sepulcra-

1060 2633 1126 2663 lem
1145 2633 1210 2664 sibi
1227 2633 1313 2664 tradi
1330 2633 1517 2673 postulanti
1535 2632 1689 2663 Electrae
1707 2632 1843 2664 Orestes
1861 2633 1950 2672 dicit,
1973 2633 2071 2671 igna-

1059 2687 1135 2710 rum
1164 2689 1238 2711 sese
1268 2680 1450 2720 simulans,
1473 2688 1639 2720 quaenam
1667 2680 1725 2710 illa
1750 2680 1805 2711 sit.
1845 2680 1927 2711 Nam
1955 2678 2068 2712 Cedal.

1058 2727 1100 2758 fr.
1122 2722 1201 2758 308.
1223 2729 1257 2757 et
1273 2727 1440 2768 scriptura
1456 2726 1583 2758 incerta
1600 2729 1634 2757 et
1652 2735 1784 2759 sensus.

1128 2769 1163 2806 2.
1191 2772 1205 2814 ΙΙ
1230 2773 1296 2805 Sed
1320 2774 1389 2805 loco
1407 2773 1544 2804 seorsim
1563 2774 1735 2814 ponendae
1760 2774 1923 2805 formulae
1953 2771 2070 2806 ἔστιν

1061 2817 1178 2856 ὅστις
1203 2823 1250 2851 est
1267 2822 1323 2860 qui
1340 2824 1375 2851 et
1393 2818 1455 2852 οὐκ
1472 2817 1562 2852 ἔστιν
1593 2818 1682 2856 ὅστις
1711 2829 1779 2851 non
1807 2823 1853 2851 est
1877 2822 1948 2860 qui,
1983 2820 2071 2860 quod

1060 2866 1239 2907 aliquando
1259 2867 1330 2907 fieri
1352 2876 1446 2906 posse
1472 2867 1647 2906 significat.
1678 2866 1827 2905 Quorum
1853 2867 1937 2899 illud
1959 2876 2071 2898 rarum

1060 2917 1111 2944 est
1127 2923 1180 2953 ap.
1202 2907 1302 2954 Soph.
1334 2908 1414 2947 ἔσθ’
1438 2911 1506 2957 ὅτῳ
1536 2911 1575 2945 σὺ
1593 2911 1710 2950 πιστὸς
1727 2912 1774 2957 ὢν
1794 2911 1893 2959 ἕδρας
1909 2911 1990 2947 τάδε
2015 2912 2069 2946 OC

1062 2956 1162 2991 1031.
1184 2951 1247 2992 εἰσὶ
1264 2957 1298 2991 δ’
1320 2957 1440 2996 οἵτινες
1456 2958 1607 2992 αἰνοῦσιν
1624 2957 1746 2993 ἄνοσον
1765 2958 1872 3005 ἄνδρα
1888 2960 2005 2993 Oreus.
2026 2962 2065 2992 fr.

1013 3030 1020 3037 .
1059 3003 1138 3045 325,
1160 3003 1192 3037 5.
1222 3007 1376 3037 Alterum
1403 3007 1551 3037 crebrius
1570 3007 1748 3047 reperitur.
1777 3005 1841 3039 οὐκ
1866 3005 1953 3040 ἔστιν
1970 3005 2068 3051 ὑμῶν

1059 3050 1147 3089 ὅστις
1165 3050 1199 3090 ἐξ
1215 3050 1291 3085 ἴσου
1308 3055 1402 3085 νοσεῖ
1418 3053 1475 3084 OR
1492 3050 1549 3084 61.
1586 3055 1646 3086 σοῦ
1664 3052 1728 3097 γὰρ
1748 3051 1812 3087 οὐκ
1831 3052 1918 3086 ἔστιν
1938 3052 2068 3098 βροτῶν

1057 3098 1179 3132 κάκιον
1199 3097 1287 3136 ὅστις
1305 3097 1542 3144 ἐκτριβήσεταί
1562 3110 1644 3133 ποτε
1668 3097 1748 3133 428.
1799 3100 1837 3134 τὸ
1862 3099 1925 3146 γὰρ
1955 3099 2067 3146 φιλεῖν

1059 3143 1123 3179 οὐκ
1141 3144 1229 3179 ἔστιν
1248 3144 1282 3185 ἐξ
1300 3143 1380 3179 ὅτου
1405 3144 1508 3179 πλέον
1537 3143 1561 3190 ἢ
1589 3145 1688 3180 τοῦδε
1704 3145 1847 3192 τάνδρὸς
1878 3145 1994 3193 ἔσχετε
2013 3148 2067 3180 OC

1217 3190 1280 3225 οὐκ
1317 3189 1383 3225 ἔστ’
1419 3190 1565 3238 ἀδελφὸς
1608 3191 1697 3230 ὅστις
1731 3191 1770 3226 ἂν
1805 3191 1945 3237 βλάστοι
1984 3193 2070 3227 ποτέ

1058 3239 1139 3270 Ant.
1160 3235 1239 3270 912.
1283 3237 1360 3283 ἐμοὶ
1384 3237 1448 3284 γὰρ
1466 3236 1581 3272 οὐκέτ’
1609 3238 1698 3272 ἔστιν
1722 3239 1770 3277 εἰς
1797 3239 1848 3273 ὅτι
1866 3239 1982 3285 βλέπω
2006 3242 2062 3273 Ai.

1058 3283 1137 3317 514.
1159 3283 1223 3318 οὐκ
1241 3283 1328 3318 ἔστιν
1346 3283 1453 3323 ὅντως
1477 3281 1582 3319 ὅντιν’
1607 3284 1762 3331 εὑρήσεις
1780 3284 1838 3320 ἕνα
1862 3288 1999 3319 Phaedr.
2021 3289 2064 3320 fr.

1057 3328 1136 3371 610,
1163 3329 1197 3363 2.
1786 3332 1835 3375 (II
1852 3344 1885 3375 p.
1907 3331 1987 3374 385,
2010 3333 2064 3378 5.)

1126 3375 1158 3410 3.
1179 3377 1194 3420 ΙΙ
1210 3379 1328 3411 Altera
1344 3380 1544 3419 significatio
1561 3381 1740 3422 praecipua
1756 3389 1795 3412 ea
1820 3385 1890 3422 est,
1919 3379 2010 3419 ὅστις
2027 3386 2067 3414 ιιι

1057 3427 1174 3469 quippe
1193 3427 1259 3470 qui,
1278 3429 1316 3461 ut
1334 3428 1389 3468 qui
1405 3427 1567 3470 explicari
1584 3431 1751 3470 oporteat:
1779 3437 1812 3461 v.
1827 3427 1944 3462 Herm.
1957 3430 2062 3471 praef.
