2288 3600
240 52 303 100 40

979 44 1276 115 Ἀμόρφωτον
1307 77 1368 83 -
1391 41 1439 96 'A
1447 49 1573 111 μύνω

1999 57 2031 105 [1
2053 69 2088 102 P.
2116 50 2257 97 nanto
2286 83 2287 86 η

238 180 316 202 casu
356 171 457 202 etiam
499 170 665 201 Pindarus
697 169 829 209 posuit:
875 178 907 198 v.
946 167 1082 198 Dissen.
1119 166 1253 207 Explic.
1297 154 1462 210 μωμένας
1489 168 1523 198 et
1548 165 1649 198 schol.
1679 167 1720 198 ad
1745 167 1778 198 h.
1800 163 1842 211 l.]
1870 166 2047 200 Sententia
2071 169 2179 199 certa:
2205 168 2265 200 om

310 269 616 321 Ἀμόρφωτονῑ
645 270 896 307 ἀδιατύπωτον.
936 269 1023 318 Σοφ.
1047 269 1167 306 Θυέστ.
1196 269 1254 314 (fr.

239 320 327 366 243)
344 323 490 361 Hesych.

311 375 440 425 Ἀμός
458 379 511 424 (-)
523 383 644 412 noster.
665 378 796 424 πατέρα
812 377 870 412 τὸν
889 377 978 423 ἀμόν
1005 379 1046 409 ΕΙ
1064 374 1133 409 279
1164 374 1255 419 [588.

246 426 361 470 1496].
398 426 479 472 ἀμῷ
505 425 607 473 πατρί
640 428 721 459 Ant.
753 424 821 459 865
840 436 884 457 m.
924 426 1024 457 Tricl.
1059 423 1160 468 [ἐμῶι
1186 424 1256 466 LA]

241 477 353 512 habet,
375 475 681 516 antistrophicoque
700 484 796 506 versu
823 474 855 504 id
874 474 1008 513 vulgato
1026 470 1103 517 ἐμῷ
1122 481 1260 512 respon-

242 524 298 555 det
316 523 513 555 accuratius.
544 523 611 554 Hos
639 522 836 562 Soph0c3eos
862 521 947 552 locos
967 520 1064 551 Eust.
1093 520 1260 559 significat

242 580 275 612 p.
297 567 377 611 547,
405 567 462 602 43.
506 569 755 601 Inconsiderate
786 569 906 600 Blomf.
936 565 1025 611 άμός
1059 567 1191 598 scribit:
1225 577 1256 597 v.

243 618 340 658 gloss.
365 618 402 649 ad
423 618 514 658 Sept.
533 613 612 648 413.
644 616 707 648 Sed
726 614 814 660 άμός
833 615 980 647 doricum
999 618 1051 645 est
1068 614 1260 653 Etymologo

243 675 275 706 p.
297 661 354 703 84,
376 661 431 704 51,
463 664 552 696 unde
570 667 833 695 consentancum
859 663 957 694 attice
982 659 1072 706 ἀμός
1090 662 1173 701 dici,
1195 662 1260 692 ita-

243 722 308 753 que
335 712 459 743 diserte
486 711 648 752 praecipit
673 711 774 742 schol.
817 712 901 743 Ven.
925 710 963 740 Il.
987 706 1005 747 ζ
1029 705 1110 739 414.
1130 705 1198 747 λεξ.
1221 719 1258 740 π.

244 770 366 803 πνευμ.
390 769 422 799 p.
443 755 524 789 211.
550 757 642 799 [Lob.
665 758 760 789 Path.
790 758 842 788 El.
868 754 897 797 1,
920 752 1016 795 3934

323 813 452 864 Αμοχ
461 814 537 854 θος
563 826 723 848 aerumna
741 825 863 847 carens.
902 812 924 847 ἀ
954 812 1062 860 ο·“θον
1097 811 1170 859 βίον
1203 815 1257 846 Tr.

248 862 324 896 147.
353 862 513 911 ἅμοχθος
531 862 595 909 γὰρ
613 861 723 900 οὐδείς
749 863 833 902 Mys.
857 864 896 894 fr.
944 860 963 893 5
993 887 998 893 .

311 916 538 967 ’Ἄμπελος
569 924 656 954 vitis.
686 925 802 969 χῶρος
845 918 956 967 βρύων
991 919 1123 967 δάφνης
1158 918 1262 958 ἐλάας

245 968 403 1016 ἀμπέλου
422 970 477 1003 OC
495 968 547 1002 17.
569 966 726 1016 Βακχίας
744 962 801 1002 ἀπ’
818 966 976 1012 ἀμπέλου
996 969 1050 1000 Tr.
1069 965 1147 1000 704.
1169 967 1263 1012 κάμ-

247 1016 354 1051 πέλου
373 1015 503 1062 σπονδή
523 1017 648 1056 Polyid.
671 1018 711 1047 fr.
733 1013 812 1048 464.

316 1071 525 1128 Ἀμπέχω
551 1079 634 1116 teyo.
663 1073 763 1121 κρατὶ
781 1068 808 1106 δ’
826 1071 1031 1120 ἡλιοστερὴς
1049 1076 1136 1119 κυνῆ
1156 1071 1265 1119 πρόσ-

248 1136 327 1159 ωπα
351 1121 516 1160 Θεσσαλίς
541 1133 591 1155 νιν
618 1120 769 1169 ἀμπέχει
800 1121 855 1153 OC
874 1118 952 1153 314.
983 1122 1146 1153 Memorat
1163 1122 1260 1153 Eust.

248 1183 280 1214 p.
303 1168 383 1211 641,
404 1168 460 1203 46.
490 1171 540 1202 De
559 1181 623 1202 usu
641 1171 786 1210 duplicis
804 1170 984 1201 accusativi
1002 1173 1133 1209 praeter
1154 1179 1264 1209 gram-

249 1220 384 1252 maticos
408 1219 511 1297 ligius
535 1218 653 1249 aetatis
680 1228 711 1248 v.
741 1221 844 1248 testes
878 1217 994 1248 citatos
1020 1216 1199 1248 Matthiaeo
1226 1217 1265 1248 ad

248 1267 379 1299 Hecub.
414 1279 421 1297 ι
456 1263 488 1297 5.

319 1319 594 1369 Ἀμπλᾶκεῖν
621 1323 682 1355 inf.
721 1333 785 1355 aor.
823 1324 970 1354 amittere
983 1347 991 1362 ‚
1026 1333 1094 1354 non
1126 1324 1264 1363 assequi.

251 1369 520 1408 Αύθυπότακτον
539 1381 612 1402 esse
631 1371 854 1402 certissimum
873 1374 936 1409 est,
958 1368 987 1402 εἰ
1004 1363 1097 1403 τοῦδ’
1123 1367 1267 1414 ἤμπλα-

249 1431 310 1454 κον
324 1420 406 1452 Ant.
419 1415 499 1450 910.
522 1417 562 1452 ἐκ
575 1412 602 1450 δ’
621 1415 828 1463 ὁρμωμένου
842 1416 969 1462 πατρὸς
983 1415 1148 1461 ἤμπλακε
1161 1414 1263 1449 1234.

251 1467 358 1501 Schol.
379 1463 487 1499 ἀπέτυ
516 1477 552 1499 ει
587 1466 763 1497 vulnerare
781 1465 947 1506 nequivit.
984 1462 1184 1508 κάμπλάκω
1205 1466 1266 1497 τοῦ

252 1517 312 1548 σοῦ
333 1512 460 1559 μόρους
483 1522 503 1546 ι)
530 1510 551 1544 4
568 1523 636 1544 non
653 1512 738 1552 fiam
756 1522 896 1544 consors.
915 1531 954 1536 —
969 1509 1135 1545 ἀπλακὼν
1152 1509 1267 1545 ἀπλα-

250 1563 336 1602 actv,
365 1561 394 1592 si
417 1562 511 1592 brevi
536 1561 642 1602 prima
666 1570 768 1601 opus,
795 1560 950 1600 usurpari
975 1560 1098 1591 melius
1123 1560 1266 1591 Porsono

251 1609 364 1642 docuit
380 1608 451 1640 Erf.
472 1609 513 1640 ad
529 1608 587 1639 ΟΒ
605 1604 672 1639 473
691 1607 763 1639 coll.
785 1607 903 1639 Matth.
926 1607 965 1639 ad
982 1607 1030 1638 IA
1051 1604 1127 1638 121.
1157 1607 1202 1638 At
1221 1607 1268 1638 sic

251 1657 352 1688 etiam
378 1656 414 1686 in
437 1655 654 1696 productione
687 1655 814 1696 primae
840 1655 1054 1686 scribendum
1080 1664 1166 1694 esse,
1203 1654 1266 1685 etsi

251 1704 342 1736 Pors.
369 1703 416 1734 ita
438 1703 473 1734 in
501 1702 664 1741 Aeschylo
690 1702 792 1734 octies
818 1702 1006 1743 rescripsit,
1043 1702 1078 1732 in
1105 1701 1266 1742 Euripide

250 1754 364 1783 autem
382 1750 549 1790 vulgatam
574 1758 638 1781 non
658 1749 820 1788 mutavit,
853 1749 977 1780 vellem
994 1752 1190 1788 argumento
1207 1749 1266 1780 do-

251 1798 378 1830 cuisset
394 1796 513 1829 Elmsl.
527 1797 567 1828 ad
576 1797 664 1828 Med.
681 1793 758 1836 115,
780 1797 834 1828 cui
851 1797 925 1828 iure
943 1797 1262 1828 adversaturHerm.

252 1846 288 1876 in
307 1845 457 1877 Censura
482 1844 567 1886 Opp.
590 1840 623 1883 3,
648 1840 724 1875 146.
761 1844 919 1875 Monkius
945 1848 1057 1875 autem
1084 1842 1139 1886 (ad
1159 1844 1262 1884 Hipp.

256 1888 338 1935 145)
355 1892 476 1934 melius
494 1894 631 1931 taceret,
652 1900 728 1922 cum
746 1900 811 1922 non
830 1891 953 1923 viderit
971 1891 1006 1921 in
1025 1891 1160 1932 Hippol.
1183 1887 1264 1929 834,

251 1940 313 1971 ubi
336 1936 537 1973 ἀπλακὶαισι
562 1938 698 1979 scripsit
722 1947 936 1970 numerorum
962 1939 1084 1978 gratia,
1118 1938 1268 1969 dochmio

253 1987 366 2018 versui
388 1990 571 2026 utrumque
597 1986 785 2017 dbnvenire.
815 1978 1002 2019 Ἀπλακεῖν
1021 1989 1055 2017 et
1071 1982 1268 2029 ἀμπλακεῖν

254 2034 370 2066 eodem
383 2042 448 2074 quo
465 2030 610 2078 ἀβροτος
628 2036 662 2063 et
677 2029 852 2077 ἄμβροτος
869 2034 942 2064 iure
961 2036 1060 2064 sunt:
1082 2033 1117 2063 in
1137 2033 1269 2071 tragicis

255 2081 418 2122 scriptura
435 2083 585 2112 accurate
608 2089 774 2121 perpensa
790 2077 987 2124 ἀμπλακεῖν
1014 2081 1115 2111 etiam
1140 2091 1158 2110 a
1176 2080 1269 2111 libris

255 2128 441 2159 maximum
469 2127 592 2158 habere
615 2127 819 2168 praesidium
849 2130 964 2168 patet:
1000 2128 1114 2168 itaque
1139 2127 1175 2158 in
1201 2128 1269 2158 Ae-

256 2175 368 2214 schylo
384 2174 513 2206 edendo
528 2174 627 2205 Well.
649 2174 723 2205 iure
740 2184 759 2204 a
775 2173 912 2206 Porsoni
929 2175 1125 2205 auctoritate
1143 2175 1269 2205 disces-

256 2223 310 2254 sit.
340 2221 430 2260 Quin
456 2222 556 2253 etiam
583 2221 673 2262 apud
691 2221 840 2253 cadentis
865 2222 983 2253 aetatis
1001 2222 1163 2262 prosarios
1190 2222 1271 2253 scri-

256 2273 368 2311 ptores
389 2269 475 2300 illud
501 2269 684 2310 reperitur:
721 2279 752 2299 v.
788 2269 897 2308 Bergl.
925 2269 967 2300 ad
990 2269 1141 2310 Alciphr.
1171 2266 1205 2308 2,
1235 2265 1268 2299 4.

257 2317 459 2356 Agnoscitur
477 2327 502 2360 μ
518 2316 558 2347 ab
576 2315 632 2347 Gr.
644 2315 750 2347 Bekk.
771 2325 805 2356 p.
819 2313 899 2355 388,
922 2313 942 2346 5
961 2319 995 2346 et
1013 2316 1076 2346 EM
1093 2326 1125 2357 p.
1140 2312 1198 2355 86,
1211 2312 1269 2354 26,

258 2364 318 2404 qui
341 2373 418 2395 cum
444 2372 518 2394 eam
542 2363 675 2394 literam
708 2362 884 2394 radicalem
911 2359 983 2394 esse
1010 2366 1125 2404 putat,
1159 2363 1273 2394 eodem

257 2411 358 2452 plane
382 2410 477 2442 modo
493 2409 616 2441 erravit
630 2410 666 2440 in
684 2406 856 2454 ἄμβροτος
881 2420 914 2451 p.
936 2407 970 2450 4,
991 2406 1047 2442 31.

328 2475 370 2515 'A
381 2477 558 2526 μπλάκη
570 2492 625 2525 μα
665 2479 833 2512 delictum.
870 2477 952 2513 ἀπλ.
989 2478 1180 2538 ἁμάρτημα
1213 2481 1269 2512 Gr.

258 2529 374 2560 Herm.
395 2528 436 2560 de
451 2537 516 2560 em.
533 2528 572 2559 R.
591 2527 649 2560 Gr.
663 2527 720 2560 Gr.
733 2537 766 2567 p.
784 2524 836 2560 18.
860 2525 1136 2572 ἀμπλακηματα,
1158 2525 1274 2574 ἁμαρ-

257 2573 398 2620 τήματα
413 2574 560 2614 Hesych.
582 2592 622 2598 —
651 2573 735 2620 πρὸς
752 2571 964 2621 αὐτοφώρων
983 2573 1273 2621 ἀμπλακημάτων

259 2623 341 2654 Ant.
362 2618 420 2654 51.
974 2620 1006 2665 (Ι
1023 2629 1057 2664 Ρ.
1082 2619 1148 2655 100
1166 2620 1274 2665 med.)

329 2675 642 2727 Ἀμπλακητός
669 2692 698 2712 ν.
728 2677 1013 2726 ἀναμπλάκητος.

328 2734 529 2783 Ἀμπνέω
555 2751 586 2771 v.
616 2737 789 2773 ἀναπνέω.

329 2792 526 2842 Ἀμπνοή
554 2799 697 2838 spiritus.
743 2791 854 2831 οὐκέτ’
879 2795 1037 2843 ἀμπνοὰς
1063 2795 1190 2845 ἔχοντα
1214 2800 1269 2831 Ai.

260 2842 339 2877 416.
362 2845 456 2877 Suid.
474 2856 504 2876 v.
526 2843 682 2889 ἀμπνοὰς
709 2843 845 2891 ἔχοντα.
874 2846 981 2878 Schol.
1013 2842 1120 2891 ἤγουν
1146 2844 1271 2885 ζῶντα.

259 2893 310 2924 De
328 2893 432 2924 forma
458 2895 492 2924 et
508 2892 749 2926 assimilatione
774 2903 805 2924 v,
830 2893 909 2924 Lob.
930 2894 969 2925 ad
988 2893 1112 2933 Phryn.
1133 2903 1168 2934 p.
1189 2890 1269 2926 340.

258 2940 310 2971 De
335 2939 468 2972 dicendi
493 2948 616 2979 genere
640 2940 796 2980 inprimis
830 2941 943 2972 crebro
976 2940 1064 2980 apud
1089 2941 1208 2981 Eurip.
1240 2944 1274 2972 et

260 2986 394 3018 Pindar.
417 2997 447 3017 v.
470 2987 604 3018 Dissen.
626 2987 727 3027 Expl.
756 2996 789 3027 p.
812 2983 892 3019 418.
930 2988 1043 3019 Iacobs
1067 2988 1108 3019 ad
1132 2987 1270 3021 Anthol.

259 3033 328 3065 Pal.
350 3030 382 3065 3.
403 3042 437 3073 p.
458 3030 538 3065 370.

260 3090 263 3093 '
330 3084 560 3135 Ἀμπυκτή
572 3102 589 3137 ρ
601 3101 664 3129 ιος
681 3092 848 3132 frontalis.
870 3095 963 3126 πᾶσα
980 3086 1007 3125 δ’
1025 3091 1173 3139 ὁρμᾶται
1186 3092 1275 3127 κατὰ

260 3135 483 3182 ἀμπυκτήρια
500 3141 550 3165 ὲν
563 3152 582 3165 υ
594 3157 613 3162 -
631 3136 780 3183 ἅμβασις
798 3138 853 3171 OC
875 3136 963 3172 1068
981 3140 1031 3172 ch.
1057 3140 1126 3182 [Sic
1143 3141 1246 3172 Dind.
1263 3153 1270 3182 3

259 3178 334 3217 κατ’
346 3182 433 3228 ἀμπ.
447 3182 586 3231 φάλαρα
594 3183 720 3219 πώλων
732 3184 794 3231 ἅμ.
809 3187 867 3218 LA
877 3187 1073 3227 glossemate
1083 3192 1272 3229 corruptus.

260 3225 335 3264 κατ’
352 3229 440 3276 ἀμπ.
461 3230 588 3266 πώλων
606 3230 669 3277 ἄμ.
690 3234 775 3273 vult,
803 3234 902 3266 metri
919 3234 1047 3266 ratione
1064 3235 1198 3275 ductus,
1219 3235 1271 3266 W.

969 212 1000 256 (Ι
1018 223 1051 255 p.
1074 210 1119 245 99
1137 223 1170 254 p.
1193 211 1258 256 m.)
1295 213 1460 254 equitatus
1477 212 1632 245 detractis
1649 213 1755 253 frenis
1768 217 1935 254 properat.
1964 211 2104 261 φάλαρα
2126 212 2267 251 autema

1297 260 1412 291 undat.
1434 260 1596 298 Hesychii
1610 261 1747 301 quidem
1759 261 1851 293 locus
1864 258 2101 307 ἀμπυκτὴρια,
2120 257 2164 295 τὰ
2176 257 2269 308 <pailet

1299 303 1387 353 Σοφ.
1410 303 1485 341 Οἰδ.
1507 304 1542 340 ἐν
1560 302 1648 341 Κολ.
1671 309 1833 349 quomodo
1850 309 2016 349 intelligi,
2037 316 2104 340 non
2121 307 2270 348 corrigit·

1296 355 1393 394 beat,
1423 357 1513 386 recte
1539 355 1686 386 ostendit
1703 355 1819 387 Herm.
1837 365 1843 384 :
1870 356 1930 388 sed
1947 355 2046 396 Soph.
2066 356 2228 395 mimam
2244 365 2269 401 φ

1298 398 1388 445 λαρα
1405 411 1471 432 non
1482 402 1648 443 sequitur.
1670 402 1723 433 Ad
1737 412 1875 434 sensum
1890 402 1976 434 nihil
1993 403 2147 434 interest.
2166 402 2206 434 In
2223 405 2271 442 tar

1298 458 1458 480 versuum
1475 449 1789 489 antistrophicorum
1808 450 2008 482 difficultate
2033 449 2203 483 tutissima
2218 447 2274 482 vifl

1298 499 1354 526 tur
1379 505 1417 526 ea
1444 497 1546 536 ratio,
1576 499 1614 527 ut
1632 497 1795 527 scribatur
1820 495 1999 542 ὀρειβάταν
2017 494 2060 542 δὴ
2080 493 2209 541 Θησέα,
2237 506 2277 538 na

1298 543 1410 574 Bothii
1436 543 1601 584 scriptura
1626 541 1803 589 ὀρειβάταν
1835 542 1895 577 καὶ
1929 540 2046 590 Θησέα
2078 553 2117 575 eo
2134 542 2278 577 refellitu

1299 590 1387 630 quod
1403 588 1463 623 καί
1481 594 1558 622 ante
1578 588 1759 636 ὀρειβάταν
1776 592 1857 631 poni
1874 591 2034 632 oportuit.

1362 640 1410 682 ”A
1422 646 1535 692 μπυξ
1551 646 1618 692 (υ).
1639 649 1784 688 Hesych.
1806 647 1983 693 ἄμπυκεςι
2003 647 2046 682 τὰ
2063 646 2156 682 διαδ’
2169 659 2270 694 ματα,

1297 693 1446 775 χῗλινοΐ,
1466 693 1636 743 ἢτρόχοι.
1658 693 1748 730 οὕτω
1769 693 1857 743 Σοφ.
1878 693 2092 743 Φιλοκτήτῃ.
2115 693 2172 730 δια
2194 695 2233 729 τὸ
2251 706 2283 728 κι

1297 754 1319 776 κ
1344 741 1470 789 οτερές.
1500 741 1623 788 δεσμὸς
1646 747 1775 790 τριχῶν
1792 741 1815 788 ἢ
1843 742 1975 788 κόσμος
1991 746 2056 788 τῆς
2081 741 2238 790 κεφαλῆς
2255 743 2283 776 G

1299 791 1405 822 Bekk.
1427 800 1460 831 p.
1484 788 1564 831 388,
1586 789 1617 822 7.
1658 792 1742 824 Cum
1761 792 1928 831 Hesychio
1953 791 2081 823 eisdem
2108 791 2217 822 verbis
2239 800 2285 823 col

1299 838 1388 877 gruit
1405 838 1469 869 EM
1487 848 1519 879 p.
1542 835 1599 878 86,
1620 835 1676 879 20,
1699 839 1857 870 convenit
1873 839 1977 870 etiam
1994 838 2093 870 Eust.
2115 847 2148 879 p.
2170 834 2251 877 556,
2271 834 2286 870 Ξ

1299 890 1333 916 et
1346 886 1510 926 copiosius
1537 895 1711 926 exponens
1737 895 1770 926 p.
1795 882 1896 925 1280,
1927 882 1983 926 51,
2012 880 2071 917 ubi
2095 885 2197 917 etiam
2213 889 2282 917 rota

1300 933 1488 972 significare
1506 933 1659 974 adnotat,
1693 934 1775 964 item
1801 933 1902 965 schol.
1931 933 2068 965 Hesiod.
2090 932 2213 972 Theog.
2235 928 2288 964 911

1303 980 1354 1012 Cf.
1371 980 1522 1020 Lennep.
1544 981 1583 1012 ad
1599 979 1730 1012 Coluth.
1749 990 1781 1020 p.
1798 978 1851 1012 15.
1873 980 1960 1011 Rota
1972 982 2087 1020 aperte
2101 980 2202 1012 estin
2214 972 2288 1018 Ἰξίο

1301 1020 1351 1060 ἀν’
1370 1025 1516 1071 ἄμπυκα
1534 1025 1576 1071 δὴ
1592 1021 1733 1072 δρομάὸ’
1752 1027 1798 1064 ὡς
1817 1019 1910 1071 ἔβαλ’
1929 1025 1946 1060 ὁ
1961 1037 2054 1072 παγκ
2077 1024 2163 1071 ατὴς
2180 1022 2288 1072 Κρόνι

1301 1075 1382 1111 παῖς
1423 1075 1483 1105 Ph.
1507 1071 1574 1105 679
1593 1075 1644 1106 ch.
1671 1075 1730 1116 [sic
1748 1075 1851 1106 Dind.
1872 1068 1947 1107 κατ’
1973 1072 2035 1118 ἅμ.
2057 1036 2156 1119 ἕρομ.
2179 1071 2288 1116 δέσμιι

1301 1120 1348 1158 ὡς
1366 1119 1418 1166 ἔβ.
1440 1122 1526 1163 LA}
1554 1122 1660 1154 Schol.
1682 1115 1756 1154 κατ’
1781 1119 1938 1165 ἄμπυκα,
1968 1119 2058 1154 κατὰ
2081 1118 2220 1167 τρόχον.
2242 1118 2288 1166 δρε

1304 1166 1396 1213 μάὸα
1413 1169 1503 1200 idem
1521 1169 1559 1200 ad
1580 1170 1733 1201 Ixionem
1751 1170 1879 1208 retulit,
1900 1170 1988 1210 quod
2006 1169 2129 1200 falsum
2147 1172 2209 1200 est.
2248 1169 2288 1201 N(

1282 1251 1284 1265 ,
1302 1226 1385 1257 opus
1404 1217 1573 1256 Musgravi
1593 1217 1783 1248 coniectura
1802 1214 1942 1262 ἄντυγα.

1368 1267 1506 1319 ’Ἄμυγ
1518 1286 1574 1318 μα
1590 1273 1646 1319 (υ)
1671 1276 1793 1306 scissio.
1821 1272 1944 1312 πολιᾶς
1963 1273 2108 1319 ἄμυγμα
2122 1271 2245 1320 χαίτας
2262 1274 2288 1306 Α

1303 1319 1371 1354 634
1390 1322 1441 1353 ch.
1472 1323 1525 1354 Sic
1545 1323 1641 1354 Both.
1663 1323 1759 1354 dedit
1770 1323 1868 1354 metri
1888 1333 2005 1354 causa:
2027 1323 2103 1354 libri
2120 1319 2288 1367 dub-war

1304 1370 1411 1402 Schol.
1434 1367 1631 1414 ἀμύγματα,
1649 1368 1888 1416 σπαράγματα.
1903 1387 1943 1393 -
1959 1367 2116 1413 ἀμύσσει,
2133 1366 2211 1410 ξέει,
2233 1378 2288 1402 σπι

1305 1415 1416 1462 ράττει
1436 1417 1492 1448 Gr.
1517 1418 1620 1448 Bekk.
1642 1427 1675 1458 p.
1699 1414 1779 1458 388,
1803 1414 1857 1449 15.
1889 1414 2024 1462 ἄμυξις,
2046 1414 2210 1462 σπάραξις
2235 1417 2288 1448 ide

1303 1465 1325 1495 l.
1351 1461 1404 1495 14.
1428 1462 1642 1510 [ἀμύγμασιι
1678 1462 1869 1511 σχίσμασι.]
1899 1462 2075 1509 ἀμύσσειν,
2105 1462 2202 1504 ξέειν,
2233 1473 2288 1497 σπι

1305 1509 1448 1557 ράττειν,
1477 1509 1598 1545 λυπεῖν
1625 1512 1768 1551 Hesych.
1791 1515 1825 1543 et
1842 1512 1965 1544 similia
1982 1523 2013 1543 v.
2036 1509 2179 1556 ἄμυσσε.
2216 1512 2288 1543 Affe

1304 1560 1400 1591 Eust.
1422 1569 1455 1600 p.
1477 1556 1558 1599 567,
1589 1556 1644 1591 32.
1675 1560 1771 1599 Lob.,
1801 1569 1877 1591 cum
1895 1559 2013 1591 Graeci
2040 1559 2081 1591 de
2099 1559 2217 1599 capillo
2234 1560 2288 1590 scil

1304 1606 1410 1638 dendo
1429 1607 1556 1638 dixisse
1574 1616 1640 1638 non
1655 1608 1844 1646 videantur,
1866 1607 1945 1639 olim
1959 1607 2103 1639 coniecit
2116 1604 2288 1652 σπάραγμι

1305 1654 1519 1695 Sophocleam
1546 1658 1658 1686 tamen
1692 1664 1829 1686 manum
1865 1655 1991 1695 optime
2024 1654 2186 1686 defendit.
2229 1653 2288 1685 Ad«

1305 1701 1411 1733 Stanl.
1433 1702 1473 1732 ad
1492 1702 1613 1733 Aesch.
1637 1702 1716 1734 Cho.
1738 1698 1794 1733 22.

1375 1754 1615 1806 *Ἀμυγνός
1642 1772 1673 1791 v.
1692 1770 1717 1791 s.
1748 1757 1903 1806 ἀμυχνός

1379 1811 1437 1861 [”Α
1450 1830 1601 1863 μυκος.
1631 1829 1752 1852 nomen
1770 1819 1902 1851 fabulae
1920 1819 2019 1860 Soph.
2032 1819 2205 1859 satyricae,
2226 1819 2288 1851 cuii

1305 1870 1385 1899 sunt
1403 1877 1455 1908 ap.
1478 1867 1581 1898 Dind.
1605 1868 1645 1898 fr.
1671 1863 1736 1899 113
1754 1866 1819 1908 sq.]

1376 1919 1416 1959 'A
1464 1922 1544 1959 ’3νᾶ
1554 1922 1650 1959 θεῖν
1676 1923 1731 1969 (υ)
1756 1926 1924 1966 opitulari.
2011 1922 2141 1971 μφοραὶ
2171 1921 2262 1964 ἄξιαι

1305 1937 1494 2017 ἀμυναθῖῑῖν
1521 1973 1577 2005 OC
1599 1970 1700 2005 1015.
1729 1974 1831 2005 Probo
1856 1973 2011 2004 Elmsleii
2037 1972 2242 2004 sententiam
2266 1970 2288 2016 (ε

1307 2021 1395 2051 Med.
1417 2017 1500 2063 186)
1518 2021 1591 2052 eius
1611 2021 1776 2052 finitionis
1790 2021 1891 2051 verba
1907 2020 2144 2061 authypotacta
2155 2028 2229 2051 esse
2242 2022 2288 2051 ‘cei

1307 2067 1425 2107 sentis,
1448 2069 1494 2100 ita
1511 2068 1660 2109 quidem,
1681 2071 1719 2099 ut
1737 2077 1802 2099 non
1821 2067 2020 2107 complectar
2036 2076 2087 2107 ea,
2116 2076 2197 2108 quae
2212 2076 2288 2107 yem

1308 2116 1540 2155 intransitiva,
1576 2115 1815 2155 siym'ficatione
1850 2115 1930 2146 talia
1956 2117 2053 2154 sunt,
2090 2123 2171 2155 quae
2204 2116 2288 2146 statu

1308 2164 1361 2193 vel
1386 2162 1527 2194 indolem
1553 2165 1583 2193 et
1608 2165 1765 2193 naturam
1788 2164 1922 2193 notent:
1955 2161 2050 2193 velut
2067 2157 2237 2207 φθινύθω,
2266 2172 2288 2206 μ

1307 2206 1422 2249 νύθω,
1451 2206 1603 2247 τελέθω,
1642 2206 1803 2248 θαλέθω,
1840 2205 2019 2255 φλεγέθωε
2057 2209 2098 2240 de
2129 2208 2203 2248 his,
2240 2217 2285 2250 qu

1309 2257 1472 2288 actionem
1491 2257 1693 2297 significant,
1714 2266 1821 2288 unum
1839 2256 1971 2297 excipio
1988 2252 2143 2295 πελάθω,
2166 2255 2225 2287 sed
2243 2265 2288 2302 σχ

1310 2301 1396 2343 θεῖν,
1418 2300 1615 2344 διωκαθεῖν,
1637 2301 1840 2348 ἀμυναθεῖν,
1861 2299 2026 2343 εἰκαθεῖν,
2047 2299 2213 2336 ἀλκαθεῖν
2230 2312 2288 2344 pra

1311 2352 1417 2383 sentis
1436 2353 1541 2383 forma
1559 2360 1666 2383 carere
1685 2351 1835 2383 arbitror.
1864 2351 1915 2383 De
1930 2347 2067 2396 σγεθεῖν
2084 2360 2136 2382 res
2155 2353 2244 2382 certa
2260 2359 2288 2382 es

1311 2399 1477 2440 quidquid
1495 2399 1583 2430 dicat
1600 2399 1728 2430 Buttm.
1752 2399 1808 2430 Gr.
1830 2394 1863 2429 2.
1885 2408 1919 2439 p.
1933 2386 1978 2430 36
1997 2398 2070 2429 coll.
2093 2397 2234 2429 Passow.
2254 2397 2286 2429 le

1312 2458 1343 2477 v.
1366 2443 1523 2492 σγεθεῖνε
1554 2446 1611 2478 sed
1634 2446 1738 2477 etiam
1765 2446 1904 2486 reliquis
1929 2446 1964 2477 in
1983 2445 2093 2477 verbis
2117 2445 2186 2476 illis
2204 2445 2285 2476 meli

1312 2487 1425 2525 aoristi
1440 2503 1540 2534 quam
1551 2494 1739 2534 praesentis
1757 2496 1815 2524 aut
1831 2493 2021 2533 imperfecti
2033 2492 2212 2524 convenire
2221 2492 2288 2532 sign

1311 2542 1499 2573 ficationem
1526 2541 1723 2573 monstravit
1753 2540 1894 2579 Elmsl.;
1932 2540 2078 2579 accedit,
2116 2539 2204 2580 quod
2227 2539 2288 2571 Ph<

1309 2585 1491 2633 ἡμύναθον
1509 2585 1625 2632 {aava
1643 2588 1790 2629 explicat
1803 2590 1837 2619 et
1854 2587 1889 2618 in
1903 2587 1978 2619 aliis
1990 2590 2029 2618 ut
2046 2583 2214 2620 ἀλκαθεῖν
2230 2586 2288 2618 iux

1310 2640 1484 2677 ponuntur
1500 2633 1522 2668 ἀ
1545 2632 1658 2675 κάθω,
1680 2633 1739 2667 καὶ
1757 2631 1935 2674 ἀλκάθειν,
1956 2643 2041 2675 quae
2053 2643 2106 2666 res
2122 2634 2247 2666 indicio
2259 2642 2288 2667 σε

1310 2692 1469 2724 praesens
1500 2694 1518 2715 a
1543 2683 1767 2722 grammaticis
1801 2682 1936 2714 nonnisi
1965 2682 2152 2713 infinitivos
2185 2681 2288 2722 script

1311 2731 1559 2771 reperientibus
1594 2730 1823 2770 rationemque
1864 2730 2060 2760 aoristorum
2094 2728 2288 2768 ignorantiis

1310 2779 1564 2857 affictunssggse.
1586 2777 1658 2808 lllis
1683 2777 1808 2808 doctior
1825 2776 2035 2808 adversarius
2060 2778 2112 2808 est
2126 2775 2232 2807 Lehrs
2249 2774 2288 2806 A!

1310 2826 1430 2857 starch.
1521 2849 1528 2856 .

1379 2877 1624 2927 Ἀμυντέον
1667 2881 1922 2922 defendendum.
1977 2875 2116 2924 ἀμυντέ’
2149 2878 2222 2914 ἐστὶ
2252 2889 2288 2915 το

1308 2927 1561 2974 κοσμουμένοις
1591 2931 1671 2961 Ant.
1694 2926 1763 2961 677
1788 2930 1872 2968 leycs
1896 2927 2142 2968 defendendae,
2171 2939 2204 2959 v.
2226 2927 2288 2959 We·

1310 2978 1457 3009 Atticam
1474 2978 1573 3008 istam
1591 2980 1792 3008 structuram
1813 2977 1895 3007 dicit
1913 2976 2009 3007 Eust.
2030 2984 2064 3016 p.
2085 2971 2166 3015 759,
2187 2971 2244 3007 38.

1381 3039 1550 3092 Ἀμύνω
1580 3047 1688 3089 [Curt.
1710 3047 1764 3078 Et.
1786 3043 1883 3090 290}
1906 3047 1932 3078 I.
1952 3047 2100 3077 Formae.
2130 3041 2251 3089 ἀμύνω
2267 3043 2288 3078 C

1314 3091 1414 3127 1128.
1443 3092 1611 3139 ἀμύνουσι
1629 3094 1688 3125 Ρ1ι.
1710 3090 1790 3125 602.
1812 3090 1953 3136 ἀμύνειν
1971 3092 2029 3124 OR
2038 3089 2107 3125 894
2118 3092 2170 3125 ch.
2189 3089 2288 3137 ἤμυνῑ

1311 3142 1367 3174 OG
1385 3138 1465 3174 430.
1501 3142 1594 3173 Libri
1627 3142 1729 3172 etiam
1754 3137 1907 3184 ἤμυνον;
1945 3141 2058 3180 aptius
2084 3139 2168 3171 illud
2191 3135 2288 3181 propt⁴

1311 3189 1528 3222 coniunctum
1547 3186 1565 3221 ἔ
1613 3200 1661 3221 ον.
1695 3187 1840 3219 Medium
1855 3184 2030 3231 ἀμύνομαι
2048 3186 2105 3219 OC
2121 3182 2201 3219 873.
2229 3183 2288 3234 'lusi

1310 3247 1391 3270 νατο
1411 3236 1466 3268 Tr.
1488 3233 1569 3267 278.
1627 3233 1775 3279 μύναντο
1799 3235 1875 3266 Ter.
1898 3235 1937 3266 fr.
1959 3230 2038 3267 514.
2069 3229 2288 3278 ἀμύνασθαιΙ

260 3279 385 3319 Berger
417 3279 457 3311 de
492 3279 591 3321 Soph.
628 3289 730 3312 verss.
767 3281 831 3321 log.
867 3290 900 3322 p.
922 3278 980 3313 45.
1015 3283 1066 3314 De
1099 3283 1200 3314 verbo
1229 3283 1270 3314 cf.
1310 3284 1376 3316 inc.
1397 3280 1478 3315 833.
1507 3284 1551 3314 ΙΙ.
1580 3282 1673 3314 Usm.
1696 3281 1709 3323 ΙΙ
1728 3282 1847 3313 Αςιίυἱ.
1876 3281 2011 3322 Proprie
2030 3279 2202 3321 defendere
2218 3280 2288 3321 sign

260 3325 415 3366 Aeschyl.
439 3326 531 3368 Sept.
549 3323 629 3359 461.
649 3323 776 3365 ἵππους
794 3321 822 3360 δ’
840 3327 875 3362 ἐν
893 3325 1135 3374 ἀμπυκτῆρσιν
1153 3326 1276 3375 ἐμβρι-
1312 3331 1387 3363 fleat
1412 3334 1446 3362 et
1463 3339 1581 3362 arcere.
1611 3326 1644 3363 οἵ
1659 3339 1696 3375 γε
1713 3327 1771 3362 τὸν
1797 3322 1936 3374 φύσαντ’
1962 3326 2026 3372 ἐμὲ
2043 3322 2113 3361 οὔτ’
2138 3324 2239 3374 ἔσχον
2256 3320 2288 3360 οὗ
