2288 3600
281 114 380 163 330

281 233 406 263 inflexo
425 235 501 263 tono
520 244 550 264 v.
567 233 674 274 Apoll.
697 234 737 265 de
756 243 850 275 pron.
871 244 904 275 p.
923 229 987 266 106
1005 234 1046 265 A.
1067 234 1169 267 schol.
1191 235 1292 268 Dion.

282 278 360 311 Thr.
381 288 413 319 p.
435 275 516 319 916,
537 276 594 312 27.
619 298 660 304 —
679 277 739 313 οὗ.
778 292 803 325 μ
828 273 944 326 τρῴαν
968 277 995 312 δ’
1021 278 1107 314 ὅπου
1131 278 1227 338 κίχοι
1245 279 1297 314 δι-

279 323 371 371 πλῆν
395 323 544 372 ἄρουραν
575 324 614 360 οὔ
637 337 674 360 τε
702 326 760 360 καὶ
792 338 811 360 τ
832 339 923 361 κνων
950 327 1008 360 OR
1028 325 1128 360 1257.
1160 340 1193 363 οι
1230 339 1296 361 non

280 374 386 413 magis
410 374 534 412 legitur
556 384 658 415 quam
683 371 711 408 ἕ.
748 375 806 407 sed
831 372 870 408 οἵ
894 376 923 406 εἰ
948 385 1023 406 011111
1049 376 1179 408 enclisi.
1209 373 1297 410 αὐδᾶ

282 417 403 465 μολεῖν
431 418 463 453 οἱ
486 423 550 467 γῆς
576 418 707 455 ἄνακτα
733 419 848 467 Θησέα
871 421 925 454 OC
946 418 1048 454 1630.
1071 423 1128 454 LA
1147 410 1296 465 optimus

281 470 315 499 et
331 467 385 498 PF
404 464 439 500 οἶ
463 469 568 509 male,
590 470 694 501 ceteri
719 467 763 502 οἱ.
792 467 814 502 ὰ
840 466 877 503 δέ
901 467 934 502 οἱ
959 466 1043 514 φίλα
1068 467 1182 516 δάμαρ
1206 468 1295 516 πάγ-

279 512 448 552 κλαυστος
468 513 540 548 αἰὲν
558 513 692 549 ὤλλυτο
712 516 768 548 Tr.
791 513 858 548 650
876 516 928 548 ch.
950 526 1024 548 cum
1043 517 1166 557 dativo,
1195 527 1294 559 quem

280 566 420 603 vocant,
448 563 569 595 ethico.
601 561 635 596 ἐν
662 561 726 609 γάρ
752 561 785 596 οἱ
833 559 908 597 θονὶ
941 562 1072 608 πηκτὸν
1097 561 1165 597 τόδ’
1196 563 1298 610 ἔγχος

280 607 459 655 περιπετὲς
483 613 672 656 κατηγορεῖ
689 611 744 643 Ai.
765 574 845 644 90³5.
876 608 931 643 ὅτε
949 608 981 644 οἱ
1005 609 1156 658 ὡρμάθη
1183 609 1297 657 πλαγά

279 656 335 688 El.
360 652 424 688 196
450 661 539 689 recte
565 658 702 690 Herm:
739 658 817 689 libri
844 655 907 691 σοί.
946 658 997 689 Ι)0
1015 658 1109 690 hiatu
1135 670 1167 690 v,
1190 659 1292 691 Dind.

280 704 373 737 PSG.
404 704 456 736 ed.
479 701 510 736 3.
539 706 645 746 praef.
673 715 708 746 p.
730 706 808 737 XII.
854 705 1003 746 Utroque
1028 706 1097 738 loco
1123 706 1164 738 de
1188 707 1297 738 tonosi

279 752 439 783 librorum
458 754 596 784 tacetur.
627 753 692 784 Sed
709 763 784 784 cum
803 756 892 784 recto
909 756 987 784 tono
1005 750 1082 798 παρ’
1107 750 1142 786 οἴ
1158 753 1248 794 apud
1266 763 1297 785 se

285 799 412 831 dictum
438 803 550 831 exstat
567 800 649 832 Eur.
671 800 725 831 El.
747 795 815 831 919
843 800 946 832 Seidl.
983 800 1053 831 lam
1078 801 1117 832 ad
1143 805 1296 841 cognatas

280 847 450 888 pergimus
466 847 586 878 formas
604 844 654 879 νίν
672 844 727 891 μίν
743 844 801 892 σφί
820 845 895 893 σφίν
913 844 1023 894 σφίσιν
1042 850 1129 893 σφᾶς
1145 858 1171 881 s.
1194 846 1292 893 σφάς.

282 893 365 925 Nam
385 896 479 937 σφῶε
505 897 538 925 et
564 892 660 940 σφῷν
690 895 808 926 tertiae
826 904 986 935 personae
1005 904 1070 926 uon
1091 899 1291 936 comparent.

281 958 385 972 —.—
405 940 419 983 ΙΙ
437 937 506 975 Μίν
523 942 698 981 legebatur
716 942 770 973 Tr.
789 938 868 974 388.
898 939 930 974 εἴ
948 952 1004 986 μιν
1023 940 1106 987 πρὸς
1126 940 1201 986 βίαν
1219 940 1297 985 κρί-

280 998 346 1020 νειν
363 985 480 1025 θέλοις
498 993 532 1020 et
549 989 672 1020 Achill.
693 989 770 1020 Am.
795 986 871 1020 164.
903 986 1061 1035 δίπτυχοι
1087 987 1151 1035 γὰρ
1179 987 1295 1023 ὀδύναι

280 1046 336 1079 μιν
354 1032 488 1080 ἦρικον.
518 1036 579 1067 1110
596 1037 666 1068 1000
685 1040 795 1068 contra
813 1037 912 1068 libros
931 1037 1121 1068 Brunckius
1146 1038 1295 1078 reposuit

279 1080 311 1115 εἷ
327 1093 394 1123 νιν;
433 1084 524 1114 Iunt.
552 1080 574 1114 2
607 1081 695 1127 εἰμί,
729 1084 819 1115 unde
844 1084 934 1115 haud
958 1084 1188 1124 improbabilis
1214 1094 1293 1116 con—

279 1130 407 1162 iectura
424 1131 629 1171 Hermanni,
649 1131 754 1162 fuisse
773 1132 831 1171 qui
849 1131 1065 1163 distinctione
1078 1136 1152 1172 post
1169 1129 1295 1171 λέξειεν

279 1178 386 1218 posita
402 1178 554 1217 legerent
573 1176 602 1211 εἰ
620 1175 683 1223 μή.
705 1178 767 1210 Sed
787 1188 836 1210 νιν
855 1179 962 1209 solum
980 1179 1113 1218 tragicis
1131 1179 1294 1211 usitatum

279 1225 360 1256 satis
386 1229 514 1257 certum
540 1229 616 1266 post
641 1226 758 1258 Valck.
785 1226 826 1257 ad
850 1225 932 1257 Eur.
962 1226 1099 1267 Hippol.
1130 1223 1231 1266 1253,
1261 1230 1296 1259 et

278 1275 368 1304 recte
382 1282 435 1314 ap.
448 1273 605 1312 Aeschyl.
620 1273 712 1313 Sept.
726 1269 794 1305 435
808 1276 922 1304 contra
936 1273 1036 1305 libros
1049 1283 1099 1306 νιν
1114 1284 1132 1305 a
1144 1274 1291 1305 Brunck.

278 1320 463 1361 repositum
481 1323 544 1360 est,
564 1321 686 1352 inscite
704 1324 914 1361 repugnante
933 1321 1134 1361 Wellauero,
1162 1321 1221 1361 qui
1239 1331 1295 1365 μιν

279 1367 425 1399 servavit
441 1367 542 1398 Eum.
555 1364 635 1400 621.
656 1368 872 1399 Homericum
886 1377 1010 1399 morem
1028 1369 1136 1399 secuti
1152 1369 1291 1408 librarii,

279 1415 402 1455 quibus
428 1415 464 1445 in
489 1418 537 1446 tot
562 1415 746 1456 scripturae
764 1415 902 1446 alterius
929 1418 964 1446 et
981 1415 1217 1447 emendatioris
1235 1425 1296 1447 ex-

278 1462 398 1503 emplis
416 1471 483 1493 non
501 1462 578 1503 plus
596 1463 700 1493 tribui
724 1462 842 1502 debet,
874 1472 972 1502 quam
999 1462 1194 1494 scholiastae
1212 1462 1294 1494 Piu-

277 1509 348 1542 dari
366 1509 463 1541 Nem.
483 1506 517 1550 6,
539 1506 595 1549 90,
617 1510 677 1550 qui
693 1509 785 1540 illam
803 1518 847 1541 ex
859 1509 982 1541 Achill.
999 1510 1075 1541 Am.
1097 1511 1295 1551 particulam

277 1557 434 1589 servavit.
471 1554 601 1600 [Atque
618 1557 801 1588 Pindarum
818 1557 954 1597 quidem
966 1582 974 1597 ,
1001 1558 1038 1588 in
1064 1558 1161 1589 cuius
1180 1557 1294 1596 Olym-

276 1605 360 1645 picis
386 1604 590 1635 carminibus
615 1604 822 1645 quinquiens
840 1605 893 1636 vel
919 1605 1039 1645 optimi
1063 1605 1214 1650 111111μιν
1233 1614 1294 1635 ex·-

278 1651 408 1692 hibent,
429 1652 466 1682 in
484 1651 624 1692 reliquis
643 1652 846 1683 carminibus
872 1652 1000 1683 viciens
1018 1652 1139 1692 semel,
1169 1653 1295 1693 ubique

275 1709 325 1732 νιν
351 1699 375 1730 i.
396 1708 426 1730 e.
449 1699 570 1730 Dorica
595 1699 700 1730 forma
733 1708 806 1730 esse
832 1708 932 1730 usum
964 1699 1206 1731 demonstravit
1231 1700 1292 1739 Ty.

277 1746 475 1778 Mommsen.
496 1747 532 1778 iu
550 1746 674 1778 Annal.
696 1746 860 1778 Fleckeis.
881 1743 938 1778 83.
959 1756 993 1786 p.
1006 1743 1177 1790 44—47.]
1190 1764 1293 1778 —.-

276 1791 279 1837 Ι
305 1788 370 1827 Νίν
397 1803 455 1834 pro
481 1790 583 1826 αὐτόν
607 1793 735 1826 dictum
758 1793 819 1824 Ph.
843 1790 896 1824 14.
929 1790 994 1825 169
1013 1793 1064 1825 011.
1100 1791 1181 1826 407.
1210 1790 1292 1825 445.

303 1836 359 1872 69.
382 1837 447 1872 721
468 1841 520 1872 011.
541 1836 623 1872 823.
647 1837 748 1872 1014.
773 1837 862 1872 1113
882 1850 926 1872 m.
948 1840 1005 1872 OR
1026 1838 1102 1873 123.
1124 1838 1205 1873 248.
1227 1837 1295 1872 466

277 1887 329 1920 ch.
350 1884 430 1920 642.
451 1884 539 1927 718,
563 1888 622 1920 ubi
648 1897 725 1919 cave
741 1898 791 1921 νιν
820 1897 878 1928 pro
897 1885 993 1920 αύτῶ
1008 1889 1155 1928 positum
1172 1892 1292 1929 putes;

277 1931 358 1967 763.
384 1931 464 1967 768.
493 1931 573 1966 843.
594 1931 675 1967 855.
705 1931 785 1967 887.
812 1931 892 1967 942.
923 1920 1024 1967 1133.
1058 1932 1158 1967 1174.
1191 1932 1291 1967 1176.

279 1979 380 2014 1271.
409 1981 465 2014 OG
484 1978 541 2014 54.
562 1978 643 2014 297.
670 1978 766 2014 *638
785 1979 879 2025 [secl.
902 1979 1037 2026 Dind.].
1059 1978 1128 2014 692
1145 1982 1196 2014 011.
1227 1979 1296 2014 704

277 2029 331 2061 ch.
353 2025 454 2061 1602.
475 2029 557 2061 Aut.
577 2026 678 2062 1041.
701 2029 757 2061 Tr.
775 2026 831 2061 43.
853 2025 908 2061 68.
932 2027 988 2062 70.
1010 2026 1089 2062 276.
1107 2026 1187 2062 289.
1210 2026 1290 2061 354.

276 2073 357 2109 606.
378 2073 458 2108 755.
480 2073 560 2108 779.
582 2073 663 2109 805.
683 2073 751 2108 839
769 2076 821 2108 ch.
844 2073 912 2108 965
925 2086 979 2108 an.
1001 2073 1069 2108 970
1083 2086 1136 2108 an.
1156 2077 1212 2108 Ai.
1233 2073 1290 2108 82.

279 2120 357 2156 121.
378 2120 459 2155 384.
481 2119 549 2155 625
566 2123 618 2155 ch.
640 2121 720 2155 771.
742 2120 822 2155 915.
847 2121 950 2156 1157.
979 2124 1033 2155 El.
1055 2120 1123 2155 486
1136 2124 1187 2155 011.
1211 2120 1291 2156 528.

277 2167 357 2202 736.
379 2166 458 2202 749.
480 2167 560 2202 753.
582 2167 662 2203 757.
691 2170 757 2203 Sed
774 2171 923 2202 omnium
941 2181 1104 2211 generum
1122 2174 1193 2212 est3
1214 2172 1294 2203 inde

276 2227 335 2259 pro
367 2215 476 2263 αὐτήν
509 2217 637 2250 dictum
671 2218 728 2250 ΟΒ
747 2214 849 2250 1265.
886 2217 941 2250 OC
960 2215 1047 2259 314,
1084 2219 1173 2259 quod
1205 2219 1293 2250 idem

277 2265 412 2298 schema
428 2269 528 2307 atque
539 2265 596 2297 ΟΒ
609 2262 687 2304 718,
709 2258 789 2299 καθ’
800 2262 886 2311 ὅλον
903 2264 962 2298 καὶ
979 2263 1067 2299 κατὰ
1085 2264 1200 2310 μέρος.
1225 2262 1294 2297 712

277 2313 328 2345 ch.
358 2308 437 2344 986.
472 2313 554 2344 Ant.
574 2309 655 2344 432.
683 2309 766 2344 491.
792 2309 861 2345 827
879 2323 923 2344 m.
953 2310 1021 2344 952
1039 2313 1090 2345 cb.
1128 2313 1182 2345 Tr.
1210 2309 1290 2345 312.

276 2356 357 2392 937.
378 2355 459 2391 940.
483 2356 584 2392 1141.
613 2360 668 2391 Ai.
690 2355 770 2391 652.
793 2355 902 2400 13023
931 2357 1012 2392 αὐτό
1037 2363 1149 2391 autem
1173 2363 1294 2400 aequat

276 2406 495 2447 significando
509 2406 564 2439 Tr.
585 2403 671 2438 145:
690 2405 729 2440 τὸ
740 2404 804 2452 γὰρ
814 2404 934 2446 νεάζον
953 2404 988 2441 ἐν
1005 2404 1153 2440 τοιοῖσδε
1173 2404 1295 2451 βόσκε-

277 2465 332 2488 ται
347 2453 488 2500 χώραις,
517 2450 560 2486 ἵν’
576 2451 696 2495 αὑτοῦ,
724 2452 782 2487 καί
805 2464 855 2486 νιν
880 2451 919 2488 ού
946 2451 1082 2491 θάλπος
1106 2450 1189 2487 θεοῦ
1209 2451 1295 2487 κλο-

275 2503 339 2535 νεῖ.
367 2503 407 2533 In
425 2501 483 2533 OR
501 2497 569 2533 397
587 2505 754 2533 structura
771 2504 824 2532 est
845 2498 934 2534 κατὰ
955 2499 994 2535 τὸ
1020 2499 1290 2547 σημαινόμενον;

278 2546 346 2595 ἐγὼ
365 2545 481 2593 μολὼν
506 2545 640 2582 ἔπαυσά
655 2558 726 2588 νιν,
756 2557 842 2588 non,
863 2549 951 2590 quod
968 2550 1122 2588 proxime
1138 2558 1293 2589 praeces-

279 2600 378 2634 serat,
409 2593 562 2640 αἴνιγμα,
591 2595 649 2627 5οᾶ
673 2595 763 2636 quod
786 2596 947 2627 remotius
973 2600 1024 2627 est
1049 2594 1113 2640 τὴν
1133 2593 1294 2641 ῥαψῳδὸν

277 2641 382 2682 κύνα,
413 2643 607 2684 Sphingem.
653 2643 751 2675 Porro
777 2646 810 2674 et
833 2642 926 2674 duali
950 2647 985 2675 et
1012 2643 1139 2683 plurali
1166 2643 1293 2674 substi-

277 2691 406 2730 tuitur,
443 2690 545 2731 idque
575 2690 724 2729 agnoscit
750 2690 905 2731 Apollon.
935 2690 975 2722 de
998 2699 1094 2730 pron.
1123 2700 1159 2731 p.
1182 2686 1248 2722 108
1264 2690 1294 2720 A

278 2738 434 2777 exempla
451 2746 494 2768 ex
511 2737 654 2768 Pindaro
671 2740 706 2768 et
722 2736 923 2776 Bacchylide
947 2738 1110 2777 afferens,
1140 2737 1200 2769 sed
1217 2746 1296 2768 cau-

278 2794 347 2816 sam
368 2786 494 2824 flgurae
513 2788 668 2824 repetens
687 2785 727 2815 ab
742 2783 885 2816 Homero
902 2784 994 2815 inde.
1023 2784 1086 2816 Pro
1103 2781 1212 2817 αύτά
1228 2784 1293 2823 igi-

279 2835 334 2862 tur
351 2831 479 2863 dictum
498 2834 567 2862 est:
597 2827 688 2864 ἀλλά
703 2841 753 2863 νιν
778 2824 931 2874 κομίζετ’
963 2828 1048 2864 εἴσω
1073 2828 1188 2874 δμῶες
1207 2831 1290 2862 Ant.

278 2875 358 2918 577,
379 2879 466 2919 quod
484 2887 550 2910 non
569 2878 672 2910 solam
690 2879 857 2909 Ismenam
873 2881 1025 2919 spectare
1042 2879 1222 2919 sequentia
1235 2878 1294 2910 ad-

279 2929 430 2965 monent,
452 2923 492 2958 ἐκ
509 2922 572 2970 γὰρ
589 2922 688 2958 τοῦδε
704 2923 774 2970 χρὴ
793 2927 957 2983 γυναῖκας
984 2921 1069 2958 εἶναι
1091 2923 1193 2958 τάσδε
1208 2922 1283 3004 μηδ

277 2970 467 3017 ἀνειμένας.
495 2973 559 3004 Pro
576 2969 754 3008 αὐτούςτ
776 2969 857 3005 ουδέ
872 2982 921 3005 νιν
939 2969 1080 3016 (νόμους
1099 2970 1193 3015 scil.)
1232 2983 1294 3005 να-

277 3017 320 3052 τὰ
348 3017 446 3065 φύσις
475 3017 605 3064 ἀνέρων
636 3017 762 3052 ἔτικτεν
787 3019 845 3052 OR
861 3015 931 3051 868
947 3019 999 3050 011.
1035 3019 1098 3051 Pro
1132 3017 1291 3055 αὐτάςε

279 3064 396 3099 ἔπαισε
414 3060 442 3098 δ’
458 3064 617 3112 αὐτόχειρ
633 3076 682 3098 νιν
700 3062 776 3107 (τὰς
790 3063 902 3111 ὄψεις)
919 3061 1010 3102 ούτις
1024 3062 1099 3098 ἀλλ’
1117 3063 1185 3110 ἐγώ
1205 3062 1291 3098 1331

278 3123 323 3146 m.
350 3111 411 3150 τὰς
436 3107 537 3147 πάνθ’
563 3111 696 3158 ὁρώσας
711 3109 903 3156 Εὐμενίδας
922 3110 940 3146 ὅ
957 3109 985 3157 γ’
1010 3109 1127 3146 ἐνθάδ’
1145 3109 1184 3146 ἂν
1202 3109 1294 3146 εἴποι

277 3157 365 3196 λεώς
391 3171 440 3192 νιν
465 3160 519 3193 OC
537 3157 594 3192 43.
629 3161 692 3192 Pro
716 3157 844 3193 αύτά;
874 3157 1005 3204 (κτερίσ
1036 3158 1115 3203 ατα)
1138 3161 1293 3193 πνοαῖσιν

277 3204 301 3251 ἢ
320 3203 538 3252 βαθυσκαφεῖ
555 3205 647 3240 κόνει
662 3204 793 3252 κρύψον
810 3217 860 3239 νιν
877 3207 930 3238 Ε1.
951 3171 1033 3239 4361
1061 3204 1098 3239 σύ
1117 3217 1170 3240 τοι
1185 3204 1296 3251 λέγεις

272 3262 326 3286 νιν
345 3250 413 3285 624
430 3255 501 3286 scil.
523 3251 621 3287 πόλλ’
638 3251 735 3299 ἄγαν.
772 3254 823 3285 De
841 3253 967 3286 duobus
984 3254 1132 3294 denique
1150 3254 1207 3284 sed
1227 3263 1294 3285 non

279 3300 372 3332 duali
391 3301 450 3332 sed
464 3301 590 3340 plurali
608 3310 746 3333 numero
763 3301 922 3341 prolatis:
953 3298 991 3333 σὺ
1018 3298 1083 3346 γάρ
1100 3311 1150 3333 νιν
1168 3297 1293 3338 ἐξέσω-

280 3357 340 3384 σας
358 3347 411 3379 OC
429 3345 518 3379 1123
537 3349 607 3379 sive
624 3345 738 3387 τάσδε,
761 3348 953 3387 Antigonen
971 3351 1006 3378 et
1023 3349 1203 3388 Ismenam,
1222 3348 1294 3378 sive

279 3393 381 3427 τέκνα
399 3395 593 3436 subaudias,
615 3394 701 3436 quod
720 3396 878 3427 remotius
896 3397 959 3426 est.
989 3391 1062 3427 κατ’
1087 3391 1129 3427 αὖ
1145 3404 1195 3427 νιν
1214 3404 1294 3438 φοι-

1288 115 1331 166 Ἵ

2028 129 2154 178 [115AE

1334 233 1389 269 νία
1405 233 1495 270 θεῶν
1512 239 1580 270 τῶν
1593 234 1759 282 νερτέρων
1774 234 1849 281 ἀμ’
1865 234 1958 270 κόνις
1970 229 2056 270 Ant:
2066 233 2132 271 601
2147 237 2190 271 «io
2202 227 2288 278 eiad

1335 284 1377 315 cf.
1400 283 1517 316 Valck.
1539 283 1580 315 ad
1597 283 1679 315 Eur.
1700 283 1805 325 Hipp.
1850 280 1896 317 52
1913 287 1948 316 et
1964 283 2006 316 ad
2022 284 2186 317 Adoniaz.
2206 294 2241 327 p.

1335 331 1376 361 cf.
1407 330 1491 362 Eur.
1522 330 1638 363 Bacch.
1660 327 1740 362 979.
1768 331 1846 363 Hel.
1867 327 1968 364 1561.
1996 331 2123 363 Phoen.
2146 327 2247 364 1173.

1334 387 1409 408 rum
1440 377 1522 409 haec
1551 377 1719 418 quandam
1749 378 1914 410 sermonis
1945 377 2151 419 peculiarem
2182 378 2247 412 rati
2280 376 2286 382 ’

1334 425 1470 456 habent.
1499 421 1601 457 αὐτὸν
1627 418 1656 457 δ’
1680 422 1824 465 ἐκεῖνον,
1853 422 1919 458 εὖτ’
1948 421 1988 459 ἂν
2005 422 2093 471 ἁγνὰ
2109 386 2288 474 &bucula

1333 464 1453 517 πατρῴ
1509 468 1599 516 Ζηνὶ
1622 474 1686 517 τῆς
1710 469 1891 512 ἁλώσεως,
1931 473 2052 518 φρονεῖ
2072 483 2122 506 νιν
2149 471 2197 506 ὡς
2219 469 2264 518 ἤξ

1335 519 1389 550 Tr.
1410 516 1457 551 28
1485 543 1491 559 ,
1520 522 1656 559 propter
1679 529 1729 551 νιν
1752 522 1887 560 praeter
1903 520 2141 552 necessitatem
2161 520 2257 561 iuges

1335 566 1451 598 Simile
1483 570 1553 606 est,
1590 566 1679 606 quod
1703 567 1910 607 comparavit
1936 567 2029 598 Pors.
2056 567 2163 607 praef.
2197 567 2239 600 ad

1334 623 1367 653 p.
1393 610 1453 645 10:
1482 609 1697 659 κατεύχομαι
1721 610 1758 647 δὲ
1781 611 1838 646 τὸν
1862 610 2048 659 δεδρακότ’,
2077 611 2144 646 εἴτε
2167 623 2218 651 τις
2235 623 2252 647 ε

1333 657 1482 706 λέληθεν
1495 686 1503 702 ,
1532 658 1601 692 εἴτε
1618 657 1784 694 πλειόνων
1803 657 1902 704 μέτα,
1930 659 2038 693 κακὸν
2055 663 2174 698 κακῶς
2190 671 2239 694 νιν

1335 718 1392 752 ρον
1424 705 1582 753 ἐκτρῖψαι
1614 704 1686 752 βίον
1715 707 1774 739 OR
1789 703 1870 739 248.
1901 724 1942 730 —
1972 709 2100 754 σφεῖς
2132 710 2246 753 σφῶν
2276 726 2277 731 =

1332 755 1457 794 legitur
1491 764 1543 795 ap.
1574 754 1695 794 Soph.;
1733 751 1884 798 σφίσιν
1919 757 2032 787 autem
2067 753 2122 788 00
2147 751 2209 787 59:
2245 765 2263 789 ο
2278 755 2288 772 ³

1333 798 1473 846 πλησίοι
1498 799 1575 848 γύαι
1598 794 1688 834 τόνδ’
1707 799 1855 847 ἱππότην
1873 796 2040 835 Κολωνὸν
2058 798 2218 849 εὔχονται
2235 799 2269 835 α’

1333 846 1386 894 ἀρ*
1402 847 1487 895 ηγὸν
1514 846 1600 882 εἶναι
1622 861 1657 877 =
1681 846 1808 885 αὐτοῖς.
1843 849 1906 880 Pro
1931 846 1983 882 ὅτι
2009 845 2119 893 σφίσιν
2137 846 2207 894 ἤδη
2224 858 2245 882 τ
2266 892 2270 894 -

1333 860 1513 941 ἐκιδόμων
1537 897 1632 928 νοσεῖ
1657 893 1699 940 δή
1720 896 1772 927 El.
1796 892 1887 927 1070
1905 895 1956 927 ch.
1977 897 2052 928 iure
2071 895 2206 928 Schaef.
2226 895 2271 928 11*

1334 941 1384 977 ὅτι
1410 954 1469 990 σφι
1493 943 1534 975 (10
1556 944 1641 975 00111.
1659 953 1691 974 ν.
1707 943 1823 974 Herm.
1852 943 1995 974 Rectum
2012 946 2130 975 tonum
2148 940 2259 988 σφίσιν

1333 994 1401 1032 vat,
1423 991 1535 1032 Apoll.
1558 990 1599 1022 de
1616 999 1712 1031 pron.
1733 1000 1766 1031 p.
1781 986 1951 1022 125A.—
1972 991 2084 1036 σφᾶς
2101 1000 2128 1023 5.
2149 1000 2258 1036 σφας

1332 1036 1456 1075 αύτούς
1474 1038 1527 1069 vel
1546 1035 1665 1070 αύτάς;
1696 1033 1786 1074 Ζεὺς
1803 1035 1862 1070 καὶ
1881 1037 1967 1083 σφᾶς
1986 1034 2060 1081 [καί
2076 1047 2164 1083 σφας
2179 1037 2275 1070 Dim·

1331 1083 1405 1130 LA]
1423 1083 1545 1118 ἐσιδὼν
1563 1082 1684 1130 πολλῷ
1702 1081 1843 1129 ῥεύματι
1860 1083 2168 1130 προσνισσομένους
2183 1084 2275 1119 Ant..

1330 1142 1384 1165 an.
1406 1130 1484 1166 *καί
1502 1142 1589 1178 σφας
1606 1129 1735 1168 κακοὺς
1747 1129 1894 1164 κάκιστα
1912 1128 2156 1178 ξυναρπάσειαν
2167 1124 2256 1177 (Ἐρι

1332 1181 1387 1211 Ai.
1408 1177 1477 1212 839
1495 1177 1642 1223 [notavit
1661 1175 1794 1222 schol.].
1818 1176 1954 1223 δοκοῖμ’
1972 1176 2063 1225 ἔχειν
2082 1189 2168 1226 σφας
2186 1178 2245 1212 OR
2273 1189 2276 1205 ι

1332 1227 1447 1259 Herm.
1477 1236 1520 1258 ex
1551 1227 1621 1258 cod.
1652 1226 1722 1258 Pal.
1751 1223 1856 1271 σφάς,
1892 1226 1995 1266 vulgo
2020 1227 2112 1261 enim
2138 1227 2236 1273 σφᾶς.
2260 1258 2281 1269 ,

1332 1271 1479 1308 οἴκτισόν
1498 1280 1585 1320 σφας
1603 1270 1692 1305 1508
1710 1283 1752 1305 ex
1772 1273 1831 1305 LA
1848 1282 1941 1305 eraso
1958 1270 2035 1317 [qui
2058 1283 2161 1316 super
2259 1276 2281 1300 -“

1332 1322 1418 1354 situs
1436 1319 1565 1365 fuerat]
1582 1321 1694 1361 gravi:
1719 1321 1818 1360 vulgo
1843 1321 1943 1366 σφᾶς.
1989 1319 2036 1358 ὥς
2062 1331 2150 1366 σφας
2174 1331 2211 1354 κ
2249 1337 2263 1350 .-

1331 1365 1534 1414 Εὐμενίδας,
1565 1366 1600 1407 ἐξ
1617 1366 1769 1411 εὐμενῶν
1796 1365 1945 1413 στέρνων
1970 1365 2133 1414 δέχεσθαι
2155 1365 2214 1402 τὸν
2231 1364 2243 1403 l
2260 1387 2276 1414 ᾇ

1332 1414 1421 1459 [scil.
1455 1413 1622 1462 ἐπεύχου)
1649 1414 1704 1447 OC
1723 1411 1804 1447 486.
1830 1414 1952 1448 Elmsl.
1968 1440 1976 1455 ,
2005 1418 2120 1449 contra
2143 1425 2263 1457 quem-

1333 1464 1550 1495 Hermannus
1573 1463 1674 1503 dicit,
1703 1463 1791 1508 σφᾶς
1813 1462 1906 1494 dedit
1934 1462 2098 1494 adversus
2121 1462 2207 1496 libro
2245 1469 2270 1491 ..-

1333 1511 1427 1552 dem,
1458 1510 1499 1542 ad
1515 1510 1603 1542 Med.
1627 1506 1717 1541 1345
1742 1509 1974 1549 grammaticos
1992 1513 2126 1541 veteres
2143 1507 2256 1544 antcfl'

1334 1559 1393 1599 qui
1412 1560 1499 1604 σφᾶς
1525 1567 1657 1599 semper
1681 1560 1799 1588 tonum
1822 1560 1954 1590 rec-tum
1980 1566 2113 1590 servare
2136 1557 2235 1590 tradi
2253 1554 2274 1584 -·¹

1334 1605 1399 1638 Sed
1423 1615 1490 1638 non
1514 1605 1654 1636 tradidit
1677 1604 1743 1644 ita,
1772 1613 1874 1646 quem
1896 1604 2043 1637 maxime
2061 1604 2214 1646 suspicit,
2253 1600 2275 1632 2'

1333 1653 1468 1693 dianus,
1497 1652 1556 1684 sed
1572 1651 1771 1694 pronomina
1794 1652 1906 1684 omnia
1922 1662 1944 1683 a
1960 1661 2005 1697 σφ
2023 1652 2215 1693 incipientia
2239 1652 2247 1660 “
2265 1647 2272 1671 ἶ

1333 1699 1491 1732 (zabulum
1521 1702 1756 1739 antegressum
1786 1701 1907 1730 tonum
1934 1699 2092 1732 reiicere:
2127 1698 2231 1732 schol.
2260 1698 2261 1701 ’

1333 1744 1413 1780 255.
1442 1743 1557 1786 ζ367.
1588 1742 1702 1786 ξ134.
1731 1742 1757 1791 ψ
1776 1742 1862 1786 138,
1891 1755 1968 1778 011111
1991 1755 2058 1787 quo
2083 1746 2263 1782 consentit:

1332 1805 1365 1836 p.
1391 1790 1469 1835 140,
1490 1791 1547 1825 24.
1576 1795 1618 1825 cf.
1639 1794 1686 1825 Io.
1709 1792 1847 1824 Charac.
1868 1803 1902 1834 p.
1927 1789 2017 1824 1154
2031 1793 2071 1827 Β.
2107 1792 2191 1825 Nam
2209 1797 2275 1835 qu

1334 1843 1480 1883 epitome
1498 1841 1710 1872 Herodianea
1727 1840 1873 1872 Bekkeri
1889 1849 1923 1882 p.
1947 1836 2038 1872 1143
2054 1839 2117 1873 hoc
2132 1849 2211 1881 prae
2238 1862 2243 1867 -
2270 1881 2272 1884 y

1333 1890 1373 1921 ad
1393 1889 1460 1920 sola
1477 1888 1641 1927 disyllaba
1659 1898 1677 1918 a
1695 1897 1739 1933 σφ
1757 1887 1956 1929 incipientia
1973 1890 2170 1928 revocatur,
2197 1884 2254 1920 cas

1333 1936 1561 1978 epitomatoris
1588 1934 1797 1975 negligentia
1820 1935 1948 1966 factum
1978 1938 2043 1967 est.
2083 1931 2170 1980 σφάς
2192 1934 2260 1966 in

1333 1986 1481 2023 correpto
1505 1994 1527 2016 α
1549 1982 1675 2014 diserte
1692 1982 1796 2013 tradit
1812 1981 1970 2022 Apollon.
1991 1981 2033 2015 de
2049 1990 2147 2023 pron.
2166 1991 2201 2023 p.
2222 1977 2239 2016 1
2265 2009 2267 2012 ,

1331 2041 1364 2072 p.
1389 2027 1455 2063 128
1472 2031 1514 2062 Α.
1551 2030 1603 2061 Cf.
1625 2029 1754 2060 Buttm.
1784 2029 1893 2062 Lexil.
1915 2026 1948 2069 1,
1969 2025 2026 2062 61.
2062 2028 2120 2062 Gr.
2144 2027 2175 2068 1,
2201 2037 2238 2071 Ρ.
2259 2030 2260 2034 ’

1333 2095 1436 2110 —-.—
1463 2076 1478 2119 ΙΙ
1497 2077 1637 2117 Semper
1654 2076 1863 2107 inclinantur
1881 2073 1954 2122 σφί
1980 2073 2079 2121 σφίν
2106 2073 2196 2120 σφέ.
2254 2072 2271 2078 ”

1332 2126 1372 2157 de
1397 2134 1492 2166 pron.
1522 2134 1556 2165 p.
1580 2120 1646 2155 124
1665 2123 1702 2154 C.
1729 2132 1763 2163 p.
1788 2119 1855 2155 128
1871 2123 1912 2155 Α.
1941 2132 1961 2155 σ
2006 2120 2040 2156 ίν
2065 2131 2124 2164 pro
2154 2120 2270 2158 αὐτο

1332 2175 1423 2204 ctum
1446 2175 1517 2203 est:
1548 2168 1658 2216 φυγάς
1683 2179 1758 2214 σφιν
1785 2166 1850 2208 ἔξω
1874 2180 1974 2216 πτωχ
1995 2181 2012 2208 ς
2039 2167 2145 2215 ἠλώμ
2215 2189 2220 2195 -
2240 2186 2245 2187 ’
2264 2173 2284 2202 .’

1332 2216 1412 2276 444.
1435 2216 1515 2252 ούδέ
1536 2228 1611 2264 σφιν
1630 2214 1742 2275 ἀρχῆς
1758 2214 1863 2262 τῆσδε
1881 2214 1918 2250 ὄν
1948 2227 2000 2296 σιὸ
2013 2214 2088 2262 ἥξει
2104 2180 2184 2252 451.
2212 2221 2226 2245 «ἰ

1331 2277 1469 2347 aaz?
1481 2262 1982 2357 .ῑ.ιρῑ.ἒεῑζξῑ«;ξξῑ.ῑξ.ῇῑ..ηζ
2003 2260 2269 2357 ·..¹.‘5¹;¹.23.‘-r·

1332 2360 1386 2392 OC
1400 2357 1480 2392 421.
1511 2359 1625 2391 Unum
1643 2360 1703 2391 hoc
1721 2369 1773 2400 ap.
1795 2362 1901 2398 tragg.
1922 2360 2048 2390 formae
2061 2359 2136 2391 eius
2153 2362 2270 2392 exem?

1332 2411 1404 2448 est,
1434 2407 1522 2448 quod
1548 2416 1625 2438 cum
1656 2415 1823 2447 nusquam
1848 2406 2003 2438 videatur
2026 2406 2068 2438 ad
2093 2409 2266 2440 metrum-'⁵

1331 2456 1578 2494 necessarium,
1615 2454 1656 2485 de
1682 2454 1748 2485 fide
1772 2453 1904 2485 dubitat
1926 2452 2048 2485 Matth.
2085 2452 2142 2485 Gr.
2167 2449 2197 2486 1.
2220 2456 2254 2495 Ρ

1331 2506 1401 2534 not.
1422 2499 1442 2533 6
1468 2501 1540 2534 coll.
1568 2501 1688 2533 Elmsl.
1716 2501 1757 2532 ad
1780 2500 1869 2532 Med.
1900 2496 1988 2540 393,
2016 2509 2082 2541 quo
2106 2500 2176 2535 loco
2197 2499 2224 2535 B

1332 2559 1373 2580 ex
1400 2550 1541 2580 membr.
1571 2557 1629 2592 σφι
1652 2547 1770 2579 edidit.
1805 2548 1882 2587 Ipsa
1899 2550 2012 2579 tamen
2038 2547 2176 2581 raritate
2192 2548 2228 2579 ct
2249 2551 2269 2589 ζ’,

1331 2606 1405 2628 rum
1429 2605 1598 2627 consensu
1626 2604 1684 2640 σφι
1709 2604 1761 2636 ap.
1783 2594 1885 2635 Soph.
1914 2597 2027 2627 tutum
2053 2594 2202 2626 videtur.
2242 2598 2263 2636 f

1331 2643 1492 2674 Elmsleio
1509 2643 1689 2674 obsecutus
1716 2651 1791 2687 σφιν
1809 2638 1934 2720 dedit}
1953 2659 1993 2666 —
2021 2638 2099 2686 σφὲ
2123 2641 2147 2673 i.
2169 2650 2202 2683 q.
2228 2658 2232 2662 -
2251 2637 2259 2654 ⁸
2279 2639 2282 2641 ’

1331 2690 1385 2722 vel
1403 2687 1528 2726 αύτάςι
1557 2687 1607 2722 ὅτι
1631 2699 1649 2721 σ
1677 2682 1686 2695 ’
1710 2686 1842 2734 ἀνάγκῃ
1866 2686 1911 2733 τῇ
1934 2699 1950 2721 ε
1974 2685 2149 2746 πληγῆναι
2170 2688 2208 2734 χ
2226 2703 2243 2715 ⁷2
2281 2718 2283 2721 .

1331 2734 1411 2769 605.
1431 2734 1529 2782 τοίγα
1568 2746 1586 2768 σ
1615 2733 1622 2745 ’
1636 2730 1644 2743 ’
1679 2733 1816 2780 λύμπου
1835 2746 1883 2768 πα
1930 2746 1948 2781 ρ
1964 2741 2094 2770 κακους
2109 2737 2235 2771 κακῶς
2250 2731 2262 2776 ·‘1

1332 2795 1422 2829 ρειαν
1448 2784 1503 2815 Α1.
1526 2746 1627 2815 17389.
1659 2781 1707 2827 μή
1734 2792 1797 2828 σφε
1821 2780 1911 2826 περιί
1935 2793 1976 2829 ‘ss‘
1994 2781 2051 2814 OR
2070 2778 2172 2814 1505.
2201 2782 2260 2827 ῗφγ

1331 2841 1394 2876 σφε
1413 2828 1615 2876 σημαίνουσι
1633 2823 1719 2874 δεῦρ’
1739 2827 1945 2875 ὁρμωμένας
1962 2828 2018 2861 OC
2036 2825 2124 2861 1669
2142 2828 2202 2862 ubi
2231 2853 2234 2855 .
2275 2862 2278 2863 ⁷

1331 2879 1420 2909 Ricc.
1443 2888 1517 2922 σφε,
1546 2881 1625 2909 cett.
1654 2875 1701 2909 δέ.
1724 2894 1765 2901 —-
1793 2876 1857 2909 Sed
1875 2886 1941 2917 qua
1957 2874 2171 2923 καταχρήσει
2195 2883 2237 2911 vt.

1331 2922 1464 2965 αὐτούς,
1488 2921 1605 2965 αύτοίς,
1625 2920 1730 2964 αὐτά,
1751 2924 1867 2955 eadem
1887 2933 1962 2969 σφε
1979 2933 2038 2964 pro
2054 2917 2208 2959 ἁύτόνβι
2285 2941 2288 2967 1

1332 2982 1384 3017 σφ
1396 2969 1431 3005 ίν
1448 2981 1508 3013 pro
1527 2969 1620 3016 αὐτῷ
1637 2971 1763 3002 dictum
1777 2974 1840 3002 est.
1870 2968 1950 3015 σφέ
1966 2980 2025 3011 pro
2042 2967 2144 3004 αὐτόν
2157 2969 2215 3003 ha
2244 2970 2247 2971 ’

1331 3016 1519 3059 έξικέτευσε
1551 3015 1676 3064 ἀγρούς
1702 3027 1765 3062 σφε
1797 3015 1930 3062 πέμψαι
1954 3017 2011 3049 OR
2023 3013 2104 3051 761.
2133 3013 2167 3050 αἱ
2191 3017 2277 3065 γιηῇᾖῐ

1331 3064 1433 3111 φοβοι
1459 3063 1536 3099 θεαί
1562 3062 1616 3111 σφ’
1647 3063 1764 3110 ἔχουσι
1789 3064 1844 3096 OC
1862 3061 1918 3095 40.
1946 3060 1970 3106 ἢ
1999 3061 2063 3110 γὰρ
2088 3065 2179 3100 νοεῖς
2210 3062 2279 3100 ὶῖ

1330 3122 1398 3191 ιιι
1441 3157 1505 3192 .
1526 3108 1718 3192 4411-τὲ
1743 3108 1995 3190 ezarita
2018 3106 2283 3154 ¹⁵

1332 3170 1577 3251 σφε-δόγῖωῒςέ
1603 3169 1676 3238 ύίἷει
1700 3169 1754 3238 ἕξ.
1775 3202 1837 3237 121
1859 3205 1909 3236 oh.
1938 3201 2032 3237 *τότ’
2055 3201 2078 3248 ἢ
2103 3179 2228 3238 θανεῖν,

1331 3263 1392 3299 σφε
1417 3250 1440 3298 ἢ
1468 3251 1530 3298 ζῆν
1558 3216 1624 3284 166
1642 3249 1884 3295 [secl.Dobr.].
1914 3249 2022 3296 ἔγωγέ
2052 3249 2105 3284 τοί
2131 3260 2150 3283 σ
2172 3244 2182 3258 ’
2236 3246 2279 3296 ⁵2²,

1332 3298 1495 3347 ἰσχύοντα
1509 3296 1590 3331 234.
1612 3297 1647 3333 ἐν
1667 3297 1762 3344 μέσῳ
1782 3297 1904 3344 σκάφει
1921 3296 2038 3335 θέντες
2057 3308 2120 3342 σφε
2133 3295 2155 3330 8
2179 3292 2213 3329 4.

1331 3341 1393 3401 σφε
1418 3341 1616 3392 Κενταύρου
1641 3344 1730 3392 χρίει
1756 3343 1936 3382 δολοποιὸς
1961 3342 2093 3390 ἀνάγκα
2114 3341 2180 3376 831
2206 3351 2253 3371 ιι
2275 3343 2277 3346 “

1653 3386 1666 3400 θ
1972 3385 1980 3398 Ί

1331 3403 1376 3438 σφ
1403 3390 1556 3440 ἀπείργω
1573 3394 1628 3425 Ai.
1649 3391 1706 3428 51.
1736 3390 1908 3438 μηδαμῶς
1928 3402 1971 3437 σφ
2000 3389 2065 3432 ἔξω
2082 3389 2180 3424 κάλει
2196 3372 2275 3422 7γΞῚ
