2288 3600
306 139 406 188 348

303 255 358 302 θῷ
373 254 508 290 κούδενί
525 254 553 302 γ’
573 250 668 302 ᾧτινι
683 251 791 302 λῴονι
821 255 909 289 1416
926 267 978 289 an.
1033 256 1115 303 πρὸς
1134 260 1197 304 σῆς
1216 257 1319 302 ὁμαί-

304 315 371 349 μου
397 302 455 338 καὶ
480 303 689 350 κασιγνήτης
709 306 759 336 ΕΙ.
782 302 834 336 12.
862 302 960 350 νίκην
977 303 1036 338 καὶ
1062 303 1187 350 κράτος
1204 303 1261 338 85.
1291 305 1319 339 ὦ

304 350 393 397 φάος
419 349 521 398 ἁγνὸν
546 351 603 385 καὶ
637 355 701 398 γῆς
727 350 898 397 ἰσόμοιρος
932 350 1000 397 ἀήρ
1025 350 1070 384 87
1088 362 1141 384 an.
1179 352 1206 385 ὦ
1233 347 1319 397 δῶμ’

303 395 423 432 Ἀίδου
440 397 500 432 καὶ
526 396 743 446 Περσεφόνης
770 397 837 431 110
854 409 908 431 an.
942 399 970 433 ὦ
995 397 1107 447 χθόνι’
1130 393 1242 445 Ἑρμῆ
1261 398 1319 433 καὶ

304 444 411 479 πότνι’
427 442 514 492 Ἀρά
536 444 597 478 111
618 457 672 479 an.
702 445 754 484 οἷς
772 444 901 491 ὁμόθεν
927 444 956 480 εἶ
981 444 1040 480 καὶ
1055 445 1142 492 γονᾷ
1159 445 1319 492 ξύναιμος

309 490 385 525 156.
423 490 642 539 Χρυσόθεμις
665 493 723 527 καὶ
748 491 944 540 Ἰφιάνασσα
971 492 1036 526 157
1054 494 1104 526 ch.
1136 492 1317 540 ἐσθήματα

303 539 461 585 φοροῦντ’
480 539 599 586 ἐκείνῳ
616 539 723 575 ταύτὰ
747 539 807 574 καὶ
823 539 1023 587 παρεστίους
1040 538 1225 575 σπένδοντα
1242 540 1315 576 λοι-

306 586 368 633 βάς
394 585 475 620 269.
509 586 609 635 τρίχα
631 586 690 622 καὶ
714 587 814 631 ζῶμα
839 587 967 633 τούμόν
991 586 1071 621 452.
1101 588 1148 621 ὦς
1171 586 1317 634 θρασεῖα

304 633 363 669 καὶ
381 634 469 679 πέρα
494 634 591 682 δίκης
616 633 714 682 α”ρχω
732 633 812 668 521.
841 635 968 682 πατρὸς
993 635 1053 670 καὶ
1071 635 1200 682 μητρὸς
1217 634 1316 674 ὄντας

304 679 385 715 541.
406 680 557 728 ἀβούλου
575 681 634 716 καὶ
650 685 760 717 κακοῦ
777 683 917 730 γνώμην
933 681 1012 716 546.
1034 682 1186 729 βιασθεὶς
1203 682 1317 718 πολλὰ

305 727 466 774 κάντιβάς
496 728 575 762 575.
621 728 772 775 εὐσεβεῖς
806 728 870 771 κάξ
903 729 1051 775 εὐσεβῶν
1077 728 1155 763 590.
1186 733 1227 763 cf.
1256 733 1316 765 τοῦ

304 775 468 811 κακίστου
493 776 563 811 κάκ
587 781 706 811 κακῶν
731 779 793 810 Ph.
815 775 894 810 384.
923 776 1063 824 εὐγενὴς
1088 777 1152 824 γὰρ
1169 777 1192 824 ἡ
1218 777 1316 825 φύσις

303 821 368 863 κάξ
393 823 430 858 εὐ
454 828 540 858 ενῶν
563 822 643 857 874.
673 825 700 858 ὧ
727 823 890 871 δύστηνος
913 825 971 859 καὶ
997 824 1165 871 δυστήνου
1191 824 1317 872 πατρός

306 873 388 904 Ant.
409 837 476 904 379
495 873 547 904 ch.
575 869 598 917 ἡ
619 871 682 917 γὰρ
701 871 741 906 ἐκ
758 875 818 906 σοῦ
838 871 1018 917 δυσμένεια
1033 872 1093 906 καὶ
1116 871 1159 906 τὰ
1176 871 1219 906 σὰ
1237 871 1318 918 ἔργα

305 920 358 951 ΕΙ.
379 917 460 952 619.
490 917 557 965 ἐγὼ
582 919 642 953 καὶ
657 918 735 965 τᾶμ’
759 919 826 965 ἔπη
844 918 923 952 622.
952 918 1081 965 φίλοισί
1103 932 1139 953 τε
1157 918 1317 959 ξυνοῦσαν

304 964 364 999 καὶ
392 965 522 1000 τέκνων
552 965 641 1000 ὅσων
672 966 749 1012 ἐμοὶ
782 965 998 1013 δύσνοιαμὴ
1028 967 1205 1013 πρόσεστιν
1235 965 1314 1000 653.

305 1012 396 1059 ἀμφὶ
421 1018 516 1047 νῶτα
537 1012 597 1047 καὶ
618 1019 752 1073 τροχῶν
779 1013 892 1059 βάσεις
909 1013 988 1047 718.
1018 1011 1137 1060 Ὀρέστ
1165 1027 1180 1053 ς
1203 1013 1261 1048 καὶ
1278 1013 1318 1048 σύ

305 1059 386 1094 795.
417 1060 582 1106 δακρῦσαι
604 1064 845 1096 κάπικωκῦσαι
861 1060 941 1095 805.
971 1063 1096 1108 πατρὸς
1118 1065 1233 1108 καμοῦ
1255 1074 1318 1096 τα-

304 1106 426 1165 λαίνης
439 1106 520 1165 812.
541 1106 674 1154 ἄρρητα
690 1107 822 1155 κάτελῆ
841 1107 939 1143 1012.
962 1107 1000 1144 οὐ
1017 1109 1077 1144 τάν
1096 1107 1175 1148 Διὸς
1193 1109 1318 1155 ἀστρα-

1283 139 1375 190 Καί

2054 151 2088 204 [1
2104 163 2139 196 p.
2150 149 2222 186 867
2238 153 2250 163 '⁹

1354 257 1419 292 κού
1445 258 1626 306 πρόχειρος
1652 258 1681 293 εἷ
1706 261 1861 299 κτανεῖνς
1896 256 1982 291 1494
2007 269 2072 301 qno
2097 259 2167 291 loco
2182 267 2243 290 mo

1355 307 1567 348 interpretari
1585 308 1674 338 iicet.
1703 305 1811 340 κακὸν
1828 305 1867 340 τὸ
1884 303 2032 347 κεύθειν,
2052 303 2117 339 κού
2141 304 2226 351 πρὸς
2248 325 2253 334 .

1354 350 1510 399 εὐγενοῦς
1530 355 1642 386 Alead.
1664 356 1703 386 fr.
1729 351 1804 386 100.
1828 372 1868 378 —
1893 351 1951 386 ἵνα
1973 352 2012 387 τὸ
2039 352 2101 398 μὲν
2126 350 2216 386 εἴπω
2252 372 2264 380 Α

1355 398 1382 432 δ’
1399 398 1603 446 ἀκούσωμεν
1616 428 1624 442 ,
1652 399 1712 435 καὶ
1738 400 1786 447 μὴ
1805 398 1906 448 χρείᾳ
1922 398 2130 446 πολεμῶμεν
2147 397 2266 433 0012ζ

1353 445 1385 481 τί
1409 442 1447 489 δ’;
1487 446 1550 482 οὐκ
1581 446 1717 482 ἀκούειν
1752 447 1839 489 ἐστί,
1868 446 1927 481 καὶ
1954 446 2003 492 μὴ
2028 446 2110 494 δρᾶν
2137 443 2238 479 1175.
2260 460 2266 468 ›-

1353 493 1488 529 κεύθειν
1519 494 1579 529 καὶ
1604 495 1652 541 μὴ
1680 494 1841 529 σκεδάσαι
1873 492 1976 528 ὕπνον
2002 496 2056 527 Τι’.
2078 491 2145 527 989
2162 504 2216 526 an.
2254 535 2259 538 ²

1355 553 1413 587 μοι
1439 545 1520 580 παῖς
1547 541 1716 589 ἐτήτυμος
1740 554 1777 588 γε
1801 544 1866 583 ὼς,
1894 540 2021 588 καὶμὴ
2047 540 2085 576 τὸ
2103 539 2232 586 μητρὸς
2259 560 2263 569 .

1354 588 1564 638 πρεσβεύσῃς
1582 588 1686 624 πλέον
1709 587 1773 622 106
1802 614 1809 622 .
1838 587 1996 635 γενέσθαι
2014 584 2207 635 σύμμαχον,
2250 609 2252 613 ν

1353 634 1516 682 ’πιμεῖναι
1539 636 1666 682 τούμὸν
1693 635 1805 676 ὀξϋναι
1823 634 1932 682 στόμα
1951 634 2052 669 1176.
2081 634 2181 669 πλεῖν

1355 682 1451 718 δοκεῖ
1467 683 1526 718 καὶ
1546 683 1594 729 μὴ
1613 683 1727 718 δοκεῖν
1747 684 1808 730 μὲν
1826 683 1907 729 δρᾶν
1924 695 1967 723 τι,
1989 681 2169 730 πημαίνειν
2187 680 2224 716 δὲ
2262 703 2264 705 »

1355 729 1434 763 328.
1458 750 1498 755 --
1518 733 1549 763 d.
1581 733 1645 765 Sed
1668 730 1744 765 καὶ
1769 730 1816 765 οὐ
1841 732 1943 764 etiam
1959 733 2165 771 myationem
2181 739 2253 770 tpa-

1353 780 1479 820 quitur,
1500 789 1560 811 nec
1576 781 1685 820 potius
1703 781 1914 819 significans:
1943 777 1990 816 ὡς
2015 776 2054 812 οὐ
2081 778 2220 824 γνωριοῖ
2256 797 2260 802 ·

1353 823 1537 872 ἀλεξοίμην
1557 824 1678 871 μαθών
1703 827 1760 858 OR
1778 824 1858 859 539.
2256 831 2257 835 ’

1423 871 1456 905 2.
1487 875 1713 914 Frequentius
1730 875 1831 905 etiam
1849 873 2092 904 sententias
2117 873 2239 904 conia
2254 873 2258 876 ’

1354 922 1498 952 maxime
1525 923 1661 953 alteram
1686 931 1728 953 ex
1754 922 1855 953 altera.
1872 923 2132 960 consequentem
2150 919 2203 951 vel
2249 933 2254 946 ·-

1354 970 1520 1000 cessitatis
1539 969 1680 1010 quodam
1698 970 1831 1001 vinculo
1855 969 1944 999 inter
1961 977 1997 999 se
2014 967 2221 998 coniunctas.
2260 970 2264 978 ‘

1356 1016 1418 1047 mis
1436 1017 1525 1057 locis,
1544 1017 1690 1047 maxime
1708 1027 1783 1048 eum
1800 1015 1970 1048 sententia
1986 1018 2098 1055 partes
2114 1014 2264 1052 conium-2

1355 1064 1518 1103 eiusdem,
1547 1068 1585 1095 ut
1601 1064 1817 1095 distinctione
1835 1062 1980 1094 maxima
2003 1070 2086 1102 opus
2103 1070 2169 1093 nou
2195 1061 2240 1093 sit
2249 1066 2267 1102 ,³

1356 1111 1450 1142 venit
1467 1111 1662 1142 Latinorum
1679 1114 1731 1142 et:
1758 1111 1874 1142 multis
1892 1112 2004 1140 tamen
2017 1118 2128 1148 porro,
2149 1107 2239 1147 dein,
2257 1125 2266 1143 ‚v

307 1166 373 1189 παν
398 1167 458 1189 και
481 1155 542 1190 τὰν
570 1155 725 1202 οὐρανίαν
744 1154 849 1200 Θέμιν
869 1155 968 1190 1063.
997 1156 1088 1205 χειρὶ
1103 1156 1162 1191 καὶ
1179 1155 1317 1204 πλούτῳ
1350 1157 1510 1198 proinde,
1545 1162 1575 1189 ct
1597 1167 1696 1196 smne,
1724 1161 1760 1189 at
1783 1167 1857 1189 vero
1882 1156 2127 1197 interpreteris.
2162 1148 2234 1200 λέγ’
2256 1187 2259 1190 .

309 1200 395 1235 1091
415 1204 466 1235 ch.
496 1202 650 1251 ἐμαυτὴν
676 1203 734 1238 καὶ
759 1203 856 1250 γένος
883 1202 983 1237 1121.
1013 1203 1187 1251 ἐκπέμψαι
1209 1205 1318 1240 κάνα-
1355 1202 1455 1238 ποίας
1480 1203 1614 1259 ἕνεδρος
1637 1202 1723 1238 ναίει
1747 1203 1805 1238 καὶ
1828 1208 1944 1251 χῶρον
1968 1200 2029 1236 τίν’
2053 1200 2125 1248 ἔχει
2142 1202 2204 1235 Ph.
2225 1197 2264 1234 1

307 1247 481 1284 σώσασθαι
507 1249 619 1297 φόνων
642 1249 741 1284 1133.
772 1251 868 1289 ἐκτὸς
894 1250 1001 1286 οἴκων
1019 1251 1104 1286 κάπὶ
1129 1256 1192 1299 γῆς
1209 1251 1274 1286 ἄλλ
1303 1264 1318 1290 ς

309 1295 410 1330 1136.
437 1296 568 1343 ἀτίμως
586 1297 724 1336 κάθέως
746 1297 844 1331 1181.
872 1298 1004 1346 χαίρειν
1022 1299 1081 1334 καὶ
1097 1299 1198 1346 γελᾶν
1214 1264 1313 1333 1306.

304 1349 373 1378 τῶν
409 1349 552 1392 μακρῶν
574 1344 687 1392 λόγων
711 1345 771 1380 καὶ
801 1349 864 1392 τῆς
895 1345 1073 1393 ἀπλήστου
1104 1346 1189 1394 βοῆς
1214 1346 1313 1380 1336.

303 1389 401 1425 τόνδε
434 1387 516 1438 κᾶμ’
550 1391 681 1431 ἔσωσας
716 1391 818 1426 1356.
841 1413 943 1426 -.—
962 1397 995 1428 b.
1023 1395 1038 1437 ΙΙ
1062 1395 1157 1427 Rem
1187 1397 1318 1427 alteri

302 1441 433 1480 plane
467 1444 706 1481 oppositam
742 1445 781 1473 et
817 1444 1087 1475 contrariam
1120 1444 1314 1475 introducit.

304 1483 377 1520 κατ’
403 1485 499 1534 ἦμαρ
524 1487 582 1522 καὶ
606 1485 680 1522 κατ’
703 1485 870 1535 εὐφρόνην
897 1490 950 1521 ΕΙ.
972 1487 1051 1522 259.
1080 1489 1159 1528 τοὺς
1185 1488 1221 1524 δὲ
1248 1490 1318 1523 σώ-

305 1545 432 1580 φρονας
446 1532 520 1569 θεοὶ
539 1534 675 1582 φιλοῦσι
686 1534 746 1569 καὶ
762 1538 918 1581 στυγοῦσι
930 1535 1011 1575 τοὺς
1025 1535 1153 1575 κακούς
1167 1539 1220 1570 Ai.
1236 1535 1314 1570 133.

304 1580 327 1615 ἃ
351 1579 485 1626 δαίμων
509 1581 644 1621 κούδεὶς
670 1581 804 1629 ἀνδρῶν
831 1581 979 1624 ἐδίδαξεν
1005 1582 1074 1617 244
1099 1587 1165 1617 nisi
1182 1586 1317 1626 quidem

304 1627 345 1663 οὐ
363 1631 465 1670 priori
482 1632 630 1662 membro
649 1633 820 1671 omissum,
843 1632 884 1663 cf.
903 1629 1045 1676 δαίμων.
1075 1630 1127 1678 ἆρ’
1145 1630 1208 1665 οὐκ
1224 1627 1262 1666 'E
1288 1643 1318 1665 ι-

303 1675 362 1714 νὺς
389 1674 480 1710 τοῦτ’
510 1675 698 1725 ἐχάλκευσε
727 1676 842 1724 ξίφος,
869 1677 1030 1712 κάκεῖνον
1056 1672 1182 1725 ζἈιδης
1214 1677 1255 1712 10
1282 1678 1314 1711 5.

305 1726 418 1762 κεῖνος
443 1722 485 1758 τὰ
509 1723 622 1759 κείνου
641 1724 818 1770 στεργέτω,
847 1723 944 1771 κάγὼ
969 1725 1051 1759 τάδε
1071 1724 1170 1759 1039.
1192 1726 1222 1760 εἰ
1238 1726 1318 1764 τοὺς

307 1769 386 1816 δίκῃ
412 1776 578 1810 νικῶντας
604 1769 825 1818 ἐξωθήσομεν
851 1773 909 1807 καὶ
939 1772 1018 1811 τοὺς
1044 1771 1183 1808 ὄπισθεν
1207 1773 1255 1812 εἰς
1280 1774 1318 1807 τὸ

306 1816 454 1864 πρόσθεν
471 1816 596 1865 ἄξομεν
618 1817 718 1853 1249.
748 1818 853 1865 φίλοι,
882 1819 1005 1858 καῦθις
1023 1820 1137 1867 πικροί
1158 1819 1256 1854 1359.
1279 1824 1318 1853 111

307 1866 360 1898 his
384 1870 498 1898 contra
523 1868 610 1899 verti
634 1868 731 1905 licet3
763 1877 825 1899 nec
850 1870 1012 1900 absonum
1037 1870 1187 1910 opposita
1212 1870 1318 1901 inter-

306 1914 424 1954 positis
437 1912 499 1958 μέν
513 1919 548 1946 et
558 1913 596 1947 δέ
606 1915 772 1946 dirimere.
787 1933 828 1938 —
849 1926 876 1946 c.
893 1913 903 1958 {F
917 1916 1025 1955 Quare
1042 1915 1117 1949 καὶ
1135 1928 1152 1949 ο
1163 1914 1182 1949 ὐ
1200 1920 1230 1947 et
1246 1915 1319 1949 καὶ

307 1959 363 2006 μή
379 1963 510 2001 paulo
527 1961 694 2002 fortius
712 1964 754 1993 in
770 1965 965 2003 opposito
983 1963 1186 1995 dicuntur
1203 1974 1321 2004 quam

308 2006 411 2041 οὐδέ
437 2011 468 2040 et
493 2007 619 2053 μηδέ.
646 2010 709 2041 His
726 2010 818 2041 enim
835 2011 1052 2042 continuatur
1076 2014 1110 2042 et
1126 2012 1321 2051 producitur

308 2056 430 2095 oratio,
460 2056 528 2087 illis
552 2057 761 2097 oppositione
779 2058 933 2089 contrarii
958 2059 1157 2099 explicatur.
1188 2060 1228 2089 V.
1251 2059 1321 2089 En-

306 2103 397 2142 gelh.
433 2103 471 2134 ad
490 2103 575 2135 Plat.
598 2104 735 2136 Lachet.
756 2114 789 2145 p.
811 2101 856 2136 63
875 2105 948 2136 coll.
969 2106 1095 2137 Iacobs.
1123 2106 1163 2136 ad
1180 2105 1316 2137 Anthol.

307 2149 377 2181 Pal.
399 2147 431 2182 3.
467 2160 501 2191 p.
519 2147 599 2182 726.
636 2149 787 2198 αἰσχρῶς
811 2149 874 2185 κού
906 2149 985 2199 δίκῃ
1019 2153 1079 2184 Ph.
1102 2149 1203 2184 1234.
1240 2150 1321 2185 τού-

306 2206 392 2230 τοισι
424 2194 513 2230 κούκ
536 2194 689 2231 ἄλλοισιν
708 2192 972 2242 ’ἁρμοσθήσεται
1005 2199 1060 2232 OC
1079 2196 1158 2231 908.
1188 2197 1242 2232 διὰ
1268 2197 1318 2240 σέ,

307 2241 396 2277 κούκ
412 2241 518 2278 ἄλλον
545 2242 676 2290 βροτῶν
697 2242 797 2277 1129.
827 2240 885 2279 ἀπ’
901 2243 1021 2286 ἄλλου,
1049 2244 1137 2279 κούκ
1155 2244 1241 2290 ἐμοῦ
1259 2257 1322 2279 πε-

309 2288 460 2336 φύκατον
486 2288 587 2326 1369.
616 2289 666 2330 εἷς
693 2291 757 2339 γάρ
773 2303 823 2330 τις
868 2304 886 2326 ν
913 2290 1056 2327 ἕκαστος
1081 2291 1322 2339 οὑξειργασμέ-

307 2349 376 2379 νος,
397 2336 533 2376 κούδεὶς
558 2338 705 2386 ἐναργής
723 2341 803 2372 Ant.
825 2338 847 2372 2
874 2338 894 2373 3
912 2341 1000 2382 quod
1018 2341 1114 2372 video
1133 2342 1242 2381 aliter,
1264 2341 1321 2372 sed

309 2395 428 2426 parum
445 2389 522 2427 apte
540 2397 636 2428 posse
650 2388 822 2428 explicari.
852 2387 899 2425 ὡς
917 2385 1090 2421 ἀνοιστέον
1109 2387 1160 2422 σοὶ
1177 2385 1320 2433 τοῦργον

307 2430 376 2478 εἴη,
405 2430 508 2479 κούγὶ
530 2431 701 2480 κρυπτέον
719 2431 800 2466 273.
829 2432 892 2468 κοῦ
911 2446 963 2469 τοι
979 2434 1138 2480 γυναικὸς
1160 2433 1321 2480 οὐδαμῶς

308 2473 757 2574 2313532‘333502033052
775 2486 951 2563 ἒῖἶῖῑῒόὅέ
973 2480 1116 2563 ἥνέῗέἔξ
1138 2480 1321 2567 ἔὲλοὲμῗῗῖ

307 2571 514 2608 λεύσσουσαν
530 2572 670 2609 κοῦποτ’
688 2573 786 2614 αὖθις
803 2573 873 2609 808
891 2587 934 2608 m.
963 2574 1092 2622 ἄγομαι
1116 2575 1158 2622 δὴ
1182 2541 1321 2610 aab-Qu

310 2618 428 2665 μέλλω
446 2617 525 2654 939.
555 2621 684 2660 πτύσας
701 2623 876 2669 προσώπῳ
893 2621 1015 2657 κούδὲν
1035 2622 1200 2657 ἀντειπών
1217 2620 1316 2655 1232.

308 2666 356 2705 ’ὥς
380 2679 412 2701 τι
437 2666 571 2714 δράσων
595 2667 709 2714 εἷρπε,
746 2668 809 2703 κού
835 2668 1047 2715 θανούμενος
1078 2671 1133 2702 Tr.
1158 2667 1235 2702 160.
1263 2669 1322 2703 καὶ

308 2713 420 2754 ζῶντα
449 2714 508 2749 καὶ
542 2714 715 2751 θάλλοντα
746 2715 811 2751 κού
835 2715 926 2763 νόσῳ
953 2715 1058 2763 βαρύν
1089 2715 1169 2750 235.
1198 2714 1320 2750 πείθου

307 2759 454 2810 λεγούσῃ
471 2762 533 2797 κού
562 2762 691 2809 μέμψει
706 2761 787 2796 470.
817 2762 988 2810 δεδορκὼς
1012 2763 1076 2798 κού
1100 2763 1189 2798 κατὰ
1211 2762 1323 2810 γλῶσ-

309 2819 370 2843 σαν
387 2807 502 2844 κλύων
522 2808 601 2843 747.
631 2809 742 2856 θῆλυς
761 2809 846 2845 οὖσα
862 2810 950 2845 κούκ
967 2810 1087 2857 ἀνδρὸς
1106 2810 1203 2857 φύσιν
1218 2808 1317 2843 1062.

309 2854 454 2902 μόχθων
473 2856 676 2903 ἐγευσάμην,
697 2856 832 2895 κούδεὶς
844 2853 981 2904 τροπαῗ
999 2857 1119 2904 ἔστησε
1141 2863 1209 2892 τῶν
1228 2857 1321 2902 ἐμῶν

309 2907 422 2950 χερῶν
438 2901 539 2936 1102.
557 2903 600 2938 τὰ
624 2903 652 2938 δ’
668 2903 758 2939 ἄλλα
774 2902 892 2951 πράξω
909 2904 972 2939 κού
988 2908 1096 2949 καμεῖ
1111 2904 1238 2950 τούμὸν
1258 2903 1322 2950 μέ-

310 2961 367 2995 ρος
380 2948 480 2983 1215.
502 2950 638 2994 ποιήσω
654 2950 742 2986 κούκ
755 2951 938 2997 ἀπώσομαι
957 2950 1058 2985 1249.
1080 2950 1323 2998 ἐκπέπληγμαι

308 2995 397 3031 κούκ
423 2996 495 3045 ἔγω
521 2996 646 3044 μαθεῖν
664 2996 743 3032 ὅτου
761 3001 814 3032 Ai.
837 2997 895 3032 33.
921 2998 1005 3033 τίσει
1030 2998 1134 3044 τήνδε
1150 2998 1239 3033 κούκ
1256 2997 1321 3032 ἄλ·

308 3042 373 3089 λην
391 3038 488 3091 δίκην
510 3043 586 3078 113.
615 3043 735 3091 ἄδωρα
759 3045 854 3091 δῶρα
875 3045 964 3080 κούκ
990 3045 1086 3092 ὀνήσι
1117 3058 1138 3079 α
1155 3043 1234 3078 665.
1257 3044 1322 3079 πό-

308 3102 367 3124 νου
393 3103 430 3137 γε
455 3090 608 3138 πλῆθος,
639 3091 762 3127 κούδὲν
788 3093 836 3131 εἰς
860 3091 938 3139 ὄψιν
963 3091 1067 3128 πλέον
1110 3091 1166 3125 76.
1198 3092 1232 3127 ἐν
1249 3092 1321 3130 ’τοῖς

309 3135 501 3179 δικασταῖς,
538 3137 626 3173 κούκ
659 3138 753 3185 ἐμοί,
787 3138 860 3174 τάδ’
895 3138 1029 3187 ἐσφάλη
1057 3137 1157 3172 1136.
1199 3138 1323 3173 ἑκόντα

308 3183 396 3218 κούκ
413 3183 541 3220 ἄκοντα
557 3186 616 3218 OR
634 3184 735 3220 1230.
763 3185 1005 3232 νουθετήματα
1021 3185 1138 3233 κείνης
1163 3184 1318 3227 διδακτά,

308 3229 431 3265 κούδὲν
466 3231 506 3266 ἐκ
539 3236 667 3278 σαυτῆς
700 3231 811 3279 λέγεις
844 3235 898 3266 ΕΙ.
919 3232 998 3266 344.
1037 3233 1148 3280 ἔξωρα
1181 3232 1322 3280 πράσσω

308 3276 397 3312 κούκ
422 3277 501 3324 ἐμοὶ
534 3279 739 3325 προσεικότα
763 3278 842 3313 618.
879 3278 987 3314 πάλαι
1011 3279 1170 3315 δέδοκται
1200 3282 1318 3322 ταῦτα,

308 3323 371 3358 κού
388 3325 509 3359 νεωστί
527 3337 584 3371 μοι
604 3324 704 3359 1049.
733 3325 794 3365 τὰς
817 3326 944 3406 ήίιονάς
962 3327 1045 3374 πρὸς
1069 3330 1129 3362 σοῦ
1153 3325 1318 3372 λαβοῦσα,

307 3369 395 3406 κούκ
422 3371 507 3417 ἐμὰς
532 3372 732 3420 ἐκτησάμην
761 3371 828 3407 130
855 3399 861 3406 .
896 3369 1039 3421 εΕρμῆς
1062 3372 1117 3421 σφ’
1141 3372 1214 3420 ἄγει
1239 3373 1322 3419 πρὸς

312 3415 393 3452 αὐτὸ
418 3419 536 3466 τέρμα,
565 3415 702 3455 κούκέτ’
726 3419 872 3466 ἀμμένει
890 3418 990 3455 1397.
1019 3425 1093 3458 πῶς
1113 3420 1235 3456 σκότου
1254 3419 1318 3462 δεῖ,

1354 1251 1413 1285 καὶ
1437 1251 1485 1298 μή
1513 1265 1538 1297 μ
1569 1250 1661 1298 ὄκνῳ
1688 1250 1856 1289 δείσαντες
1882 1247 2076 1295 ἐκπλαγῆτε
2092 1246 2172 1281 225.
2200 1246 2224 1293 ὴ
2255 1269 2258 1276 .

1353 1297 1451 1337 νόσος
1483 1298 1537 1333 ἀεὶ
1560 1297 1687 1345 τέθηλε
1713 1297 1800 1333 κάπὶ
1829 1298 1945 1343 μεῖζον
1980 1295 2117 1344 ἔρχεται
2140 1292 2220 1328 259.
2259 1338 2263 1342 J

1353 1345 1476 1393 χρόνος
1502 1344 1688 1392 προῦβαινέ
1714 1357 1772 1391 μοι
1796 1344 1894 1380 κᾶδει
1916 1355 1948 1378 τι
1976 1343 2058 1390 βαιᾷ
2073 1340 2146 1390 τῇδ’
2172 1341 2238 1377 ὑπὸ

1355 1393 1458 1439 μόνον
1476 1391 1709 1428 διακονεῖσθαι
1725 1391 1805 1426 286.
1835 1392 1968 1427 ἐλεοῦσι
1985 1390 2060 1436 μὲν,
2087 1389 2147 1424 καὶ
2168 1388 2250 1424 πού,

1355 1441 1458 1487 βορᾶς
1477 1440 1579 1487 μέρος
1597 1438 1807 1486 προσέδοσαν
1826 1438 1905 1473 308.
1934 1437 1992 1473 καί
2016 1432 2050 1484 μ’
2067 1435 2168 1471 εὐθὺς
2193 1435 2227 1471 ἐν
2250 1478 2254 1479 ⁷

1355 1487 1494 1534 στρατὸς
1518 1487 1691 1534 ἠσπάζετο
1715 1485 1794 1520 356.
1829 1487 1925 1533 κάγὼ
1951 1484 2121 1531 δακρύσας
2148 1481 2247 1523 ἐξανί

1354 1536 1413 1570 καὶ
1442 1534 1661 1582 καταλγήσας
1692 1534 1732 1569 λέ
1756 1548 1784 1569 ω
1818 1533 1896 1568 367.
1933 1533 2030 1580 κάγὼ
2061 1530 2258 1580 χολωθεὶςζ

1355 1583 1503 1630 ἦρασσον
1532 1586 1656 1621 κακοῖς
1686 1581 1729 1616 37
1759 1609 1765 1614 .
1797 1581 1857 1616 καὶ
1886 1579 1979 1615 ταῦτ’
2013 1578 2125 1614 ἐπειδ“
2165 1577 2224 1612 καὶ

1355 1628 1612 1677 θρασυστομῶν,
1643 1629 1683 1664 οὐ
1709 1630 1758 1677 μή
1778 1627 1852 1663 ποτ’
1874 1626 2066 1675 ἐκπλεύσῃς
2089 1624 2110 1659 3
2135 1624 2169 1659 0.

1354 1683 1482 1723 τιῶμαι
1498 1680 1613 1711 κεῖνον
1632 1678 1678 1715 ὡς
1703 1677 1782 1715 τοὺς
1808 1676 1841 1711 ἐν
1859 1675 1948 1711 τέλει
1965 1673 2045 1708 385.
2074 1671 2252 1708 πεπλεύκα

1357 1737 1415 1770 μοι
1433 1718 1620 1770 προσᾴδετε
1645 1723 1724 1758 405.
1753 1723 1812 1759 καὶ
1836 1722 1911 1758 κατ’
1936 1720 2018 1757 αὐτὸ
2034 1720 2135 1755 τοῦτό
2153 1731 2189 1775 γε
2246 1737 2249 1739 ·

1357 1784 1417 1818 μαι
1434 1771 1513 1805 438.
1535 1771 1592 1805 καί
1606 1779 1678 1806 πως
1694 1770 1735 1805 τὰ
1750 1771 1812 1818 μὲν
1830 1773 1938 1805 πανοῦ
1985 1782 2006 1804 α
2030 1767 2175 1817 χαίρουσ
2205 1786 2212 1797 1
2256 1803 2257 1806 J

1357 1831 1476 1867 φοντες
1501 1817 1580 1852 448.
1624 1819 1682 1853 καὶ
1708 1819 1747 1853 σὺ
1787 1821 1890 1866 χαῖρε
1914 1781 1995 1851 461.
2037 1813 2201 1850 κάκεῖθεν
2238 1827 2251 1843 ι’

1357 1867 1486 1913 μακρὸς
1513 1866 1561 1905 είς
1586 1864 1693 1912 Οἴτην
1718 1865 1836 1900 στόλος
1860 1863 1940 1898 490.
1968 1864 2084 1912 χῶταν
2107 1873 2158 1899 τις
2181 1860 2220 1896 εὖ
2248 1875 2257 1888 ÷

1358 1913 1429 1960 βίον
1449 1918 1590 1948 σκοπεῖν
1608 1913 1755 1958 μάλιστα
1772 1911 1851 1946 505.
1879 1911 1938 1946 καὶ
1961 1909 2054 1945 ταῦτ’
2077 1905 2212 1956 Ἀχαιοὶ
2246 1907 2263 1954 J

1357 1960 1436 1994 595.
1465 1961 1524 1995 καὶ
1546 1960 1637 1994 ταῦτ’
1663 1960 1757 1998 ὅπως
1780 1959 1908 2004 ἤκουσε
1933 1957 2012 1991 614.
2040 1956 2100 1991 καὶ
2123 1955 2225 1990 τούτ
2252 1987 2254 1989 ,

1356 2007 1489 2054 τέμνειν
1508 2008 1624 2055 ἐφεῖτο
1643 2006 1722 2040 618.
1751 2007 1809 2041 καὶ
1832 2009 1891 2040 νῦν
1909 2004 1972 2040 οἷδ’
1997 2003 2119 2040 ὁθούνε
2146 2001 2155 2012 ’
2177 2001 2192 2038 ἵ
2252 2028 2254 2031 ψ

1354 2057 1491 2097 proinde
1515 2066 1605 2087 mmo
1629 2058 1705 2087 scio.
1742 2054 1801 2088 καὶ
1835 2053 1873 2088 σέ
1905 2051 1934 2099 γ’
1959 2051 2082 2092 εἰσάξω
2108 2050 2129 2086 6
2155 2049 2177 2084 4
2206 2065 2255 2088 1¹..

1358 2107 1387 2135 tc
1405 2105 1632 2135 intromittam.
1661 2101 1694 2136 τί
1720 2101 1762 2147 δή
1788 2112 1871 2135 ποτε
1897 2099 2026 2146 σιωπᾷς
2043 2097 2250 2144 κάπόπληκ

1359 2149 1446 2197 ἔχεις
1477 2148 1556 2183 731.
1586 2147 1770 2190 ἀπόλωλα,
1798 2147 1937 2189 τέκνον,
1964 2146 2028 2181 κού
2055 2146 2181 2193 δυνήσο
2209 2155 2255 2187 αι,Ι

1358 2189 1486 2244 κρύψαι
1513 2195 1592 2230 742.
1622 2195 1710 2230 κούκ
1742 2195 1812 2230 ἔστι
1843 2192 1944 2240 λῆξαι
1976 2193 2140 2241 πρότερον
2204 2194 2259 2238 ιῖἸ

1357 2244 1439 2279 ποτὲ
1465 2242 1542 2282 θεὸς
1567 2243 1695 2278 δικαιοῖ
1719 2243 1773 2290 χώ
1791 2241 1910 2276 στόλος
1926 2240 2128 2287 πορσύνεται
2146 2237 2226 2273 781.
2255 2272 2264 2286 7

1356 2295 1481 2338 κηκῖον
1500 2289 1598 2336 αἷμα,
1627 2290 1686 2324 καί
1701 2302 1733 2324 τι
1750 2288 1932 2335 προσδοκῶ
1949 2289 2026 2324 νέον
2044 2285 2112 2322 784
2137 2287 2216 2320 adeo
2248 2324 2258 2329 „

1358 2340 1435 2380 quid
1453 2343 1641 2380 exspectem.
1671 2337 1729 2371 καὶ
1751 2340 1810 2371 νῦν
1829 2335 1868 2370 σύ
1888 2332 1922 2382 μ’
1947 2335 2047 2374 αὐτὸς
2071 2333 2155 2380 ἆρον
2171 2330 2256 2371 877ς

1357 2381 1439 2426 τάδ’,
1469 2386 1496 2419 ὦ
1522 2388 1606 2426 παῖ,
1635 2384 1694 2418 καί
1719 2379 1753 2429 μ’
1779 2383 1897 2430 ἔπαιρε
1913 2381 1981 2416 889
1996 2383 2134 2424 proinde
2150 2391 2200 2413 me
2215 2390 2244 2426 εγ

1357 2432 1416 2467 καὶ
1440 2430 1532 2467 ταῦτ’
1555 2430 1673 2478 ἀληθῆ
1694 2431 1775 2477 δρᾶν
1800 2435 1910 2472 νοεῐς;
1939 2428 2019 2463 921.
2046 2428 2106 2463 καὶ
2130 2427 2168 2461 σὺ
2187 2426 2257 2474 μὴ·-

1357 2478 1473 2514 κλύων
1499 2478 1578 2513 922.
1614 2478 1656 2513 τὰ
1679 2478 1758 2519 τόξα
1782 2478 1854 2524 ἔχει
1878 2476 1937 2511 καὶ
1959 2480 2066 2511 τοῖσιν
2093 2472 2220 2522 Ἀργεί
2234 2488 2257 2516 ⁴2,

1357 2526 1480 2562 νασθαι
1512 2525 1606 2561 θέλει
1630 2524 1708 2559 944.
1744 2525 1832 2560 κούκ
1865 2519 1928 2560 οἷδ’
1962 2523 2104 2570 ἐναίρων
2136 2532 2229 2556 νεκ
2255 2537 2258 2539 ⁴

1358 2572 1472 2609 θανὼν
1490 2572 1625 2619 παρέξω
1643 2572 1742 2607 δαῖτα
1758 2573 1816 2607 καί
1835 2569 1867 2617 μ’
1888 2570 1947 2610 οὓς
1967 2569 2104 2618 ἐθήρων
2122 2582 2146 2604 π
2169 2567 2222 2603 όσ

1360 2621 1497 2668 ράσουσι
1514 2624 1572 2655 νῦν
1590 2618 1669 2653 957.
1700 2619 1841 2666 ἐλέησον
1858 2618 1917 2653 καὶ
1935 2617 1984 2664 μὴ
2010 2629 2079 2663 παρ
2087 2617 2120 2655 ’ς
2156 2613 2238 2650 νειδ

1358 2668 1417 2702 καὶ
1433 2671 1491 2702 νῦν
1510 2666 1575 2713 ἔμ’,
1604 2668 1632 2702 ὦ
1650 2666 1804 2713 δύστηνε,
1834 2669 1925 2704 νοεῖς
1951 2664 1974 2700 ὀί
1996 2676 2043 2699 ειν
2064 2663 2078 2697 1
2112 2662 2164 2697 16.
2278 2701 2281 2706 J

1359 2726 1411 2750 σοι
1442 2714 1609 2752 πολλάκις
1641 2709 1712 2748 τόδ’
1743 2713 1893 2759 εὐξάμην
1929 2711 1972 2746 10
1996 2710 2019 2745 8
2042 2716 2072 2744 et
2098 2714 2214 2744 iterum
2245 2724 2255 2758 χ

1360 2765 1537 2804 iterumque
1562 2763 1644 2793 dice.
1673 2761 1732 2795 καὶ
1756 2764 1815 2795 νῦν
1839 2762 1871 2796 τί
1889 2757 1920 2806 μ’
1948 2759 2047 2807 ἄγετε
2067 2755 2156 2791 1029
2172 2759 2196 2789 ri
2220 2778 2221 2781 =
2249 2776 2256 2793 s

1357 2808 1417 2843 καὶ
1439 2808 1515 2856 τάχΊ
1540 2807 1579 2843 ἂν
1605 2808 1643 2843 τὸ
1668 2809 1725 2843 σὸν
1751 2809 1789 2855 γέ
1812 2821 1851 2846 ας
1875 2806 1977 2853 τιμὴν
1997 2804 2074 2852 ἐμοὶ
2099 2803 2195 2849 νείμε
2245 2823 2248 2828 v

1357 2854 1563 2903 λειφθήσομ’
1592 2854 1661 2901 ἤδη
1692 2820 1942 2903 [λειφθήσομαι
1973 2853 2016 2899 δὴ
2043 2854 2145 2885 Dind.
2172 2861 2200 2884 c.
2231 2855 2235 2865 ¹

1357 2903 1446 2937 κούκ
1463 2903 1598 2937 ἐποικτε
1622 2901 1692 2936 εῖτέ
1710 2914 1771 2948 με,
1796 2901 1895 2935 1071.
1913 2900 1962 2938 εἰς
1980 2899 2058 2934 ὅσον
2078 2896 2233 2932 στείλωσι

1357 2950 1417 2984 καὶ
1440 2948 1535 2988 θεοῖς
1560 2949 1597 2984 εὐ
1617 2947 1738 2994 ώμεθα
1763 2948 1863 2983 1077.
1892 2946 2018 2995 χοῦτος
2041 2944 2118 2992 τάχ’
2143 2942 2182 2979 ἂν

1357 2996 1458 3043 λάβοι
1478 2995 1578 3030 1078.
1608 2995 1700 3042 οἴμοι
1717 3009 1776 3042 μοι
1793 2996 1852 3030 καί
1868 3007 1933 3029 που
1952 2993 2074 3031 πολιᾶς
2087 2991 2180 3028 θινὸς
2196 2990 2233 3025 έν
2245 3015 2253 3027 ,ι

1357 3043 1441 3091 γελᾷ
1459 3056 1524 3088 μου
1545 3042 1633 3076 1123
1652 3054 1695 3076 m.
1725 3047 1816 3085 atqui
1832 3044 1981 3084 fortasse.
2009 3038 2072 3075 κᾶν
2094 3038 2138 3074 τὰ
2160 3035 2254 3084 λοίφε

1359 3091 1507 3138 φρονῇς,
1537 3090 1620 3128 ἰ’σως
1639 3088 1678 3123 ἂν
1698 3090 1794 3128 ἐκτὸς
1810 3088 2018 3135 κλαυμάτων
2047 3086 2138 3134 ἔχοις
2155 3082 2245 3120 πόὸσ.

1358 3136 1447 3172 κᾶτα
1470 3135 1642 3175 νουθετεῖς
1666 3137 1728 3182 ἐμέ
1755 3135 1844 3170 1282
1875 3135 1982 3175 δεξιὰν
2006 3135 2159 3180 πρότεινε
2183 3130 2254 3180 χῖ,

1358 3184 1475 3230 κράτει
1491 3189 1560 3218 τῶν
1579 3190 1646 3219 σῶν
1665 3183 1780 3219 ὅπλων
1797 3182 1896 3216 1291.
1917 3182 1976 3216 καὶ
1993 3181 2099 3216 πέλας
2115 3177 2142 3228 γ’
2163 3177 2254 3225 ὁρᾷ

1358 3231 1526 3279 ἠγρίωσαι
1541 3229 1642 3266 κούτε
1660 3229 1853 3311 σύμβουλον
1871 3229 1962 3277 δέχει
1979 3227 2078 3283 1321.
2106 3225 2165 3262 καὶ
2180 3225 2238 3260 ‘ta'

1360 3290 1428 3313 στω
1449 3277 1549 3312 1325.
1578 3278 1635 3311 καὶ
1661 3281 1728 3312 παῦ
1755 3289 1793 3311 αν
1811 3275 1883 3312 ἴσθι
1909 3276 1949 3322 μ’
1976 3287 2041 3309 ποτ
2067 3273 2107 3309 ἂν
2124 3286 2164 3308 τυ
2190 3273 2253 3306 εἴ

1359 3324 1436 3372 πρὶν
1464 3323 1574 3371 μόλης
1606 3324 1665 3359 καὶ
1696 3324 1796 3359 νόσου
1852 3323 1942 3370 αλαχ
1975 3322 2010 3369 ῖς
2039 3320 2144 3367 τῆσδε
2192 3315 2257 3362 33

1359 3372 1443 3418 πρὸς
1460 3358 1565 3406 τοῖσδ’
1590 3371 1637 3406 ἔτι
1652 3370 1776 3418 (λέγει)
1796 3370 1811 3403 1
1840 3369 1895 3403 39.
1923 3369 1954 3404 τί
1968 3335 2054 3416 ,δῆτ’
2080 3368 2169 3415 ἔχεις

1360 3430 1484 3461 ποντα,
1511 3417 1598 3453 κούκ
1623 3417 1761 3464 ἀφῆκας
1786 3417 1833 3456 εἰς
1859 3411 1982 3452 ’Ἀιδου
2010 3414 2144 3461 μολεῖν;
2176 3411 2192 3447 1
