2288 3600
88 232 101 281 ,ζ’
119 238 130 282 'ss
143 235 296 279 proxime
319 235 493 267 adstantes
517 234 718 275 choreutae,
750 234 955 269 Colonenses

90 279 126 320 ²³,-
147 296 151 310 ι
168 290 256 317 mum
281 282 408 314 tutelae
433 281 632 314 commissus
651 281 734 314 Oed.
751 307 759 323 ,
786 285 826 314 ut
842 284 956 315 tamen

90 314 117 371 f'
150 329 291 372 :quidam
307 332 525 370 opponuntur
541 329 608 360 sibi
625 329 787 361 vicissim.
803 346 846 353 —
865 326 902 366 ὅς
920 326 956 362 ἐν

85 379 139 425 ..³
212 378 302 410 τοῖσι
316 379 386 410 τῶν
403 373 512 413 πέλας
534 375 588 407 Ai.
612 371 714 408 1151.
742 374 829 409 ὥστε
847 374 896 421 μὴ
913 374 957 409 τὰ

71 429 75 433 ’
106 432 131 465 j
178 421 303 460 στένειν
331 423 392 456 Ph.
414 419 493 455 340.
523 419 613 459 ὅστις
639 419 762 460 δοῦλός
792 421 862 457 ἐστι
886 425 955 456 τῶν

171 466 252 504 479.
274 467 395 504 δοῦλον
413 467 515 503 αὑτὸν
533 466 616 503 ὄντα
630 473 698 503 τῶν
715 467 824 508 πέλας
840 467 955 503 κλύειν

149 513 234 558 106,
256 514 289 550 3.
318 517 383 550 Sed
401 526 518 550 revera
531 518 719 557 proximos,
746 519 875 559 quippe
900 526 956 556 9⁶-

46 560 48 563 ’
182 580 189 591 ι
208 565 335 597 mimos
366 565 557 604 significare
589 567 719 604 oportet
742 562 824 602 τοὺς
848 561 956 601 πέλας

68 614 109 658 ᾗ,
121 606 224 652 551.,
245 611 344 652 quod,
366 615 405 643 ut
422 611 592 644 sententia
609 614 752 651 constet,
774 611 955 652 Agamem-

62 700 64 703 ·
102 674 116 690 ‚-
132 661 232 695 ctare
245 662 384 700 oportet.
407 658 508 691 Recte
522 659 571 690 sic
584 658 838 691 scholiastarum
852 668 952 698 unus,

64 702 254 751 :sajus-fic,
294 703 343 750 μὴ
371 704 411 739 τὸ
435 707 502 740 πᾶν
527 703 615 750 ὄργῆ
639 704 849 751 ’καταχαριζο
880 703 953 750 ένη.

196 749 333 790 πέλας
364 750 446 790 τοὺς
470 750 547 798 περὶ
577 737 822 797 ’Ᾰγαμέμνονα
849 717 957 798 Σίνω-

64 793 100 839 Ῑῗῑ,
121 799 164 833 ad
181 798 481 840 Clytaemnestram
498 801 662 841 quomodo
675 801 793 832 referri
810 801 952 841 possint,

58 846 123 887 ³⁶2-ss
161 846 273 880 Colch.
294 847 335 879 fr.
356 844 443 886 319,
466 844 497 879 1.
527 845 570 880 πέ
602 845 689 892 φιΕιν
707 844 748 881 οὐ
765 844 873 884 πέλας
891 844 958 892 φό-

25 890 35 912 '²
96 908 98 911 ·
137 895 211 927 eius
243 890 362 928 Ἰονίου
395 891 503 931 πέλας
536 859 660 940 πείιρου,
701 895 800 935 longe
832 895 957 926 certius

70 953 92 970 ³1
111 950 196 975 uec.
214 937 249 973 4.
273 950 307 982 p.
328 938 409 973 277.
439 942 635 974 emendavit
661 939 759 976 ἰπνοῦ
787 938 958 988 σελασφό-

75 988 179 1026 χω.
204 984 274 1021 405
310 985 418 1025 πέλας
443 989 642 1029 explicando
671 987 761 1034 ὁμοῦ
790 989 958 1021 adiectum

85 1039 97 1067 ἰ
165 1035 339 1067 flcavimus
364 1036 400 1067 in
424 1032 524 1079 ὁμοῦ.
553 1053 595 1060 --
632 1036 685 1068 De
702 1040 843 1069 accentu
863 1036 958 1068 docet

230 1091 264 1124 p.
285 1079 372 1123 570,
393 1079 449 1115 29.

33 1134 244 1199 πάσγός
276 1151 460 1193 Peleaque,
498 1154 610 1193 gentis
636 1163 769 1186 nomen.
815 1150 959 1200 Τυρση-

59 1204 94 1254 ,L
123 1201 240 1280 αἽοῖς
256 1199 370 1233 Inach.
392 1200 434 1232 fr.
455 1197 535 1240 256,
557 1197 589 1233 3.
620 1201 755 1243 Spectat
771 1201 831 1233 hoc
849 1200 954 1234 schol.

33 1320 37 1354 s
54 1297 218 1358 ζᾷτης
242 1307 298 1348 qui
311 1316 413 1347 prope
430 1306 566 1339 accedit.
595 1303 628 1340 εἴ
644 1318 676 1340 τι
693 1305 730 1340 σέ
755 1318 783 1340 ει
801 1305 958 1347 ξένον,-

26 1355 30 1358 ’
115 1378 134 1394 ,,
172 1350 287 1398 εὐνοίᾳ
319 1351 413 1399 πάσᾳ
446 1350 596 1387 πελάταν
630 1354 691 1387 Ph.
747 1351 813 1386 164
838 1354 890 1386 ch.
923 1364 954 1386 v.

92 1416 136 1438 -,-
170 1400 222 1433 Ῐ)0
247 1401 364 1433 Ixione
390 1401 531 1433 Iunonis
562 1402 721 1442 cupiente
750 1401 957 1434 adulterium

114 1458 143 1482 -ν
158 1445 308 1483 πελάταν
324 1445 478 1494 λέκτρων
496 1446 581 1481 ποτὲ
596 1452 665 1481 τῶν
684 1445 764 1486 Διός
781 1449 868 1481 Phil.
889 1445 957 1480 677

62 1494 297 1540 θ’,0000111711
320 1495 455 1535 generis
483 1496 672 1528 observavit
689 1496 799 1537 Apoll.
821 1496 862 1528 de
880 1495 954 1528 adV.

73 1542 160 1596 ‘ff'-
688 1543 732 1585 (11
750 1553 784 1585 p.
805 1539 885 1584 544,
905 1539 953 1584 2.)

44 1630 45 1633 ,
72 1602 116 1649 ζ’
131 1597 240 1639 λάω
254 1601 410 1634 admo-veo
427 1604 463 1633 et
479 1601 597 1634 accedo
613 1611 728 1642 prope.
759 1602 959 1634 Exemimus

137 1667 158 1678 ›.
175 1660 204 1685 ω
220 1651 403 1681 tractantes
415 1673 423 1689 ,
442 1649 639 1691 exemplum
655 1649 717 1682 Ph.
741 1646 849 1688 1150,
872 1649 959 1690 quod

175 1705 231 1728 um
249 1699 433 1736 monstrat,
463 1705 529 1728 11011
546 1705 720 1737 praesens.
760 1695 848 1728 Sunt
865 1705 954 1737 vero,

50 1743 52 1745 ’
78 1730 101 1788 ἶ
113 1743 285 1782 „omnine
297 1744 596 1776 exterminandum
614 1746 775 1776 censeant
792 1743 842 1785 [ut
851 1743 955 1777 Dind.

43 1826 47 1833 .,
73 1785 147 1830 ζὴ
163 1815 171 1822 .
190 1790 215 1821 1.
234 1787 305 1834 v.],
326 1790 412 1831 quod
432 1791 484 1822 bis
502 1796 675 1832 praeterea
690 1792 758 1831 legi
776 1801 830 1832 ap.
852 1790 955 1832 Sopb.

71 1830 119 1890 5²³³
133 1833 340 1922 ''2230‘25222
358 1834 698 1918 insanistis
713 1835 960 1919 ,0010

59 1950 90 1980 ..⁴
104 1950 113 1969 ,ι
130 1941 144 1965 ι
158 1929 292 1976 μήποτε
318 1895 451 1977 gazaeis
475 1929 562 1976 ἡμῖν
589 1930 715 1979 ἀψεγὲς
733 1896 842 1965 πελξῑν
857 1930 959 1978 τέρας

31 1990 35 1996 ι
62 1982 66 1987 “
113 1986 146 2022 οι
159 1976 218 2012 καὶ
235 1975 420 2023 συνδρῶσιν
438 1978 493 2011 El.
513 1976 582 2012 497
599 1980 652 2012 ch.
690 1979 794 2012 Priori
811 1980 881 2012 loco
898 1980 958 2012 ad-

30 2020 164 2077 ⁴:
180 2025 241 2058 LA
257 2026 297 2058 ab
323 2024 357 2058 S.
378 2036 431 2072 γρ.
462 2024 717 2066 πελάζουσι.
754 2028 824 2059 11110
851 2024 961 2060 πελά-

32 2105 41 2121 ῑ.
61 2074 122 2129 4³
147 2072 268 2106 Eimsl.
283 2097 292 2113 ,
322 2082 408 2114 quae
425 2083 493 2106 non
510 2078 563 2106 est
578 2075 670 2106 varia
687 2075 786 2106 lectio
797 2100 806 2114 ‚
833 2075 891 2106 sed
908 2075 962 2106 in-

112 2133 162 2153 ··.
201 2119 301 2152 Hunc
326 2119 442 2152 Herm.
480 2122 654 2162 sequitur,
690 2122 749 2163 qui
774 2122 961 2162 Reisigium

68 2164 91 2200 ⁸5
107 2167 268 2208 &cupiens
294 2176 430 2200 versum
446 2169 551 2208 ignoti
568 2173 686 2210 poetae
704 2168 794 2210 apud
811 2169 903 2202 Plut.
924 2179 957 2210 p.

74 2211 133 2255 §2
151 2210 246 2259 βαῖνε
273 2211 337 2253 λὰξ
363 2212 419 2248 ἐπὶ
442 2213 642 2262 τραχήλου,
673 2214 770 2261 βαῖνε
792 2214 852 2249 καὶ
873 2213 962 2249 πέλα

68 2262 176 2305 th.
212 2260 284 2300 Quo
299 2262 337 2293 in
352 2271 454 2294 versu
471 2263 530 2294 illa
548 2266 600 2295 est
616 2264 738 2296 dilecta
755 2263 875 2295 multis
892 2263 961 2294 for-

66 2306 102 2352 ζῇ
117 2308 350 2350 „proculcanda
375 2309 641 2342 adversariorum
665 2310 866 2349 insolentia,
899 2307 962 2348 λὰξ

72 2362 98 2404 ,s
187 2354 387 2401 πενεόφρονι
404 2356 555 2397 Theogn.
575 2354 656 2390 847.
693 2357 734 2389 de
760 2358 963 2398 proterenda

74 2404 78 2406 “
98 2402 294 2444 ,malisque
318 2404 577 2444 ingruentibus,
605 2409 647 2437 ut
673 2414 727 2446 ap.
754 2404 962 2444 Meleagrum

73 2453 102 2501 NJ.
127 2455 144 2490 ζ’
189 2446 342 2494 ἐπίβαινε
359 2444 433 2483 κατ’
451 2448 617 2498 αὐχένος,
638 2451 764 2484 adscito
782 2452 840 2483 illo
859 2461 962 2483 sensu

145 2496 292 2534 0111100110
325 2502 384 2530 aut
415 2497 630 2540 Hipponacte
663 2499 788 2538 dignus
822 2499 961 2530 colorem

137 2567 150 2578 ,-
165 2541 226 2576 Sin
257 2553 354 2585 vero,
386 2548 427 2576 ut
454 2546 607 2586 videtur,
641 2549 760 2587 poetae
793 2547 963 2578 communi

135 2590 166 2625 81
191 2592 386 2633 exemplum
410 2594 604 2633 requirebat
628 2594 770 2634 Herm,
801 2593 962 2634 quomodo

73 2647 90 2682 “1—
100 2651 117 2670 ,·
132 2650 173 2665 κε
195 2641 232 2671 et
247 2639 367 2671 formas
380 2639 586 2681 Homericas,
604 2642 687 2681 quin
701 2641 803 2672 etiam
816 2640 962 2672 Dorien-

52 2681 172 2729 ..ἦῆ-Ἣ
192 2698 207 2714 ιι
230 2686 474 2719 tolerabimus?
499 2687 676 2719 Praeterea
698 2697 775 2719 eum
792 2687 963 2719 sententia

37 2717 95 2781 ³.st
139 2727 248 2776 -olpm
270 2729 387 2778 Θησέα
410 2730 575 2779 αὐταρκεῖ
596 2729 677 2781 τάχ’
708 2731 859 2779 ἐμμίξειν
884 2731 959 2779 βοᾷ,

37 2774 54 2809 ξ’
83 2788 113 2830 spi
151 2787 312 2821 praesens
340 2790 415 2812 esse
445 2782 633 2813 necessario
657 2781 810 2821 videtur;
841 2782 879 2812 in
895 2778 961 2814 πού

38 2837 51 2848 ³·
79 2828 84 2833 '
187 2825 226 2858 de
243 2836 277 2858 re
291 2830 382 2867 qesta
399 2828 589 2869 suspicandi
613 2829 832 2868 significatio,
858 2828 963 2869 idque

39 2866 47 2908 ‚³
65 2874 67 2876 ’
94 2874 245 2919 v<§arisit
256 2898 264 2914 ‚
285 2875 346 2915 qui
361 2875 605 2916 interpretatur
620 2877 687 2907 nisi
709 2875 797 2915 forte
812 2875 962 2907 oceidew

175 2919 385 2961 aufugiet-unt
399 2919 457 2965 (ad
477 2933 510 2954 v.
534 2919 657 2966 1059.)
674 2926 711 2954 et
729 2923 830 2954 schol.
858 2931 964 2968 προσ-

144 2967 335 3008 ·uplieans.
362 2969 403 3000 In
421 2969 577 3001 Electrae
595 2970 666 3001 loco
682 2967 789 3002 πελᾶν
807 2970 963 3002 futurum

91 3028 109 3042 τ
122 3025 144 3049 a·
179 3017 306 3056 potest3
337 3015 378 3048 de
396 3017 524 3048 somnio
541 3017 633 3048 enim
648 3017 852 3057 loquuntur,
873 3017 965 3058 quod

75 3063 160 3098 241¹
201 3066 355 3094 narrante
374 3062 671 3105 Chrysothemide;
701 3064 874 3103 iungenda
900 3073 964 3096 au-

126 3142 130 3147 ,
164 3104 263 3152 ἡμῖν,
285 3113 321 3141 et
335 3106 460 3156 ἀψεγὲς
472 3112 546 3148 τοῖς
566 3108 669 3156 δρῶσι
685 3108 746 3144 καὶ
763 3108 959 3156 συνδρῶσιν,

70 3153 452 3201 .11-01ytaemnestram
491 3161 526 3189 et
557 3158 761 3197 Aegisthum
793 3159 964 3199 pertinere

178 3211 211 3234 m
226 3211 317 3235 unus
335 3204 436 3245 vidit,
463 3204 525 3235 hac
542 3206 714 3236 sententia
730 3204 858 3246 confido
876 3214 965 3236 com-

143 3262 156 3266 ”
190 3250 258 3281 sum
285 3259 457 3292 nunquam
483 3261 551 3283 non
574 3251 834 3292 vituperandum
858 3252 966 3283 caedis

70 3323 135 3343 ,Ηρ.,
169 3295 312 3328 adiutori
339 3298 364 3330 i.
392 3307 423 3330 e.
456 3295 643 3343 βλαβερόν,
677 3295 889 3342 δυσώνυμον.
919 3317 963 3322 --

109 3350 232 3385 ,31011
263 3344 366 3376 dubia
397 3345 632 3377 emendatione
663 3345 815 3377 restituit
846 3346 960 3377 Reisk.

78 3402 80 3405 ·
108 3389 162 3429 ,⁴1²3
194 3413 203 3431 ,
230 3389 262 3422 5.
297 3387 372 3435 ἥτις
451 3389 623 3426 πλαθεῖσα
646 3389 857 3436 (σπασθεῖσα
873 3391 966 3436 libri)

768 115 1006 183 Πελασγός
1028 144 1100 154 -
1124 114 1264 166 Πὲλω

1903 114 2005 163 619

993 228 1023 267 δ’
1039 231 1075 270 έν
1092 231 1236 279 λειμῶνι
1252 229 1432 277 ποταμίων
1449 234 1563 266 ποτῶν
1582 228 1616 264 ’ίῦ
1655 232 1752 268 σκιᾶς
1765 227 1925 264 εἴδωλον.
1946 227 2009 274 [At

991 290 1060 315 aor.
1093 282 1181 314 med.
1214 277 1348 324 ἔπλησο
1377 278 1432 312 OG
1448 275 1520 311 528
1535 279 1589 312 ch.
1619 243 1750 318 ffiergk.
1779 287 1837 319 pro
1866 274 2008 311 ἐπλ’σω

991 328 1164 361 immerito
1191 328 1344 361 invexit:
1374 326 1491 367 tragici
1515 327 1607 358 enim
1636 335 1702 359 aor.
1735 336 1822 367 pass.
1850 322 1941 358 ἐπλά
1990 335 2008 357 ν

993 379 1160 416 utuntur,
1193 375 1228 407 id
1260 374 1349 416 quod
1377 377 1469 406 recte
1496 373 1629 407 monuit
1658 373 1701 406 A.
1730 373 1857 406 Nauck.
1885 372 2005 414 Eurip.

995 422 1095 456 Stud.
1118 420 1148 464 1,
1174 419 1273 466 113.]

1065 489 1226 527 Πέλεια
1249 491 1410 524 columba.
1438 488 1642 537 πεφόβημαι
1673 492 1806 536 πτηνῆς
1836 488 1884 528 ὡς
1913 487 2011 535 ὄμμα

993 535 1130 578 πελείας
1158 541 1212 573 Αἰ.
1235 536 1302 572 140
1320 549 1374 572 an.
1412 536 1525 584 φήνης
1549 538 1749 571 coniiciebat
1772 539 1878 570 Piers.
1906 537 2005 570 veris.

993 588 1052 620 lib.
1084 588 1112 619 Ι.
1136 584 1166 619 1.
1199 587 1256 620 cui
1273 586 1388 619 Valck.
1421 586 1460 617 ad
1489 586 1615 617 Phoen.
1644 595 1677 626 p.
1711 582 1788 618 152.
1818 588 1853 618 et
1878 585 2004 623 Musgr.

993 643 1216 676 praepropere
1234 633 1431 675 adstipulati
1451 636 1543 665 sunt.
1573 633 1738 665 Defendit
1753 642 1795 664 ex
1814 633 1886 673 ipso
1904 631 2005 673 Soph.

993 686 1029 714 et
1046 682 1120 714 aliis
1139 682 1357 724 scriptoribus
1375 681 1457 712 Lob.
1473 705 1480 721 ,
1502 683 1620 711 tuetur
1653 679 1745 712 Suid.
1767 690 1798 711 V.
1816 676 2005 716 πελειάδες.

994 730 1044 761 De
1070 730 1243 761 sententia
1270 739 1301 760 V.
1332 725 1440 772 ὄμμα.
1477 725 1539 765 τὰς
1565 723 1778 772 ὑποπτέρους
1800 724 1928 772 βάλλον
1946 735 2010 759 πε-

993 773 1088 814 λείας
1105 775 1165 808 Ph.
1185 773 1267 808 289.
1289 793 1330 799 -
1358 775 1411 806 De
1427 778 1570 806 accentu
1588 785 1620 807 v.
1643 774 1745 806 schol.
1765 774 1806 806 11.
1826 784 1863 820 φ.
1884 770 1965 805 493.

1066 843 1096 881 Π
1108 844 1153 881 ελ
1166 844 1260 884 ειάς
1297 844 1460 879 columba.
1500 842 1645 878 ἀελλαία
1670 841 1915 891 ταχόρρωστος
1947 854 2012 877 πε-

994 891 1089 931 λειάς
1107 894 1163 927 00
1183 890 1270 926 1081
1298 893 1350 925 011.
1390 893 1440 924 De
1464 893 1625 925 columbis
1644 892 1836 924 Dodonaeis
1863 892 2010 923 fatidicis

995 953 1019 1020 T
1069 940 1106 975 ὸν
1124 938 1272 987 αὐδῆσαί
1289 950 1370 973 ποτε
1389 935 1534 974 Δωῦῶνι
1547 937 1671 972 δισσῶν
1690 937 1730 973 ἐκ
1747 936 1938 973 πελειάδων
1952 938 2007 971 Tr.

1019 952 1074 1022 92¹.
1112 989 1216 1020 Docta
1233 988 1274 1020 de
1291 987 1345 1020 his
1364 987 1488 1020 scholia
1504 991 1596 1019 sunt.

1043 1044 1240 1084 Πέλεκυς
1273 1048 1409 1078 securi-³.
1454 1043 1610 1093 σχίζουσι
1634 1043 1726 1091 ’κάρα
1748 1042 1855 1091 φονίῳ
1874 1042 2012 1079 πελέκει

994 1095 1048 1127 El.
1077 1091 1124 1126 99
1150 1104 1204 1127 an.
1249 1094 1421 1126 Accentus
1447 1094 1587 1125 flexioni
1605 1093 1782 1126 convenit:
1821 1103 1852 1124 v.
1874 1093 1951 1125 Arc.
1972 1102 2005 1133 p.

995 1139 1060 1183 91,
1080 1139 1138 1174 21.
1746 1141 1789 1182 (11
1806 1151 1841 1182 p.
1857 1137 1937 1180 545,
1960 1136 2007 1180 4.)

1068 1197 1245 1243 [Πελίας
1271 1210 1304 1232 n.
1338 1209 1390 1241 pr.
1424 1200 1479 1233 Sic
1507 1201 1705 1240 inscriptam
1729 1200 1875 1231 fabulam
1907 1198 2008 1240 Soph.

995 1250 1075 1281 citat
1092 1249 1272 1280 Erotianus
1290 1257 1324 1289 p.
1344 1244 1426 1280 304.
1447 1248 1490 1279 cf.
1510 1244 1693 1289 παιδεύω]

1063 1304 1121 1341 *Π
1133 1303 1312 1343 ελιδνός
1338 1306 1472 1338 lividus.
1502 1306 1623 1338 Pollux
1641 1302 1683 1346 4,
1707 1302 1770 1337 141
1785 1330 1792 1345 ,
1823 1305 1882 1337 ubi
1910 1305 2011 1345 tragi-

995 1365 1048 1386 cas
1079 1363 1236 1396 personas
1267 1353 1444 1386 describit:
1475 1349 1577 1398 Τυρὼ
1607 1350 1750 1398 πελιδνὴ
1779 1349 1841 1389 τὰς
1870 1349 2011 1398 παρειὰς

995 1399 1088 1446 παρὰ
1107 1397 1195 1447 Σοφ.
1222 1401 1336 1442 (Dind.
1357 1404 1436 1432 ante
1454 1401 1494 1433 sr.
1517 1401 1593 1440 Tyr.
1615 1397 1718 1444 573.)
1750 1401 1840 1432 Hinc
1857 1409 1924 1431 non
1942 1409 2013 1431 eer-

996 1450 1127 1482 tissima
1143 1449 1184 1480 de
1202 1448 1362 1480 vocabulo
1380 1459 1399 1480 a
1416 1452 1513 1490 poeta
1529 1449 1638 1489 posito
1654 1447 1845 1480 coniectura
1862 1448 1912 1480 fit.
1950 1447 2013 1480 At-

995 1497 1100 1529 ticum
1117 1493 1284 1533 πελιτνός.
1964 1492 1968 1501 “

1069 1552 1254 1597 [Πελλός
1278 1564 1311 1586 v,
1331 1555 1356 1588 1.
1377 1551 1510 1597 πέλος.]

1066 1611 1322 1660 Πελοπίδης
1341 1613 1511 1654 Pelopida.
1532 1610 1634 1658 δῶμα
1652 1609 1855 1647 Πελοπιδῶν
1874 1612 1930 1644 El.
1955 1609 2007 1645 10.

994 1659 1038 1695 τά
1052 1658 1080 1695 τ’
1097 1658 1179 1695 ὄντα
1194 1659 1254 1694 καὶ
1273 1657 1445 1706 μέλλοντα
1464 1657 1667 1694 Πελοπιδῶν
1684 1657 1776 1693 κακά
1797 1655 1899 1692 1498.

1067 1717 1204 1758 Πέλος
1222 1720 1351 1761 fuscus.
1382 1720 1535 1752 Erotian.
1555 1729 1590 1760 p.
1612 1715 1715 1752 306.:
1746 1716 1905 1752 πέλον,
1927 1715 2012 1752 ὑπό-

1023 1779 1096 1801 αιον
1170 1793 1178 1806 ,
1206 1765 1253 1804 ὡς
1270 1765 1329 1800 καὶ
1348 1763 1435 1813 Σοφ.
1458 1764 1492 1800 ἐν
1512 1763 1659 1810 Ποιμέσι
1673 1765 1733 1799 καὶ
1749 1764 1785 1800 ἐν
1803 1762 2013 1823 Ἀμφιαράῳ

1012 1817 1053 1848 fr.
1079 1811 1177 1857 122.)
1210 1812 1304 1860 φησί.
1345 1811 1478 1851 κυνὸς
1515 1811 1692 1858 πέλλης
1727 1824 1772 1847 τε
1809 1811 2013 1858 μηκάοος

997 1861 1098 1908 βοὸς
1124 1859 1245 1908 ῥινὸν
1273 1861 1372 1903 [quae
1387 1863 1486 1893 verba
1503 1862 1690 1893 Duentzer.
1725 1861 1762 1892 111
1779 1860 1900 1893 Ρ111101.
1921 1858 1955 1893 3.
1975 1871 2010 1902 p.

999 1907 1076 1942 138.
1098 1909 1146 1941 sic
1163 1919 1245 1941 corr.
1274 1906 1370 1954 αἰγός
1385 1919 1422 1942 τε
1440 1906 1572 1953 πελλῆς
1591 1906 1778 1953 puniend.
1804 1905 1943 1954 (ῥινέων
1961 1908 2015 1940 vel

998 1954 1129 2002 ῥηνέων
1152 1957 1251 1997 libri,
1282 1956 1428 1988 Brunck.
1457 1953 1547 2002 ῥινὸν
1572 1953 1670 2000 βοός,
1706 1959 1816 1996 recte,
1849 1955 1916 1987 nisi
1934 1953 2015 1999 βοός

997 2006 1032 2036 111
1050 2005 1118 2036 11110
1141 2013 1258 2035 versus
1284 2004 1433 2044 positum
1451 2001 1546 2046 fuit).
1583 2003 1719 2044 Duplici
1736 2000 1758 2035 λ
1776 2003 1930 2035 scribunt
1946 2002 2014 2034 Ga-

997 2052 1064 2084 len.
1085 2051 1129 2091 gl.
1150 2051 1310 2092 Hippocr.
1330 2061 1366 2092 p.
1386 2047 1466 2083 542.
1488 2054 1523 2082 et
1540 2051 1687 2090 Hesych.
1706 2061 1738 2083 v,
1755 2047 1883 2083 πελλόν
1901 2050 2014 2091 expli-

998 2102 1115 2130 cantes
1133 2096 1234 2143 φαιὸν
1251 2102 1397 2144 χρῶμα,
1427 2095 1574 2143 ἐμφερὲς
1595 2096 1648 2142 τῷ
1665 2094 1828 2143 πελιδνῷ.
1856 2097 1906 2128 Ea
1931 2097 2014 2135 scri-

997 2150 1099 2187 ptura
1116 2155 1159 2177 ne
1178 2145 1360 2186 Sophocleo
1378 2145 1514 2186 quidem
1539 2155 1640 2177 versu
1658 2145 1846 2176 certissime
1862 2144 2017 2184 redargui

998 2196 1111 2234 potest
1134 2196 1168 2224 et
1193 2193 1321 2234 placuit
1347 2191 1508 2224 Salmasio
1532 2193 1573 2225 ad
1599 2192 1742 2224 Tertull.
1764 2191 1847 2223 Pan.
1876 2200 1911 2232 p.
1934 2188 2013 2224 131.

999 2239 1066 2271 Sed
1095 2240 1286 2272 acuendum
1317 2240 1458 2271 arbitror
1482 2249 1560 2271 cum
1587 2239 1704 2271 eodem
1729 2242 1765 2271 et
1782 2238 1945 2270 Valcken.
1973 2239 2014 2270 ad

999 2287 1139 2319 Theocr.
1159 2284 1201 2326 5,
1223 2283 1281 2318 99.
1295 2313 1304 2327 ,
1334 2291 1370 2319 et
1393 2288 1441 2318 sic
1457 2297 1510 2328 ap.
1532 2286 1677 2326 Hesyeh.
1708 2287 1883 2325 scribitur,
1920 2287 2016 2318 velut

999 2331 1119 2371 πολιός
1136 2337 1171 2365 et
1187 2331 1305 2371 πελιός
1329 2332 1466 2377 (Arcad.
1493 2343 1527 2375 p.
1549 2330 1614 2373 41,
1635 2331 1706 2377 3.];
1743 2342 1938 2374 quanquam
1955 2343 2016 2373 pe-

999 2382 1115 2413 nacuit
1130 2378 1244 2426 πέλλη
1263 2378 1344 2425 βοός
1362 2381 1426 2412 ΕΜ
1443 2391 1477 2422 p.
1500 2377 1580 2422 659,
1603 2378 1660 2413 38.
1689 2380 1844 2412 Acuendi
1863 2380 2017 2412 vocabuli

998 2429 1231 2460 testimonium
1255 2429 1397 2460 fortasse
1422 2429 1463 2460 ab
1488 2429 1570 2460 urbe
1595 2428 1810 2460 Macedoniae
1828 2427 1921 2459 Pella
1945 2428 2017 2467 peti

997 2477 1136 2517 poterit,
1156 2485 1257 2517 quam
1273 2486 1292 2507 a
1308 2476 1402 2507 fusca
1418 2476 1504 2507 bove
1514 2484 1638 2507 nomen
1652 2476 1795 2507 traxisse
1812 2475 1860 2506 ait
1877 2474 2014 2515 Ulpian.

999 2523 1039 2554 ad
1057 2523 1155 2556 Dem.
1192 2523 1233 2554 de
1264 2523 1348 2555 falsa
1380 2523 1444 2563 leg.
1474 2533 1508 2564 p.
1531 2519 1611 2564 376,
1631 2522 1669 2554 B.
1714 2522 1752 2554 Id
1778 2523 1869 2554 enim
1894 2530 2016 2554 nomen

998 2571 1213 2611 penacuitur.

1070 2625 1223 2674 Πέλοψ
1249 2638 1283 2660 n.
1304 2638 1355 2670 pr.
1377 2626 1412 2662 έν
1436 2626 1479 2673 τᾷ
1495 2638 1538 2672 με
1562 2625 1629 2674 άλᾳ
1646 2624 1774 2674 Δωρίδι
1790 2625 1883 2672 νάσῳ
1903 2623 2017 2661 Πέλο-

998 2687 1063 2714 πος
1080 2676 1164 2708 Oed.
1186 2676 1256 2708 Col.
1277 2673 1346 2708 702
1364 2676 1415 2708 ch.
1450 2675 1478 2708 ὦ
1498 2639 1655 2713 Πέλοπος
1683 2673 1706 2708 ἁ
1729 2670 1877 2721 πρόσθεν
1905 2671 2017 2708 πολύ-

998 2734 1104 2761 πονος
1128 2721 1247 2756 ἱππεία
1271 2723 1326 2754 El.
1353 2719 1423 2755 494
1447 2723 1500 2755 ch.
1537 2721 1600 2756 οὐκ
1632 2719 1734 2756 οἶσθα
1765 2720 1911 2768 ἀρχαῖον
1936 2718 2018 2754 ὄντα

999 2767 1141 2804 Πέλοπα
1159 2768 1331 2815 βάρβαρον
1357 2765 1492 2815 Φρύγα,
1529 2770 1584 2802 Ai.
1609 2766 1711 2802 1271.
1746 2769 1943 2801 11100110111.
1971 2769 2012 2800 fr.

998 2814 1066 2850 421
1095 2822 1188 2850 recte
1211 2817 1358 2850 Brunck.
1405 2818 1539 2849 videtur
1568 2818 1753 2849 correxisse
1777 2814 1872 2849 τοίαν
1897 2812 2017 2862 Πέλοψ

998 2874 1059 2907 pro
1074 2857 1201 2898 τοιάνδ’
1220 2862 1255 2898 έν
1273 2861 1362 2909 ὄψει.
1385 2881 1426 2888 -
1446 2865 1497 2897 De
1515 2868 1593 2896 tono
1611 2875 1644 2896 v,
1665 2864 1745 2895 Arc.
1766 2873 1801 2904 p.
1821 2859 1888 2903 94,
1910 2859 1964 2894 15.

1070 2920 1195 2957 Πέλω
1219 2926 1253 2955 et
1278 2916 1489 2967 πέλομαι.
1519 2923 1611 2954 Haec
1628 2923 1731 2962 enim,
1751 2925 1791 2954 ut
1803 2931 1856 2962 ap.
1875 2921 2009 2953 Homer.

999 2970 1171 3010 videmus,
1201 2970 1296 3002 nullo
1321 2970 1481 3002 dicuntur
1498 2970 1706 3002 discrimine.
1751 2967 1910 3000 Vei-sanda·
1925 2971 1961 3000 et
1984 2977 2017 2999 se

999 3017 1133 3057 ,carendi
1149 3017 1218 3048 vim
1235 3026 1307 3049 raro
1322 3016 1426 3048 habet
1438 3042 1445 3056 ,
1474 3026 1538 3048 nec
1554 3017 1631 3058 plus
1657 3016 1761 3048 semel
1779 3025 1832 3057 ap.
1855 3014 1955 3056 Soph.
1978 3025 2016 3047 eo

1001 3074 1103 3096 sensu
1122 3064 1252 3096 dictum
1277 3065 1465 3105 reperitur:
1504 3061 1571 3109 ἐγὼ
1598 3061 1660 3107 μὲν
1679 3060 1738 3096 οὖν
1756 3059 1887 3096 τοιόσδε
1909 3060 1962 3106 τῷ
1980 3072 2017 3094 τε

1001 3109 1136 3155 δαίμονι
1160 3110 1212 3156 τῷ
1234 3106 1258 3144 τ’
1288 3108 1386 3155 ἀνδρὶ
1409 3110 1459 3155 τῷ
1479 3108 1617 3144 θανόντι
1643 3107 1826 3156 σύμμαχος
1845 3107 1942 3142 πέλω
1959 3109 2017 3144 OR

1000 3155 1082 3191 245.
1124 3159 1237 3198 inyero
1259 3167 1328 3197 me,
1357 3159 1532 3199 profiteor,
1565 3157 1600 3189 id
1623 3166 1748 3189 munus
1768 3156 1851 3188 mihi
1875 3157 2013 3196 sumpsi.

1000 3206 1091 3237 Hinc
1115 3206 1201 3237 item
1230 3206 1335 3237 semel
1363 3205 1579 3246 impersonali
1608 3205 1735 3236 ratione
1764 3203 1906 3235 dicitur:
1947 3201 2018 3236 miz

1000 3249 1109 3286 τῶνδέ
1140 3262 1200 3295 μοι
1214 3249 1335 3296 λαβεῖν
1361 3245 1389 3285 θ’
1419 3249 1548 3296 ὁμοίως
1574 3249 1633 3284 καὶ
1659 3249 1696 3284 τὸ
1725 3247 1897 3295 τητᾶσθαι
1921 3247 2018 3283 πέλει

1002 3300 1056 3331 El.
1077 3295 1157 3330 265.
1187 3300 1349 3338 contemsit
1367 3299 1467 3339 inde,
1495 3298 1618 3338 pendet
1641 3299 1681 3330 ab
1707 3297 1840 3329 illorum
1864 3297 2013 3329 arbitrio.

1001 3347 1088 3378 Eius
1114 3346 1275 3386 loquendi
1299 3346 1438 3378 rationis
1466 3346 1554 3377 viam
1578 3348 1742 3378 monstrat
1759 3345 1832 3380 τοῖς
1857 3354 1897 3376 τυ
1925 3341 2017 3377 λοῑσι

1000 3390 1065 3439 γὰρ
1083 3389 1170 3437 αὕτη
1187 3389 1353 3430 κέλευθος
1372 3389 1413 3426 ἐκ
1436 3393 1636 3438 προηγητοῦ
1661 3389 1758 3426 πέλει
1781 3391 1862 3423 Ant.
1885 3387 1906 3423 9
1925 3387 1966 3426 ,0.
1987 3391 2011 3427 i.
