2288 3600
273 127 371 175 576

268 242 330 274 Ph.
353 239 431 274 121.
459 245 534 279 πῶς
559 239 619 275 οὖν
645 235 827 280 Ὀδυσσεὺς
853 239 952 275 πλεῖν
976 240 1019 287 ἦν
1039 240 1178 288 ἑτοῖμος
1201 239 1280 274 569.

268 292 342 326 πῶς
360 286 419 322 οὖν
438 286 510 335 ἔχει
528 286 712 323 κάντεῦθεν
731 287 867 323 εἰσιόντι
886 299 962 334 μοι;
993 290 1047 321 ΕΙ.
1071 286 1172 321 1339.
1202 287 1285 335 χαί-

270 346 382 381 ρουσιν
400 333 458 369 οὖν
476 335 664 377 τούτοισιν;
698 334 797 368 1343.
827 337 918 368 Haec
935 337 1026 368 enim
1045 346 1111 368 non
1130 341 1211 368 sunt
1228 346 1285 368 ar-

268 383 538 423 gumentantium
554 408 561 422 ,
599 383 656 415 sed
690 384 786 425 plura
811 384 971 424 deinceps
998 383 1140 423 rogando
1168 384 1285 415 audire

269 432 489 471 cupientium.
522 447 626 463 —.—-
660 430 674 473 ΙΙ
702 431 891 472 Aliquando
917 431 1020 466 etiam
1045 431 1285 464 dialectice

267 477 507 517 inferendo
542 479 768 511 contrario
792 479 911 517 servit,
940 481 979 509 ut
1007 487 1140 509 rursum
1157 487 1183 509 s.
1205 487 1284 509 con-

268 528 320 555 tra
341 525 576 565 interpretere.
612 522 769 571 λέγοντες
795 522 857 557 εἴτ’
883 522 1033 570 ἀληθές,
1063 522 1121 557 εἴτ’
1145 522 1168 557 ἄ
1190 521 1199 533 ’
1224 522 1284 558 οὖν

268 569 381 616 μάτην
398 572 458 604 Ph.
481 568 561 603 345.
592 569 669 605 ούτε
687 569 750 618 γὰρ
769 569 917 617 θρασύς,
938 565 1008 604 οὔτ’
1025 569 1084 604 οὖν
1104 582 1170 618 προ
1193 569 1285 608 είσας

267 616 338 662 εἰμί
371 618 428 650 OR
445 616 502 650 90.
549 616 626 664 μήτ’
659 616 780 664 ἀροτὸν
810 616 927 655 αὐτοῖς
953 621 1016 665 γῆς
1040 616 1168 651 ἀνιέναι
1196 617 1280 659 τινά,

268 659 350 709 μήτ’
369 663 429 698 οὖν
445 670 614 711 γυναικῶν
632 664 758 703 παῖδας
776 663 856 698 271.
886 670 920 697 et
939 667 1047 707 primo
1065 667 1211 697 membro
1228 666 1286 697 ad-

266 713 375 743 ditum
393 710 454 745 εἵτ’
471 710 531 746 οὖν
549 707 601 745 ἐπ’
618 710 731 758 ἀγρῶν
749 711 816 745 εἴτε
833 709 984 746 κάνθάδ’
1001 711 1135 745 εἰσιδών
1150 725 1156 754 ;
1180 710 1282 744 1049.

267 756 329 791 εἴτ’
362 757 420 792 οὖν
447 757 526 797 θεὸς
553 758 622 792 εἴτε
647 759 778 805 βροτῶν
804 758 846 816 ἦν
872 759 889 793 ὁ
915 762 1024 793 ταῦτα
1046 759 1208 805 πράσσων
1226 760 1280 791 ΕΙ.

270 803 336 838 199
354 807 406 838 ch.
427 812 461 839 et
479 817 555 838 cum
574 809 752 848 negatione
770 804 822 839 ε’ίτ
851 804 910 839 οὖν
931 805 1089 848 δικαίως,
1125 804 1192 839 εἴτε
1211 806 1280 851 μή,

266 851 329 896 [sc.
352 851 492 891 δικαίως
510 852 680 898 ἔκτεινας)
698 851 776 885 560.
806 852 836 886 εί
855 852 890 886 δ’
916 852 975 887 οὖν
994 856 1075 885 Ant.
1098 851 1178 887 722.
1208 864 1284 885 cum

268 901 414 941 eleganti
440 903 626 934 reticentia.
657 902 746 933 Huic
775 902 892 941 generi
925 902 1136 933 attribuerim
1165 902 1280 942 etiam,

267 949 355 988 quod
389 953 524 989 propter
561 950 715 981 mutilam
749 949 951 980 sententiam
987 958 1052 979 non
1086 949 1283 989 planissime

267 999 381 1036 patet,
411 993 440 1027 εἰ
459 994 520 1040 μέν
538 1007 589 1033 τις
607 994 666 1029 οὖν
686 993 824 1036 ἔξεισιν,
854 994 884 1028 εἰ
910 993 947 1027 δὲ
975 994 1045 1040 μή,
1074 993 1151 1041 λέγε
1170 996 1280 1037 Niptr.

267 1044 307 1074 fr.
335 1039 423 1083 402,
452 1053 644 1084 quanquam
669 1044 729 1074 hoc
754 1044 924 1083 prioribus
945 1043 1116 1074 diversum
1149 1047 1284 1083 propter

268 1090 467 1130 particulam
484 1091 520 1121 in
538 1091 647 1131 priore
665 1091 813 1121 membro
831 1091 1008 1122 inclusam.
1028 1109 1074 1112 —
1115 1090 1129 1132 ΙΙ
1154 1091 1284 1122 Vitiose

268 1137 431 1177 scriptum
449 1134 508 1170 οὖν
526 1138 703 1178 aliquoties
729 1141 900 1178 repertum
917 1141 981 1169 est.
1018 1135 1068 1174 τίς
1091 1134 1131 1169 ἂν
1150 1134 1208 1170 οὖν
1226 1134 1284 1170 εύ-

267 1194 388 1230 πατρις
414 1182 481 1217 ὦδε
505 1183 666 1229 βλάστοι,
704 1185 757 1216 ΕΙ.
791 1181 892 1217 1081.
939 1185 1064 1223 syllaba
1089 1185 1284 1216 abundante

268 1232 345 1262 libri
371 1241 480 1272 paene
497 1241 614 1264 omnes
637 1232 813 1263 exhibent.
854 1229 913 1264 οὖν
940 1233 1014 1263 eius
1040 1232 1192 1272 videtur,
1226 1233 1283 1272 qui

268 1275 336 1323 ἄρα
353 1279 568 1319 interpretari
587 1280 748 1319 voluerit,
776 1284 810 1310 et
827 1280 1015 1310 necessario
1042 1280 1187 1310 eiectum
1205 1280 1284 1310 inde

266 1336 286 1357 a
302 1326 448 1357 Brunck.
477 1327 516 1358 In
535 1326 591 1358 00
611 1324 688 1358 179.
719 1323 763 1359 ἔτ’
780 1323 859 1367 οὖν,
891 1324 940 1358 ἔτι
964 1324 1083 1371 προβῶ
1109 1326 1232 1365 legitur
1248 1328 1283 1357 in

266 1373 382 1413 libris,
410 1376 445 1404 et
461 1377 576 1405 contra
593 1383 750 1405 numeros
767 1373 1026 1414 antistrophicos
1043 1377 1079 1404 et
1095 1374 1210 1414 inepte
1229 1374 1282 1404 in—

267 1420 398 1451 culcato
415 1418 481 1460 ἔτι,
504 1430 566 1452 nec
584 1418 643 1454 οὖν
658 1421 726 1452 ulla
742 1421 906 1461 probabili
924 1421 1169 1460 significatione
1186 1430 1284 1461 prae-

267 1467 351 1499 dito.
396 1468 514 1508 Both.‚
549 1478 651 1509 quem
677 1468 766 1499 Reis.
796 1472 830 1499 et
857 1468 962 1499 Elms.
992 1472 1202 1508 sequuntur,
1237 1465 1285 1500 ἔτι

266 1513 385 1560 προβῶ
414 1515 534 1555 eiecit,
570 1512 614 1548 ἔτ’
644 1512 703 1548 οὖν
736 1518 882 1555 servato,
927 1516 1134 1556 probabilius
1165 1515 1279 1547 Herm.

266 1559 387 1607 προβῶ
417 1563 581 1603 retinuit,
614 1556 660 1595 ἔτ’
685 1559 744 1595 οὖν
770 1559 819 1595 ἔτι
844 1563 975 1594 eiectis.
1005 1580 1110 1593 —.—
1153 1561 1167 1603 ΙΙ
1197 1562 1282 1593 Cum

266 1609 341 1640 aliis
359 1610 535 1650 particulis
553 1610 742 1641 coniectum
764 1606 822 1642 οὖν
841 1611 962 1650 partim
981 1611 1046 1640 iam
1062 1610 1282 1650 pertractavi—

268 1665 360 1696 mus;
384 1650 474 1688 ἀλλ’
491 1654 566 1689 οὖν
588 1682 618 1688 ..
634 1682 641 1688 .
661 1667 706 1702 γε
723 1666 751 1688 S.
771 1668 804 1688 v,
824 1653 915 1690 ἀλλά
932 1666 965 1697 p.
987 1653 1070 1687 33³.
1093 1657 1137 1688 ef.
1158 1657 1278 1687 Elmsl.

265 1703 305 1734 ad
324 1703 412 1735 Med.
431 1700 532 1736 1375.
548 1722 653 1736 -.—-
678 1702 755 1768 γὰρ
774 1701 848 1736 οὖν
867 1713 893 1735 S.
916 1715 946 1734 v.
967 1701 1031 1750 γάρ
1050 1714 1082 1744 p.
1107 1700 1172 1735 136
1187 1714 1215 1735 a.
1239 1721 1280 1726 —

267 1747 303 1782 δ’
329 1747 400 1783 οὖν
426 1760 453 1782 S.
474 1761 506 1782 v.
529 1748 566 1783 δέ
591 1761 625 1792 p.
661 1748 770 1783 109a.
802 1767 843 1774 —
883 1749 960 1795 μὲν
995 1748 1070 1783 οὖν
1096 1762 1127 1782 v.
1156 1760 1184 1782 s.
1219 1748 1281 1794 μέν

265 1807 300 1838 p.
319 1794 388 1829 435
401 1799 434 1830 b.
475 1802 509 1829 et
539 1799 668 1830 consuli
697 1802 870 1839 praeterea
899 1799 979 1829 licet
1003 1799 1044 1829 de
1070 1799 1128 1829 illo
1153 1798 1278 1837 Reisig.

265 1853 374 1876 enarr.
411 1845 465 1876 OG
498 1854 532 1885 Ρ.
557 1842 634 1877 175.
673 1846 710 1877 G.
740 1845 776 1877 F.
809 1846 924 1877 Herm.
953 1845 994 1876 ad
1020 1846 1102 1876 Luc.
1132 1845 1173 1876 de
1197 1846 1276 1876 hist.

265 1900 390 1923 consor.
411 1902 444 1933 p.
461 1888 564 1932 254.;
589 1892 630 1923 de
649 1893 708 1924 hoc
727 1892 846 1924 Stallb.
867 1893 909 1924 ad
922 1893 1007 1924 Plat.
1025 1892 1154 1923 Phileb.
1174 1902 1206 1933 Ρ.
1220 1888 1276 1923 99.

216 1960 223 1964 -
267 1955 308 1961 —
344 1938 358 1981 ΙΙ
382 1936 463 1971 εἴτ’
496 1937 570 1972 οὖν
603 1941 760 1980 oppositis
794 1939 975 1980 inferendis
1007 1941 1185 1971 inventum
1215 1943 1276 1979 est,

264 1986 360 2018 velut
383 1983 442 2019 οὖν
466 1988 579 2028 ipsum
606 1996 649 2018 ex
667 1987 796 2027 Niptris
821 1988 1031 2018 annotavimus
1058 1987 1143 2018 dici:
1171 1990 1282 2017 cetera

267 2034 424 2074 exempla
448 2031 616 2069 Ph.‚345.
645 2034 703 2066 ΟΒ
722 2030 823 2065 1049.
853 2035 906 2065 El.
933 2030 998 2065 199
1017 2034 1068 2065 ch.
1099 2030 1178 2065 560.
1210 2034 1277 2065 vid.

266 2089 368 2121 supra
400 2081 563 2122 apposita.
602 2091 633 2112 V.
663 2079 745 2114 ε’ίτε.
789 2081 804 2123 ΙΙ
829 2078 890 2113 ὅτ’
915 2078 990 2113 οὖν
1017 2080 1282 2121 quandoquidem

270 2129 384 2167 iyitur.
414 2122 464 2160 ὅτ’
481 2125 540 2161 οὖν
558 2122 756 2173 παραινοῦσ’
785 2126 885 2161 οὐδὲν
903 2126 951 2165 εἰς
980 2126 1085 2161 πλέον
1109 2130 1199 2160 ποιῶ
1225 2127 1282 2158 OR

267 2170 346 2206 918.
377 2172 425 2207 ὅτ’
443 2172 501 2208 οὖν
521 2172 646 2208 ἐκεῖνοι
663 2173 794 2208 ὤλοντο
807 2177 887 2206 Ant.
912 2172 988 2207 170.
1018 2169 1065 2208 ὅτ’
1079 2172 1138 2207 οὖν
1151 2173 1281 2208 τοιόνδε

294 2220 426 2267 ρησμὸν
443 2219 695 2267 εἰσηκούσαμεν
714 2222 768 2254 ΕΙ.
789 2220 846 2254 38.
876 2215 923 2255 ὅτ’
942 2220 1001 2255 οὖν
1018 2220 1179 2267 τοιαύτην
1195 2220 1280 2266 ἧμιν

269 2266 402 2313 έήκεις
433 2265 511 2302 ὁδόν
542 2266 644 2302 1318.
679 2287 720 2292 -
754 2267 819 2306 τίς
850 2267 945 2310 οὖν,
972 2267 1012 2302 τί
1046 2267 1144 2309 οὖν,
1180 2269 1220 2302 τί
1245 2266 1278 2301 δ’

270 2313 345 2349 οὖν
370 2327 403 2349 V.
430 2314 515 2357 τίς,
543 2320 578 2347 et
594 2317 636 2348 de
653 2316 713 2348 hoc
729 2317 830 2348 etiam
848 2327 878 2347 v.
902 2314 958 2348 δέ.

341 2359 369 2398 Ο
380 2360 426 2396 ὅν
438 2374 453 2396 ε
465 2374 531 2396 κα.
558 2363 573 2405 ΙΙ
591 2363 790 2395 Adverbium
805 2364 1043 2405 praepositioni
1061 2364 1282 2405 aequiparan-

270 2410 351 2442 dum
369 2428 414 2434 --
430 2421 460 2442 a.
477 2412 611 2451 proprie
629 2411 818 2451 significare
836 2411 970 2442 videtur
983 2414 1129 2451 propter,
1150 2421 1283 2442 causam

270 2457 353 2498 quid
378 2458 522 2489 faciendi
551 2458 773 2489 omittendive
799 2463 833 2490 et
858 2459 1007 2499 patiendi
1034 2458 1198 2490 indicans.
1243 2455 1282 2491 οὔ

270 2497 346 2537 ποτ’
378 2501 419 2537 ἂν
453 2502 573 2538 στόλον
607 2499 786 2538 ἐπλεύσατ’
819 2501 860 2538 ἂν
891 2499 984 2538 τόνδ’
1023 2499 1134 2538 οὕνεκ’
1161 2503 1284 2550 ἀνδρὸς

270 2548 395 2584 ἀθλίου
412 2552 472 2583 Ph.
497 2548 598 2584 1038.
635 2551 665 2585 εἰ
693 2550 799 2597 τῆσδέ
827 2549 857 2598 γ’
885 2549 999 2610 ἄρχ’ῆς
1029 2548 1153 2585 οὕνεκα
1250 2550 1283 2597 μ’

272 2595 436 2643 ἐκβαλεῖν
467 2596 629 2644 ἱμείρεται
647 2598 705 2630 OR
721 2596 801 2631 383.
842 2599 889 2632 ὧν
921 2596 1030 2632 ουνεκ’
1058 2596 1169 2643 ἦλθον
1200 2596 1280 2631 447.

271 2643 350 2692 οὐχὶ
375 2643 535 2690 μαντείας
559 2640 589 2692 γ’
614 2642 656 2679 ἂν
674 2643 798 2692 βλέψαι
826 2640 835 2652 '
861 2643 901 2679 ἂν
924 2643 1049 2679 οὕνεκα
1066 2644 1147 2677 858.
1191 2644 1285 2685 ἄξιος

292 2691 335 2737 ἂρ
351 2690 384 2726 εἰ
399 2695 464 2738 τῆς
480 2690 638 2730 εὐεπείας
656 2690 781 2726 οὕνεκα
821 2690 878 2725 32.
907 2693 954 2727 ὦν
977 2690 1053 2726 οὕνε
1089 2687 1096 2699 ’
1113 2691 1137 2737 ὴ
1157 2689 1284 2738 Κόριν-

269 2703 334 2776 θος
367 2736 403 2777 ἐξ
437 2737 453 2771 ἐ
483 2741 523 2772 οῦ
555 2737 661 2773 πάλαι
692 2738 826 2785 μακρὰν
859 2734 1032 2786 ἀπῴκειτο
1055 2703 1134 2772 23<97.
1175 2738 1283 2773 τῶνδε

271 2784 336 2833 φεύ
360 2797 408 2824 εις
433 2784 557 2819 ούνεκα
581 2783 683 2820 1010.
725 2785 853 2833 χρόνου
881 2786 944 2832 μὲν
967 2781 1079 2820 οὕνεκ’
1100 2785 1138 2820 οὐ
1160 2783 1283 2831 μαθεῖν

271 2844 315 2879 με
338 2798 394 2866 δεῖ
417 2831 495 2866 τόδε
518 2833 575 2866 Oc
591 2830 648 2866 22.
678 2834 726 2868 ὧν
751 2829 858 2867 οὕνεκ’
886 2832 1033 2881 ἐκφοβεῖ
1050 2845 1092 2879 με
1113 2831 1194 2865 269.
1221 2836 1282 2867 τοῦ

344 2879 471 2926 ψαντος
500 2874 608 2914 οὕνεκ’
639 2879 745 2914 εἰπών
777 2877 879 2912 1346.
910 2879 969 2915 καί
994 2891 1031 2913 σε
1057 2879 1148 2914 τοῦδ’
1174 2875 1284 2914 οὕνεκ’

846 2925 854 2938 ἱ

270 2879 465 2972 {gireii-itm*
483 2928 564 2960 Ant.
587 2924 642 2959 19.
676 2926 798 2961 τούτου
811 2939 879 3006 Ιιίιρ
897 2923 1004 2961 οὕνεκ’
1022 2925 1142 2974 ἄνδρες
1159 2925 1284 2974 εύχον-
1322 2963 1326 2970 ι

271 2972 655 3066 ἶὲζέῗῗὲβέῗτὲχὲἳῗ
681 2971 810 3054 ἔχῗῗὸίί
832 2973 957 3055 ..34μῂ
975 2973 1282 3067 ξρέ”“ἓέἓ”αἵ.ῗς

273 3064 423 3114 Οἰχαλία
437 3069 492 3100 Tr.
532 3066 590 3100 77.
613 3032 747 3102 τούτιῖιην
761 3066 825 3114 γὰρ
843 3033 950 3102 οὖνέἰ
967 3066 1114 3113 ἐστάλην
1131 3033 1191 3100 Αἰτ.1
1195 3032 1282 3100 3281]

272 3114 320 3148 ὧν
353 3110 460 3148 οὕνεκΊ
489 3113 589 3148 αὐτὸν
618 3112 709 3153 οὔτις
738 3110 801 3148 ἔστ’
829 3113 918 3162 ἀνὴρ
947 3113 1077 3149 σθένων
1104 3117 1279 3155 τοσοῦτον,

272 3160 360 3194 ὥστε
377 3165 478 3206 σῶμα
493 3159 682 3207 τυμβεῦσαι
702 3159 802 3194 1062.
824 3160 863 3195 οὐ
880 3161 945 3209 γάρ
961 3173 991 3195 τι
1056 3174 1072 3200 ς
1090 3165 1153 3208 σῆς
1171 3158 1279 3195 οὕνεκ’

273 3206 519 3255 ἐστρατεύσατο
547 3207 724 3254 γυναικός,
761 3205 842 3241 ἀλλ’
880 3205 996 3255 οὕνεχ’
1050 3220 1141 3254 ρκων
1177 3207 1277 3240 1111.

271 3253 394 3289 τούτου
413 3253 530 3289 θανεῖν
545 3266 570 3301 χ
592 3258 636 3301 ῆν
654 3253 755 3289 αὐτὸν
779 3250 890 3290 οὕνεκ’
907 3255 948 3290 ἐκ
965 3253 1083 3297 σέθεν;
1121 3256 1174 3287 ΕΙ.
1197 3252 1276 3288 579.

275 3299 419 3349 ἐχθροῖς
441 3265 627 3348 γαμεῖσθαι
649 3305 712 3349 τῆς
729 3300 898 3349 θυγατρὸς
915 3300 1039 3336 οὕνεκα
1057 3300 1135 3334 594.
1179 3305 1281 3347 τιμᾶν

270 3345 424 3387 ἅπαντας
441 3344 547 3383 οὕνεκ’
567 3347 721 3397 ἀνδρείας
737 3349 848 3396 χρεών
865 3346 946 3383 983.
966 3350 1020 3382 Ex
1037 3346 1167 3387 οὔτινος
1181 3347 1282 3382 ἕνεκα

273 3392 435 3429 οὔνεκα
459 3396 549 3428 haud
573 3397 694 3428 inscite
711 3398 856 3429 advertit
873 3397 939 3428 EM
954 3407 988 3438 p.
1009 3393 1090 3437 641,
1111 3393 1167 3428 44.
1189 3406 1279 3429 com-

1033 3164 1050 3172 ο

1089 122 1263 175 Οὕνεκα
1291 154 1353 162 -
1382 123 1524 176 Οὔπω

1311 2074 1483 2137 τΈλληνες
1514 2078 1617 2125 ἐσμέν
1649 2081 1707 2112 Ph.
1735 2078 1815 2112 232.
1857 2079 1928 2126 ὁρῶ
1954 2078 2078 2115 οὕνεκα
2102 2079 2150 2128 θή
2175 2092 2215 2116 αν
2261 2091 2263 2093 ·

2022 87 2288 189 ...44

1321 242 1470 283 positum
1495 242 1624 282 videri,
1657 243 1716 274 sed
1733 247 1833 282 negat
1858 243 1984 275 factum
2014 244 2200 276 secundum
2225 239 2288 289 Αῇι

1322 290 1362 321 de
1380 290 1466 321 coni.
1501 299 1533 330 p.
1556 286 1641 330 503,
1664 286 1696 321 6.
1738 290 1833 321 Idem
1859 291 1968 331 Apoll.
1997 299 2073 322 cum
2092 287 2194 324 ἕνεκα.
2209 290 2288 333 βίω

1321 346 1400 368 cans
1418 337 1458 368 ad
1471 337 1539 367 vim
1557 337 1806 368 coniunctionis
1822 335 1874 370 ὅτι
1885 337 2079 378 detorqueri
2091 338 2220 370 dudum
2233 337 2288 379 vbi

1322 386 1375 415 set
1390 393 1424 424 p.
1447 379 1526 424 502,
1549 380 1626 424 30.,
1649 385 1773 415 mirum
1791 388 1854 424 est,
1875 384 1965 425 quod
1982 385 2182 417 Ammonius
2200 395 2235 427 p.
2249 379 2288 427 ‚fii

1322 433 1356 462 et
1382 431 1439 461 Gr.
1468 430 1583 462 Herm.
1613 441 1646 472 p.
1669 427 1748 463 327.
1786 428 1911 464 οὕνεκα
1934 440 1992 472 pro
2017 427 2120 465 ἕνεκα
2137 430 2288 469 vitiose?

1321 478 1626 518 pronuntiaverint.
1652 494 1757 508 —.-—
1785 477 1800 519 ΙΙ
1817 479 1849 510 b.
1879 478 1967 509 Hinc
1991 478 2091 519 plane
2119 479 2288 519 adverbhs

1322 526 1388 565 ita,
1419 528 1457 555 ut
1484 524 1657 565 haetenus,
1692 525 1787 556 huius
1815 527 1862 556 rei
1888 535 2009 565 cauea,
2041 525 2081 557 de
2104 523 2288 572 significo&

1322 572 1508 603 Markland.
1537 571 1580 602 ad
1605 571 1688 602 Eur.
1716 572 1764 603 IA
1789 582 1822 612 p.
1847 568 1924 603 121.
1954 572 2069 604 Valck.
2097 573 2139 604 ad
2155 573 2226 605 Her
2266 573 2288 610 Ἰ

1321 615 1402 659 466,
1424 619 1456 651 b.
1479 623 1513 649 et
1531 619 1571 649 ad
1589 619 1720 650 Phalar.
1748 629 1782 660 p.
1804 619 1899 650 XIII.
1927 619 2072 651 Brunek.
2101 620 2145 652 ad
2170 620 2232 653 Ph.
2273 643 2288 659 .,

1322 666 1454 698 Schaef.
1486 666 1526 697 ad
1544 666 1649 706 Long.
1679 675 1712 706 p.
1734 662 1814 697 421.
1845 662 1945 699 ἕνεκα
1964 667 2080 698 eodem
2097 667 2193 699 modo
2210 658 2288 707 ᾱίέι

1323 710 1401 746 ὅσον
1421 710 1456 749 ἐς
1473 714 1559 744 bene
1577 714 1725 753 explicat
1739 713 1853 746 Thom.
1875 723 1910 754 p.
1930 710 2008 745 184.
2037 714 2114 745 Alia
2131 706 2288 746 tamen=‘,

1322 761 1459 801 propius
1486 771 1504 791 a
1534 761 1704 801 primitivo
1731 761 1883 792 vocabuli
1910 770 1974 792 usu
1998 760 2137 793 distant.
2177 756 2259 795 ἀλλ’ἐ-

1321 818 1416 840 κοιτο
1442 805 1544 839 τοῦδέ
1567 802 1601 852 γ’
1631 804 1742 840 οὕνεκ’
1760 804 1796 840 ἐν
1813 805 1911 854 τάχει
1928 808 1980 840 ΕΙ.
2002 804 2081 840 387.
2109 806 2210 841 τοῦδέ
2228 801 2262 856 γ’.

1321 865 1406 887 νεκα
1421 853 1571 900 κήρυσσε
1590 851 1670 885 605.
1707 855 1799 886 Haec
1816 855 1912 895 quasi
1930 855 2018 886 viam
2037 856 2221 887 audacioris
2256 856 2259 858 ’
2285 875 2288 876 ⁷

1321 902 1423 932 tionis
1442 901 1565 932 indicio
1583 905 1779 932 monstrant.
1802 902 1951 941 Longius
1963 903 2005 933 ab
2017 903 2147 942 origine
2158 903 2211 934 dis
2285 930 2288 934 ,

1322 949 1403 979 haec
1427 949 1511 980 duo:
1542 950 1599 981 νῦν
1628 944 1658 980 δ’
1681 945 1792 994 ἕκηλά
1809 959 1875 981 που
1892 952 1961 981 τῶν
1978 945 2075 994 τῆσδ’
2104 945 2267 991 ἀπειλῶηρ
2286 968 2288 973 ν

1321 991 1397 1042 νεχ’
1428 992 1665 1042 ἡμερεύσομεν
1690 996 1742 1027 ΕΙ.
1772 993 1852 1027 787.
1889 993 2008 1041 θάρσει
2025 994 2186 1041 προνοίας
2203 1007 2236 1030 ο1
2277 994 2288 1018 ·,

1322 1040 1361 1075 οὐ
1381 1040 1564 1087 δοθήσεται
1588 1043 1648 1073 Ph.
1680 1040 1758 1074 774.
1795 1044 1885 1074 Ante
1911 1043 2093 1075 Gedikium
2117 1047 2193 1085 post
2216 1038 2279 1091 912⁴,

1322 1090 1612 1130 distinguebatur,
1633 1099 1774 1130 eamque
1793 1090 2066 1131 distinctionem,
2096 1091 2191 1123 modo
2215 1104 2231 1119 n
2252 1090 2288 1127 ’5,-

1322 1138 1487 1168 maximae
1506 1138 1682 1177 subrogata
1700 1138 1827 1169 Buttm.
1859 1138 1942 1170 miro
1960 1147 2041 1169 usus
2066 1147 2228 1178 argumen

1322 1185 1445 1216 stituit.
1476 1186 1518 1215 cf.
1538 1184 1653 1215 Herm.
1672 1202 1714 1207 —
1734 1185 1860 1216 Locum
1877 1181 2002 1218 οὕνεκα
2020 1195 2096 1217 cum
2114 1195 2191 1217 casu
2205 1185 2252 1218 di
2269 1190 2278 1225 ,ζ

1322 1232 1391 1263 fere
1410 1241 1509 1263 suum
1527 1234 1562 1262 et
1586 1232 1776 1271 legitimum
1794 1241 1873 1263 eum
1890 1232 1991 1264 habet
2003 1257 2011 1273 ,
2040 1236 2079 1264 ut
2095 1234 2224 1264 nomini
2250 1250 2254 1257 ι
2275 1272 2278 1274 Ὗ

1321 1283 1477 1319 ponatur.
1515 1278 1615 1310 Certe
1641 1280 1860 1319 praeponitur
1886 1280 1922 1310 in
1939 1279 1993 1311 his
2010 1281 2127 1320 paucis
2144 1287 2263 1312 exem

1322 1327 1374 1357 El.
1397 1322 1477 1357 983.
1498 1326 1559 1358 Ph.
1583 1322 1683 1357 1038.
1705 1330 1741 1357 et
1758 1327 1986 1367 interponitur
2000 1328 2190 1367 pronomini
2207 1328 2270 1359 et

1320 1374 1466 1404 stantivo
1484 1374 1537 1404 Ai.
1562 1370 1664 1404 1111.
1686 1390 1790 1404 —.—
1824 1373 1839 1415 ΙΙ
1871 1373 2065 1405 Coniunctio
2088 1379 2141 1406 est
2163 1372 2214 1408 ὅτι
2235 1398 2238 1401 -
2261 1406 2264 1407 ⁷

1320 1422 1423 1452 ficans
1435 1445 1443 1460 ,
1472 1430 1548 1451 cum
1574 1421 1614 1451 ad
1631 1430 1767 1451 causam
1783 1422 1830 1451 rei
1847 1420 1955 1461 factae
1969 1422 2064 1454 verbo
2080 1421 2224 1453 adhibito
2250 1416 2267 1434 ‘⁵

1320 1467 1484 1507 eandam,
1514 1470 1587 1498 tum
1613 1468 1654 1498 ad
1673 1469 1871 1499 sententiam
1887 1468 2001 1499 obiecti
2017 1469 2114 1499 modo
2131 1479 2151 1500 a
2167 1479 2188 1500 v
2230 1467 2267 1503 1¹,

1319 1515 1449 1555 yitandi
1465 1514 1626 1546 sentiendi
1643 1514 1772 1546 dicendi
1785 1514 1983 1555 pendentem
1996 1515 2216 1555 inferendam.
2253 1518 2270 1533 ’“

1318 1572 1391 1593 sam
1406 1562 1547 1593 indicat:
1595 1559 1694 1598 οὗτος
1725 1560 1762 1594 δέ
1795 1573 1853 1606 μοι
1887 1560 1985 1608 φίλος
2015 1560 2192 1608 μέγιστος,
2222 1573 2253 1596 ο”

1315 1605 1484 1654 Ἀτρείδας
1511 1611 1626 1655 στυγεῖ
1651 1609 1713 1640 Ph.
1734 1607 1814 1641 586.
1844 1603 1956 1656 οὕνεχ’
1973 1607 2057 1654 ἧμιν
2075 1608 2186 1647 α’ίσιος
2210 1627 2217 1637 ·
2262 1605 2266 1607 “

1320 1655 1505 1702 προσήκεις
1521 1660 1590 1689 τῶν
1608 1653 1805 1701 ἀδηλοῦμεν
1828 1655 1955 1702 φράσαι
1978 1657 2033 1689 OC
2051 1654 2108 1691 34.
2136 1655 2216 1691 ἀπε·
2234 1676 2240 1683 ·
2255 1694 2258 1696 .

1382 1698 1498 1749 οὕνεχ’
1527 1701 1594 1748 ἧκέ
1612 1714 1671 1748 μοι
1687 1701 1776 1748 γένει
1794 1701 1836 1736 τὰ
1855 1702 1956 1737 τοῦδε
1974 1702 2113 1738 πενθεῖν
2137 1703 2254 1750 πήμα

1318 1749 1477 1784 πλεῖστον
1503 1748 1639 1788 πόλεως
1669 1748 1748 1782 738.
1787 1748 2014 1796 ἐξελήλαμαι,
2042 1753 2115 1788 τοῖς
2134 1754 2207 1789 σοῖς
2229 1750 2263 1792 112³

1320 1796 1480 1831 ἐνθακεῖν
1514 1796 1651 1842 θρόνοις
1685 1796 1769 1844 γονῇ
1798 1797 1962 1844 πεφυκὼς
1994 1796 2111 1842 ἠξίουν
2140 1796 2252 1846 γεραί

1321 1842 1421 1877 1293.
1462 1838 1574 1877 οὕνεκ’
1602 1840 1796 1892 ἀργόμεσθ’
1829 1843 1869 1878 ἐκ
1897 1843 2123 1891 κρεισσόνων,
2152 1845 2210 1879 καὶ

1317 1890 1454 1925 ἀκούειν
1488 1890 1550 1934 (sc.
1579 1883 1670 1938 χρήζ
1703 1893 1790 1933 quod
1824 1893 1978 1924 liberiore
2002 1893 2146 1933 quodam
2176 1894 2257 1934 loq·

1318 1948 1440 1980 genere
1458 1949 1501 1970 ex
1520 1940 1594 1980 illo,
1617 1939 1706 1980 quod
1722 1941 1924 1980 praecessit,
1956 1937 2006 1972 ὅτι
2019 1938 2092 1987 ,χρή
2110 1943 2255 1982 repete

1318 1987 1475 2018 videtur:
1511 1987 1621 2027 placet
1649 1987 1836 2018 Hei-manni
1862 1987 1904 2018 de
1932 1987 2051 2019 lacuna
2066 1986 2228 2031 suspicio]
2253 2012 2256 2013 γ

1318 2031 1373 2065 63.
1394 2052 1441 2057 —-
1470 2033 1631 2071 Obiective
1649 2035 1790 2065 dicitur:
1820 2031 1892 2067 ἴσθι
1908 2035 2009 2068 τοῦτο
2027 2037 2163 2080 πρῶτον
2176 2059 2186 2075 ,
2204 2043 2225 2068 ο

1318 2126 1425 2165 ἁλίως
1443 2138 1569 2173 εχομεν
1587 2125 1692 2166 τόξων
1710 2125 1779 2159 839
1797 2138 1841 2159 m.
1864 2123 1943 2173 μάθ’
1965 2124 2073 2162 οὕνεκ’
2093 2126 2151 2162 ἐστ
2179 2137 2241 2162 σοι’

1316 2186 1403 2208 τειον
1433 2174 1530 2209 οὐδὲν
1563 2178 1729 2221 μαντικῆς
1758 2173 1839 2222 ἕχον
1868 2174 1993 2221 τέχνης
2009 2175 2068 2207 OR
2083 2173 2164 2208 708.
2244 2176 2249 2198 ἒ

1317 2217 1383 2268 γελ’
1468 2218 1576 2256 οὕνεκ’
1597 2220 1760 2259 Οἰδίπους
1784 2218 1905 2255 τοιαῦτ’
1927 2221 2039 2267 ἔνειμε
2064 2221 2160 2256 παισὶ
2176 2223 2252 2256 τοῖ-

1317 2271 1378 2303 τοῦ
1395 2268 1479 2315 γέρα
1495 2270 1550 2301 OC
1572 2267 1671 2301 1395.
1693 2265 1745 2314 ὄψ’
1769 2267 1985 2316 ἐκδιδαχθεὶς
2059 2267 2183 2303 οὔνεκα
2196 2267 2219 2303 ἅ
2234 2283 2251 2308 ·’,

1374 2314 1496 2362 ἔρξειεν
1514 2315 1595 2349 τάδε
1606 2317 1662 2349 Tr.
1676 2313 1756 2348 934.
1771 2315 1809 2349 ού
1827 2315 1891 2362 γὰρ
1909 2314 2064 2350 αἰσθάνει
2078 2315 2185 2350 πάλαι
2202 2315 2222 2356 ζ
2242 2319 2246 2328 ¹·

1320 2362 1481 2397 θανοῦσιν
1499 2360 1607 2397 οὕνεκ’
1629 2362 1798 2409 ἀνταυδᾷς
1815 2362 1895 2404 ἴσας
1926 2364 1978 2396 El.
2009 2361 2109 2396 1478.
2138 2365 2210 2396 Hac
2236 2378 2238 2381 ¹

1320 2415 1411 2442 ctum
1429 2409 1552 2444 οὕνεκα
1570 2412 1788 2443 distinctione
1803 2411 2025 2452 separandum
2043 2421 2062 2443 a
2079 2412 2179 2443 verbo
2193 2421 2221 2443 s

1320 2462 1355 2490 et
1372 2460 1605 2498 cogitationem
1623 2459 1794 2489 indicante
1813 2467 1878 2489 non
1899 2458 2049 2499 videtur,
2080 2459 2115 2490 id
2128 2459 2214 2500 quod
2253 2491 2255 2495 ,

1322 2506 1394 2536 fieri
1415 2506 1582 2537 videmus.

1392 2560 1574 2609 Ούνομα
1600 2575 1630 2595 v.
1660 2561 1780 2609 ὄνομα.
2054 2562 2103 2607 (ΙΙ
2121 2574 2154 2605 Ρ.
2182 2576 2187 2584 ¹
2227 2564 2247 2591 2'

1392 2620 1533 2668 Οὗπερ
1551 2621 1609 2666 (ef.
1632 2621 1688 2666 ὅς)
1703 2624 1760 2654 ubi
1779 2622 1919 2664 quidem.
1958 2624 2009 2654 De
2034 2624 2135 2654 locis:
2163 2623 2235 2658 ποῦ,
2253 2641 2255 2643 ·

1320 2681 1377 2707 τος
1404 2667 1426 2714 ἢ
1458 2672 1526 2703 ποῦ
1554 2668 1694 2706 στάντος
1724 2667 1828 2715 οὗπερ
1846 2668 1909 2703 οὐκ
1928 2668 1996 2715 ἐγώ
2014 2671 2067 2701 Αἰ.
2092 2666 2192 2702 1237.
2229 2672 2254 2696 ..2

1322 2711 1405 2761 μέν’,
1428 2715 1533 2762 οὗπερ
1550 2715 1664 2762 κάφάν
1694 2729 1709 2753 ς
1727 2718 1781 2748 OC
1800 2715 1855 2749 77.
1894 2718 1922 2748 A
1941 2718 2020 2748 locis
2038 2718 2156 2748 tralata.
2173 2724 2252 2762 sunl·

1321 2762 1427 2809 οὖπέρ
1453 2762 1517 2796 εἰσι
1542 2764 1597 2796 OC
1623 2761 1666 2795 33
1695 2790 1701 2795 .
1732 2774 1817 2804 quae
1844 2765 1985 2796 formula
2010 2768 2063 2795 est
2080 2773 2149 2795 rem
2166 2762 2250 2810 inst)

1321 2812 1454 2842 silentio
1471 2811 1669 2843 transeundi
1696 2812 1747 2842 vel
1765 2811 1986 2852 abrumpendi
2004 2812 2178 2842 sermonis.
2230 2842 2235 2845 ,

1320 2858 1361 2888 lis
1380 2859 1430 2889 illi
1446 2855 1514 2889 273
1535 2857 1660 2903 ἱκόμην
1677 2855 1718 2891 ἵν’
1746 2856 1903 2903 ἱκόμην.]
1935 2858 1964 2891 ὦ
1982 2855 2120 2904 φίλτατε
2132 2883 2140 2897 ,
2169 2863 2250 2903 σχῑῑ

1320 2916 1383 2950 περ
1401 2902 1431 2937 εἶ
1461 2901 1562 2937 1169.
1607 2906 1695 2945 quod
1723 2907 1868 2944 rogantis
1887 2909 1958 2945 est,
1992 2915 2035 2936 ne
2061 2905 2149 2936 ultra
2173 2903 2273 2944 loq'

1390 3007 1558 3045 Οὔποτε
1590 3020 1772 3050 nunquam.
1808 3019 1909 3051 supra
1932 3021 1963 3041 v.
1993 3014 2171 3042 tractatum
2195 3011 2238 3040 et.-

1319 3054 1358 3090 ού
1375 3068 1458 3090 ποτε
1475 3058 1693 3097 compositum
1711 3067 1737 3088 s.
1759 3053 1799 3089 οὔ
1818 3067 1850 3097 Ρ.
1872 3055 1951 3089 515.
2239 3062 2246 3067 ”

1389 3112 1527 3150 otum».
1550 3116 1564 3157 ΙΙ
1582 3116 1716 3155 Proprie
1732 3115 1881 3147 nondum
1906 3116 2085 3154 significat.
2115 3113 2152 3148 ὃν
2174 3112 2242 3147 λεί·Υ

1318 3159 1395 3219 περὶ
1413 3164 1480 3195 πᾶν
1499 3160 1598 3196 οὔπω
1617 3160 1763 3206 δύναμαι
1779 3160 1922 3206 τέμενος
1939 3166 2064 3208 γνῶναι
2085 3163 2152 3194 ποῦ
2169 3157 2231 3206 μοί
2255 3196 2257 3199 ,

1317 3219 1401 3241 ναιει
1426 3209 1480 3241 OC
1500 3206 1566 3240 135
1589 3219 1642 3241 an.
1688 3207 1722 3241 ἓν
1741 3204 1787 3248 δ’,
1817 3206 1890 3242 οἷον
1909 3207 2006 3242 ούπω
2022 3205 2190 3254 πρόσθεν,
2223 3224 2227 3232 ⁵
2248 3207 2255 3217 ⁵

1319 3253 1371 3294 ἐξε
1395 3259 1423 3288 ῶ
1443 3257 1498 3287 Tr.
1521 3253 1597 3287 154.
1635 3254 1719 3301 ἁμοὶ
1737 3254 1886 3301 πρόσθεν
1905 3254 1969 3288 οὐκ
1987 3253 2069 3301 ἔτλη
2088 3252 2184 3288 οὔπω

1320 3266 1396 3335 15¹5.
1429 3300 1552 3336 κοῦπω
1574 3314 1624 3339 τις
1656 3301 1758 3348 λόγον
1792 3301 1899 3335 κακὸν
1933 3301 2102 3349 ἠνέγκατο
2133 3298 2212 3333 461.
2234 3306 2253 3342 ‚7

1317 3347 1485 3394 ἀναρσίων
1511 3347 1608 3383 οὔπω
1698 3347 1864 3394 ἐπέμολεν
1883 3346 1995 3386 πάθος
2022 3346 2167 3382 οἰκτίσαι
2188 3348 2220 3376 2·
2247 3378 2249 3380 ,

1318 3396 1521 3428 Scholiastae
1547 3395 1625 3443 οὐχί
1655 3401 1686 3428 et
1714 3394 1877 3429 οὐδέποτε
1902 3397 2090 3437 explicant,
2124 3394 2209 3426 illud
2243 3397 2252 3428 .’
