<?xml version="1.0" encoding="UTF-8"?>
<!DOCTYPE html PUBLIC "-//W3C//DTD XHTML 1.0 Transitional//EN"
    "http://www.w3.org/TR/xhtml1/DTD/xhtml1-transitional.dtd">
<html xmlns="http://www.w3.org/1999/xhtml" xml:lang="en" lang="en">
 <head>
  <title>
</title>
<meta http-equiv="Content-Type" content="text/html;charset=utf-8" />
  <meta name='ocr-system' content='tesseract 3.04.00' />
  <meta name='ocr-capabilities' content='ocr_page ocr_carea ocr_par ocr_line ocrx_word'/>
</head>
<body>
  <div class='ocr_page' id='page_1' title='image "./lexiconsophocleu00elleuoft_1364.png"; bbox 0 0 2288 3600; ppageno 0'>
   <div class='ocr_carea' id='block_1_1' title="bbox 192 155 289 203">
    <p class='ocr_par' dir='ltr' id='par_1_1' title="bbox 192 155 289 203">
     <span class='ocr_line' id='line_1_1' title="bbox 192 155 289 203; baseline -0.021 0"><span class='ocrx_word' id='word_1_1' title='bbox 192 155 289 203; x_wconf 83' lang='grc'><em>664</em></span> 
     </span>
    </p>
   </div>
   <div class='ocr_carea' id='block_1_2' title="bbox 191 261 1206 655">
    <p class='ocr_par' dir='ltr' id='par_1_2' title="bbox 191 261 1204 411">
     <span class='ocr_line' id='line_1_2' title="bbox 262 261 1204 315; baseline -0.006 -11"><span class='ocrx_word' id='word_1_2' title='bbox 262 268 478 315; x_wconf 86' lang='grc' dir='ltr'>Πρόσειμι</span> <span class='ocrx_word' id='word_1_3' title='bbox 496 267 623 300; x_wconf 79' lang='lat' dir='ltr'><em>accedo.</em></span> <span class='ocrx_word' id='word_1_4' title='bbox 654 265 740 301; x_wconf 85' lang='grc' dir='ltr'>ἔνθα</span> <span class='ocrx_word' id='word_1_5' title='bbox 765 265 814 312; x_wconf 89' lang='grc' dir='ltr'>μή</span> <span class='ocrx_word' id='word_1_6' title='bbox 832 261 906 300; x_wconf 80' lang='grc' dir='ltr'>ποτ’</span> <span class='ocrx_word' id='word_1_7' title='bbox 931 265 981 304; x_wconf 84' lang='grc' dir='ltr'><em>εἰς</em></span> <span class='ocrx_word' id='word_1_8' title='bbox 1006 263 1108 310; x_wconf 82' lang='grc' dir='ltr'>εὐνὴν</span> <span class='ocrx_word' id='word_1_9' title='bbox 1135 275 1204 298; x_wconf 89' lang='grc' dir='ltr'><em>πα-</em></span> 
     </span>
     <span class='ocr_line' id='line_1_3' title="bbox 191 310 1200 364; baseline -0.007 -13"><span class='ocrx_word' id='word_1_10' title='bbox 191 317 270 364; x_wconf 86' lang='grc' dir='ltr'>τρὸς</span> <span class='ocrx_word' id='word_1_11' title='bbox 293 315 423 351; x_wconf 85' lang='grc' dir='ltr'>τούτων</span> <span class='ocrx_word' id='word_1_12' title='bbox 450 313 600 361; x_wconf 87' lang='grc' dir='ltr'>πρόσεισι</span> <span class='ocrx_word' id='word_1_13' title='bbox 631 313 739 359; x_wconf 87' lang='grc' dir='ltr'>μηδέν</span> <span class='ocrx_word' id='word_1_14' title='bbox 770 315 821 347; x_wconf 82' lang='grc' dir='ltr'><em>ΕΙ.</em></span> <span class='ocrx_word' id='word_1_15' title='bbox 843 311 923 346; x_wconf 97' lang='lat'>437.</span> <span class='ocrx_word' id='word_1_16' title='bbox 961 310 1127 359; x_wconf 82' lang='grc' dir='ltr'>προσόδια</span> <span class='ocrx_word' id='word_1_17' title='bbox 1147 337 1154 344; x_wconf 94' lang='grc'><em>.</em></span> <span class='ocrx_word' id='word_1_18' title='bbox 1168 337 1175 344; x_wconf 98' lang='grc'><em>.</em></span> <span class='ocrx_word' id='word_1_19' title='bbox 1192 338 1200 344; x_wconf 91' lang='grc'><em>.</em></span> 
     </span>
     <span class='ocr_line' id='line_1_4' title="bbox 193 359 825 411; baseline -0.008 -13"><span class='ocrx_word' id='word_1_20' title='bbox 193 363 367 411; x_wconf 83' lang='grc' dir='ltr'>προσιέναι</span> <span class='ocrx_word' id='word_1_21' title='bbox 384 362 513 398; x_wconf 88' lang='grc' dir='ltr'>θεοῖσιν</span> <span class='ocrx_word' id='word_1_22' title='bbox 531 363 602 395; x_wconf 87' lang='lat' dir='ltr'><em>Pel.</em></span> <span class='ocrx_word' id='word_1_23' title='bbox 625 363 668 394; x_wconf 84' lang='lat' dir='ltr'><em>fr.</em></span> <span class='ocrx_word' id='word_1_24' title='bbox 689 359 769 403; x_wconf 89' lang='lat'>435,</span> <span class='ocrx_word' id='word_1_25' title='bbox 792 359 825 394; x_wconf 87' lang='lat'><em>4.</em></span> 
     </span>
    </p>

    <p class='ocr_par' dir='ltr' id='par_1_3' title="bbox 193 414 1206 655">
     <span class='ocr_line' id='line_1_5' title="bbox 264 414 1204 469; baseline -0.006 -12"><span class='ocrx_word' id='word_1_26' title='bbox 264 421 532 469; x_wconf 86' lang='grc' dir='ltr'>Προσειπεῖν</span> <span class='ocrx_word' id='word_1_27' title='bbox 558 422 694 462; x_wconf 75' lang='lat' dir='ltr'><em>alloqui.</em></span> <span class='ocrx_word' id='word_1_28' title='bbox 730 422 832 454; x_wconf 89' lang='grc' dir='ltr'>τοῦτο</span> <span class='ocrx_word' id='word_1_29' title='bbox 853 418 916 465; x_wconf 89' lang='grc' dir='ltr'><em>γάρ</em></span> <span class='ocrx_word' id='word_1_30' title='bbox 944 414 971 452; x_wconf 77' lang='grc' dir='ltr'><em>σ’</em></span> <span class='ocrx_word' id='word_1_31' title='bbox 997 418 1070 467; x_wconf 82' lang='grc' dir='ltr'><em>ἔχω</em></span> <span class='ocrx_word' id='word_1_32' title='bbox 1101 417 1204 463; x_wconf 88' lang='grc' dir='ltr'>μόνον</span> 
     </span>
     <span class='ocr_line' id='line_1_6' title="bbox 194 465 1201 551; baseline -0.007 0"><span class='ocrx_word' id='word_1_33' title='bbox 194 471 472 551; x_wconf 43' lang='grc' dir='ltr'>πὲἷὲσειτῑεῖῖεοέ</span> <span class='ocrx_word' id='word_1_34' title='bbox 491 465 592 549; x_wconf 56' lang='grc' dir='ltr'><em>ἓτῗῖῗ·</em></span> <span class='ocrx_word' id='word_1_35' title='bbox 603 466 782 549; x_wconf 60' lang='grc' dir='ltr'>πδῖἓεῖζῖὲι</span> <span class='ocrx_word' id='word_1_36' title='bbox 797 470 1004 549; x_wconf 39' lang='lat' dir='ltr'><em>{iiiiii}</em></span> <span class='ocrx_word' id='word_1_37' title='bbox 1020 465 1128 546; x_wconf 41' lang='grc' dir='ltr'><em>’1ίὲἶῖ</em></span> <span class='ocrx_word' id='word_1_38' title='bbox 1147 467 1201 545; x_wconf 57' lang='grc' dir='ltr'><em>ἓξ·</em></span> 
     </span>
     <span class='ocr_line' id='line_1_7' title="bbox 193 517 1204 606; baseline -0.005 -8"><span class='ocrx_word' id='word_1_39' title='bbox 193 517 235 598; x_wconf 55' lang='lat' dir='ltr'><em>{e</em></span> <span class='ocrx_word' id='word_1_40' title='bbox 252 528 544 597; x_wconf 52' lang='lat' dir='ltr'><em>c‘offg‘fiu‘tgnt‘ibus</em></span> <span class='ocrx_word' id='word_1_41' title='bbox 563 526 707 604; x_wconf 58' lang='lat' dir='ltr'><em>{atrpiam</em></span> <span class='ocrx_word' id='word_1_42' title='bbox 724 527 914 594; x_wconf 48' lang='lat' dir='ltr'><em>redffcibus.</em></span> <span class='ocrx_word' id='word_1_43' title='bbox 945 563 998 593; x_wconf 86' lang='lat' dir='ltr'><em>De</em></span> <span class='ocrx_word' id='word_1_44' title='bbox 1006 526 1204 606; x_wconf 73' lang='grc' dir='ltr'><em>ςπροσεῖπας</em></span> 
     </span>
     <span class='ocr_line' id='line_1_8' title="bbox 194 605 1206 655; baseline -0.007 -9"><span class='ocrx_word' id='word_1_45' title='bbox 194 614 251 646; x_wconf 88' lang='lat' dir='ltr'><em>OR</em></span> <span class='ocrx_word' id='word_1_46' title='bbox 268 609 348 644; x_wconf 96' lang='lat'>351.</span> <span class='ocrx_word' id='word_1_47' title='bbox 370 623 400 643; x_wconf 94' lang='lat' dir='ltr'><em>V.</em></span> <span class='ocrx_word' id='word_1_48' title='bbox 423 612 612 655; x_wconf 80' lang='grc' dir='ltr'>προειπεῖν.</span> <span class='ocrx_word' id='word_1_49' title='bbox 904 607 953 652; x_wconf 85' lang='lat'><em>(11</em></span> <span class='ocrx_word' id='word_1_50' title='bbox 971 619 1005 650; x_wconf 84' lang='lat' dir='ltr'><em>p.</em></span> <span class='ocrx_word' id='word_1_51' title='bbox 1027 606 1107 649; x_wconf 85' lang='lat'>658,</span> <span class='ocrx_word' id='word_1_52' title='bbox 1132 605 1206 651; x_wconf 98' lang='grc'>17.)</span> 
     </span>
    </p>
   </div>
   <div class='ocr_carea' id='block_1_3' title="bbox 195 665 1207 1013">
    <p class='ocr_par' dir='ltr' id='par_1_4' title="bbox 195 665 1207 905">
     <span class='ocr_line' id='line_1_9' title="bbox 267 665 1207 717; baseline -0.005 -12"><span class='ocrx_word' id='word_1_53' title='bbox 267 668 295 705; x_wconf 88' lang='lat' dir='ltr'><em>[l</em></span> <span class='ocrx_word' id='word_1_54' title='bbox 308 682 353 717; x_wconf 93' lang='grc' dir='ltr'><em>ρο</em></span> <span class='ocrx_word' id='word_1_55' title='bbox 365 666 586 714; x_wconf 89' lang='grc' dir='ltr'>σεμβαίνω</span> <span class='ocrx_word' id='word_1_56' title='bbox 621 669 756 700; x_wconf 79' lang='lat' dir='ltr'><em>insulto.</em></span> <span class='ocrx_word' id='word_1_57' title='bbox 807 666 846 701; x_wconf 79' lang='grc' dir='ltr'><em>οὐ</em></span> <span class='ocrx_word' id='word_1_58' title='bbox 879 666 942 714; x_wconf 87' lang='grc' dir='ltr'><em>γὰρ</em></span> <span class='ocrx_word' id='word_1_59' title='bbox 976 665 1115 701; x_wconf 90' lang='grc' dir='ltr'>θανόντι</span> <span class='ocrx_word' id='word_1_60' title='bbox 1147 665 1207 700; x_wconf 87' lang='grc' dir='ltr'><em>καὶ</em></span> 
     </span>
     <span class='ocr_line' id='line_1_10' title="bbox 195 711 1202 764; baseline -0.006 -12"><span class='ocrx_word' id='word_1_61' title='bbox 195 714 431 764; x_wconf 83' lang='grc' dir='ltr'>προσεμβῆναί</span> <span class='ocrx_word' id='word_1_62' title='bbox 449 727 485 749; x_wconf 93' lang='grc' dir='ltr'><em>σε</em></span> <span class='ocrx_word' id='word_1_63' title='bbox 500 714 592 762; x_wconf 70' lang='grc' dir='ltr'>χρή,</span> <span class='ocrx_word' id='word_1_64' title='bbox 627 716 682 747; x_wconf 91' lang='lat' dir='ltr'><em>Ai.</em></span> <span class='ocrx_word' id='word_1_65' title='bbox 707 712 808 747; x_wconf 83' lang='lat'>1348.</span> <span class='ocrx_word' id='word_1_66' title='bbox 845 716 945 747; x_wconf 86' lang='lat' dir='ltr'><em>Eust.</em></span> <span class='ocrx_word' id='word_1_67' title='bbox 966 725 999 756; x_wconf 90' lang='lat' dir='ltr'><em>p.</em></span> <span class='ocrx_word' id='word_1_68' title='bbox 1023 712 1123 756; x_wconf 85' lang='lat'>1047,</span> <span class='ocrx_word' id='word_1_69' title='bbox 1145 711 1202 745; x_wconf 90' lang='lat'><em>29.</em></span> 
     </span>
     <span class='ocr_line' id='line_1_11' title="bbox 197 761 1206 812; baseline -0.006 -13"><span class='ocrx_word' id='word_1_70' title='bbox 197 761 500 812; x_wconf 87' lang='grc' dir='ltr'>προσεπεμβαὶνειν</span> <span class='ocrx_word' id='word_1_71' title='bbox 519 764 627 804; x_wconf 85' lang='lat' dir='ltr'><em>affert,</em></span> <span class='ocrx_word' id='word_1_72' title='bbox 657 773 757 794; x_wconf 88' lang='lat' dir='ltr'><em>Versu</em></span> <span class='ocrx_word' id='word_1_73' title='bbox 775 766 956 804; x_wconf 86' lang='lat' dir='ltr'><em>anapaesto</em></span> <span class='ocrx_word' id='word_1_74' title='bbox 975 763 1103 794; x_wconf 87' lang='lat' dir='ltr'><em>vitiato.</em></span> <span class='ocrx_word' id='word_1_75' title='bbox 1140 763 1206 793; x_wconf 92' lang='lat' dir='ltr'><em>Eo-</em></span> 
     </span>
     <span class='ocr_line' id='line_1_12' title="bbox 196 810 1207 855; baseline -0.003 -11"><span class='ocrx_word' id='word_1_76' title='bbox 196 814 271 845; x_wconf 89' lang='lat' dir='ltr'><em>dem</em></span> <span class='ocrx_word' id='word_1_77' title='bbox 299 816 448 853; x_wconf 81' lang='lat' dir='ltr'><em>spectare</em></span> <span class='ocrx_word' id='word_1_78' title='bbox 466 811 602 842; x_wconf 87' lang='lat' dir='ltr'><em>Videtur</em></span> <span class='ocrx_word' id='word_1_79' title='bbox 626 810 788 850; x_wconf 88' lang='lat' dir='ltr'><em>Hesychii</em></span> <span class='ocrx_word' id='word_1_80' title='bbox 814 811 922 850; x_wconf 82' lang='lat' dir='ltr'>glossa</span> <span class='ocrx_word' id='word_1_81' title='bbox 950 820 1115 855; x_wconf 89' lang='grc' dir='ltr'>προσεπ</span> <span class='ocrx_word' id='word_1_82' title='bbox 1127 820 1142 841; x_wconf 91' lang='grc' dir='ltr'><em>ε</em></span> <span class='ocrx_word' id='word_1_83' title='bbox 1155 820 1207 853; x_wconf 86' lang='grc' dir='ltr'><em>μ-</em></span> 
     </span>
     <span class='ocr_line' id='line_1_13' title="bbox 198 854 992 905; baseline -0.005 -12"><span class='ocrx_word' id='word_1_84' title='bbox 198 858 357 905; x_wconf 89' lang='grc' dir='ltr'>βαίνει,</span> <span class='ocrx_word' id='word_1_85' title='bbox 387 856 563 903; x_wconf 76' lang='grc' dir='ltr'>ἐπιβαίνει,</span> <span class='ocrx_word' id='word_1_86' title='bbox 593 854 810 898; x_wconf 77' lang='grc' dir='ltr'>ἐπιτωθάζει,</span> <span class='ocrx_word' id='word_1_87' title='bbox 840 855 992 903; x_wconf 82' lang='grc' dir='ltr'>ἐπιγελᾷ.</span> 
     </span>
    </p>

    <p class='ocr_par' dir='ltr' id='par_1_5' title="bbox 198 908 1207 1013">
     <span class='ocr_line' id='line_1_14' title="bbox 267 908 1207 965; baseline -0.005 -13"><span class='ocrx_word' id='word_1_88' title='bbox 267 915 555 965; x_wconf 87' lang='grc' dir='ltr'>Προσεννέπω</span> <span class='ocrx_word' id='word_1_89' title='bbox 583 917 744 957; x_wconf 82' lang='lat' dir='ltr'><em>alloquor.</em></span> <span class='ocrx_word' id='word_1_90' title='bbox 783 914 840 949; x_wconf 89' lang='grc' dir='ltr'><em>τὸν</em></span> <span class='ocrx_word' id='word_1_91' title='bbox 875 913 1056 963; x_wconf 84' lang='grc' dir='ltr'>διφρευτὴν</span> <span class='ocrx_word' id='word_1_92' title='bbox 1084 908 1207 948; x_wconf 63' lang='grc' dir='ltr'>“Ἠλιον</span> 
     </span>
     <span class='ocr_line' id='line_1_15' title="bbox 198 960 885 1013; baseline -0.004 -14"><span class='ocrx_word' id='word_1_93' title='bbox 198 962 415 1013; x_wconf 80' lang='grc' dir='ltr'>προσεννέπω</span> <span class='ocrx_word' id='word_1_94' title='bbox 433 961 644 997; x_wconf 90' lang='grc' dir='ltr'>πανύστατον</span> <span class='ocrx_word' id='word_1_95' title='bbox 663 961 706 1009; x_wconf 88' lang='grc' dir='ltr'>δή</span> <span class='ocrx_word' id='word_1_96' title='bbox 728 964 783 996; x_wconf 89' lang='lat' dir='ltr'><em>Ai.</em></span> <span class='ocrx_word' id='word_1_97' title='bbox 804 960 885 996; x_wconf 85' lang='lat'>857.</span> 
     </span>
    </p>
   </div>
   <div class='ocr_carea' id='block_1_4' title="bbox 196 1020 1211 1259">
    <p class='ocr_par' dir='ltr' id='par_1_6' title="bbox 196 1020 1211 1259">
     <span class='ocr_line' id='line_1_16' title="bbox 269 1020 1209 1068; baseline -0.004 -11"><span class='ocrx_word' id='word_1_98' title='bbox 269 1021 299 1058; x_wconf 91' lang='grc' dir='ltr'>Π</span> <span class='ocrx_word' id='word_1_99' title='bbox 309 1034 326 1068; x_wconf 86' lang='grc' dir='ltr'>ρ</span> <span class='ocrx_word' id='word_1_100' title='bbox 339 1035 356 1057; x_wconf 93' lang='lat'>0</span> <span class='ocrx_word' id='word_1_101' title='bbox 366 1020 440 1056; x_wconf 87' lang='grc' dir='ltr'><em>σέο</em></span> <span class='ocrx_word' id='word_1_102' title='bbox 453 1033 492 1055; x_wconf 91' lang='grc' dir='ltr'><em>ικ</em></span> <span class='ocrx_word' id='word_1_103' title='bbox 502 1034 523 1055; x_wconf 92' lang='grc' dir='ltr'><em>α</em></span> <span class='ocrx_word' id='word_1_104' title='bbox 554 1022 776 1063; x_wconf 84' lang='lat' dir='ltr'><em>Participium</em></span> <span class='ocrx_word' id='word_1_105' title='bbox 794 1023 1019 1054; x_wconf 77' lang='lat' dir='ltr'><em>convenientis</em></span> <span class='ocrx_word' id='word_1_106' title='bbox 1037 1023 1083 1053; x_wconf 90' lang='lat' dir='ltr'><em>rei</em></span> <span class='ocrx_word' id='word_1_107' title='bbox 1100 1025 1135 1053; x_wconf 91' lang='lat' dir='ltr'><em>et</em></span> <span class='ocrx_word' id='word_1_108' title='bbox 1152 1021 1209 1053; x_wconf 90' lang='lat' dir='ltr'><em>de-</em></span> 
     </span>
     <span class='ocr_line' id='line_1_17' title="bbox 198 1067 1211 1114; baseline -0.003 -10"><span class='ocrx_word' id='word_1_109' title='bbox 198 1082 293 1104; x_wconf 82' lang='lat' dir='ltr'><em>corae</em></span> <span class='ocrx_word' id='word_1_110' title='bbox 310 1071 553 1110; x_wconf 79' lang='lat' dir='ltr'><em>significatione</em></span> <span class='ocrx_word' id='word_1_111' title='bbox 571 1070 677 1101; x_wconf 88' lang='lat' dir='ltr'><em>solum</em></span> <span class='ocrx_word' id='word_1_112' title='bbox 697 1069 826 1101; x_wconf 83' lang='lat' dir='ltr'><em>dictum</em></span> <span class='ocrx_word' id='word_1_113' title='bbox 843 1073 907 1101; x_wconf 86' lang='lat' dir='ltr'><em>est.</em></span> <span class='ocrx_word' id='word_1_114' title='bbox 937 1067 1015 1102; x_wconf 81' lang='grc' dir='ltr'>ὅταν</span> <span class='ocrx_word' id='word_1_115' title='bbox 1029 1080 1128 1106; x_wconf 83' lang='grc' dir='ltr'>...τις</span> <span class='ocrx_word' id='word_1_116' title='bbox 1147 1067 1211 1114; x_wconf 83' lang='grc' dir='ltr'>δρᾷ</span> 
     </span>
     <span class='ocr_line' id='line_1_18' title="bbox 196 1113 1210 1164; baseline -0.004 -12"><span class='ocrx_word' id='word_1_117' title='bbox 196 1117 241 1152; x_wconf 86' lang='grc' dir='ltr'><em>τὰ</em></span> <span class='ocrx_word' id='word_1_118' title='bbox 265 1117 314 1163; x_wconf 80' lang='grc' dir='ltr'><em>μὴ</em></span> <span class='ocrx_word' id='word_1_119' title='bbox 333 1115 537 1164; x_wconf 72' lang='grc' dir='ltr'>προσεικότα</span> <span class='ocrx_word' id='word_1_120' title='bbox 554 1117 615 1149; x_wconf 84' lang='grc' dir='ltr'>ΡΙι.</span> <span class='ocrx_word' id='word_1_121' title='bbox 636 1113 715 1149; x_wconf 87' lang='grc'>903.</span> <span class='ocrx_word' id='word_1_122' title='bbox 746 1114 916 1150; x_wconf 86' lang='grc' dir='ltr'>ὁθούνεκα</span> <span class='ocrx_word' id='word_1_123' title='bbox 933 1114 1044 1161; x_wconf 80' lang='grc' dir='ltr'>ἔξωρα</span> <span class='ocrx_word' id='word_1_124' title='bbox 1067 1114 1210 1161; x_wconf 86' lang='grc' dir='ltr'>πράσσω</span> 
     </span>
     <span class='ocr_line' id='line_1_19' title="bbox 198 1160 1208 1211; baseline -0.003 -11"><span class='ocrx_word' id='word_1_125' title='bbox 198 1164 286 1200; x_wconf 86' lang='grc' dir='ltr'><em>κούκ</em></span> <span class='ocrx_word' id='word_1_126' title='bbox 311 1164 390 1210; x_wconf 81' lang='grc' dir='ltr'>ἐμοὶ</span> <span class='ocrx_word' id='word_1_127' title='bbox 412 1161 618 1211; x_wconf 71' lang='grc' dir='ltr'>προσεικότα</span> <span class='ocrx_word' id='word_1_128' title='bbox 650 1164 703 1196; x_wconf 85' lang='grc' dir='ltr'><em>ΕΙ.</em></span> <span class='ocrx_word' id='word_1_129' title='bbox 726 1160 806 1196; x_wconf 92' lang='grc'>618.</span> <span class='ocrx_word' id='word_1_130' title='bbox 840 1174 950 1204; x_wconf 84' lang='lat' dir='ltr'><em>apogr.</em></span> <span class='ocrx_word' id='word_1_131' title='bbox 977 1161 1208 1210; x_wconf 83' lang='grc' dir='ltr'>προσήκοντα,</span> 
     </span>
     <span class='ocr_line' id='line_1_20' title="bbox 200 1207 1207 1259; baseline -0.004 -13"><span class='ocrx_word' id='word_1_132' title='bbox 200 1214 259 1246; x_wconf 88' lang='lat' dir='ltr'><em>LA</em></span> <span class='ocrx_word' id='word_1_133' title='bbox 275 1211 487 1259; x_wconf 85' lang='grc' dir='ltr'>προσηκότα,</span> <span class='ocrx_word' id='word_1_134' title='bbox 507 1215 546 1243; x_wconf 86' lang='grc' dir='ltr'><em>ιιι</em></span> <span class='ocrx_word' id='word_1_135' title='bbox 559 1212 646 1245; x_wconf 91' lang='lat' dir='ltr'><em>Flor.</em></span> <span class='ocrx_word' id='word_1_136' title='bbox 665 1207 703 1252; x_wconf 93' lang='grc' dir='ltr'><em>Γ,</em></span> <span class='ocrx_word' id='word_1_137' title='bbox 717 1215 758 1243; x_wconf 82' lang='grc' dir='ltr'><em>ιιι</em></span> <span class='ocrx_word' id='word_1_138' title='bbox 773 1213 848 1243; x_wconf 82' lang='lat' dir='ltr'><em>fons</em></span> <span class='ocrx_word' id='word_1_139' title='bbox 862 1212 1069 1253; x_wconf 80' lang='lat' dir='ltr'><em>corruptelae</em></span> <span class='ocrx_word' id='word_1_140' title='bbox 1083 1215 1207 1252; x_wconf 87' lang='lat' dir='ltr'><em>pateat.</em></span> 
     </span>
    </p>
   </div>
   <div class='ocr_carea' id='block_1_5' title="bbox 195 1280 1213 1660">
    <p class='ocr_par' dir='ltr' id='par_1_7' title="bbox 195 1280 1213 1660">
     <span class='ocr_line' id='line_1_21' title="bbox 265 1280 1211 1329; baseline -0.004 -12"><span class='ocrx_word' id='word_1_141' title='bbox 265 1280 511 1329; x_wconf 65' lang='grc' dir='ltr'><em>4Προσέρπω</em></span> <span class='ocrx_word' id='word_1_142' title='bbox 536 1282 717 1322; x_wconf 85' lang='lat' dir='ltr'><em>adrependi</em></span> <span class='ocrx_word' id='word_1_143' title='bbox 739 1283 793 1314; x_wconf 84' lang='lat' dir='ltr'><em>vel</em></span> <span class='ocrx_word' id='word_1_144' title='bbox 818 1282 1014 1322; x_wconf 81' lang='lat' dir='ltr'><em>subrependi</em></span> <span class='ocrx_word' id='word_1_145' title='bbox 1040 1282 1211 1321; x_wconf 82' lang='lat' dir='ltr'><em>significa—</em></span> 
     </span>
     <span class='ocr_line' id='line_1_22' title="bbox 198 1328 1207 1372; baseline -0.003 -9"><span class='ocrx_word' id='word_1_146' title='bbox 198 1331 289 1363; x_wconf 85' lang='lat' dir='ltr'><strong>tione</strong></span> <span class='ocrx_word' id='word_1_147' title='bbox 305 1331 439 1372; x_wconf 87' lang='lat' dir='ltr'>proprie</span> <span class='ocrx_word' id='word_1_148' title='bbox 456 1339 523 1361; x_wconf 80' lang='lat' dir='ltr'><em>non</em></span> <span class='ocrx_word' id='word_1_149' title='bbox 541 1330 686 1370; x_wconf 83' lang='lat' dir='ltr'><em>dicitur,</em></span> <span class='ocrx_word' id='word_1_150' title='bbox 719 1340 834 1361; x_wconf 82' lang='lat' dir='ltr'><em>verum</em></span> <span class='ocrx_word' id='word_1_151' title='bbox 861 1330 981 1361; x_wconf 86' lang='lat' dir='ltr'><em>tralate</em></span> <span class='ocrx_word' id='word_1_152' title='bbox 1008 1330 1049 1361; x_wconf 90' lang='lat' dir='ltr'><em>de</em></span> <span class='ocrx_word' id='word_1_153' title='bbox 1067 1328 1207 1361; x_wconf 75' lang='lat' dir='ltr'><em>insidiis.</em></span> 
     </span>
     <span class='ocr_line' id='line_1_23' title="bbox 197 1373 1213 1424; baseline -0.004 -13"><span class='ocrx_word' id='word_1_154' title='bbox 197 1375 340 1424; x_wconf 74' lang='grc' dir='ltr'>τοῦργον</span> <span class='ocrx_word' id='word_1_155' title='bbox 366 1374 459 1422; x_wconf 90' lang='grc' dir='ltr'>δόλῳ</span> <span class='ocrx_word' id='word_1_156' title='bbox 485 1374 677 1423; x_wconf 78' lang='grc' dir='ltr'>προσέρπον</span> <span class='ocrx_word' id='word_1_157' title='bbox 695 1377 752 1408; x_wconf 86' lang='lat' dir='ltr'><em>OR</em></span> <span class='ocrx_word' id='word_1_158' title='bbox 770 1373 848 1409; x_wconf 89' lang='lat'>539.</span> <span class='ocrx_word' id='word_1_159' title='bbox 871 1394 912 1400; x_wconf 94' lang='lat'><em>-</em></span> <span class='ocrx_word' id='word_1_160' title='bbox 932 1376 1084 1408; x_wconf 80' lang='lat' dir='ltr'><em>accedere</em></span> <span class='ocrx_word' id='word_1_161' title='bbox 1102 1377 1213 1416; x_wconf 88' lang='lat' dir='ltr'><em>signi-</em></span> 
     </span>
     <span class='ocr_line' id='line_1_24' title="bbox 199 1420 1213 1470; baseline -0.001 -14"><span class='ocrx_word' id='word_1_162' title='bbox 199 1427 278 1457; x_wconf 86' lang='lat' dir='ltr'><em>ficat</em></span> <span class='ocrx_word' id='word_1_163' title='bbox 307 1422 439 1470; x_wconf 84' lang='grc' dir='ltr'>τύμβου</span> <span class='ocrx_word' id='word_1_164' title='bbox 474 1427 682 1470; x_wconf 82' lang='grc' dir='ltr'>προσεῖρπον</span> <span class='ocrx_word' id='word_1_165' title='bbox 716 1421 819 1457; x_wconf 86' lang='grc' dir='ltr'>ἆσσον</span> <span class='ocrx_word' id='word_1_166' title='bbox 853 1425 906 1456; x_wconf 92' lang='grc' dir='ltr'><em>ΕΙ.</em></span> <span class='ocrx_word' id='word_1_167' title='bbox 926 1420 1005 1456; x_wconf 92' lang='lat'>900.</span> <span class='ocrx_word' id='word_1_168' title='bbox 1042 1425 1095 1456; x_wconf 89' lang='lat' dir='ltr'><em>De</em></span> <span class='ocrx_word' id='word_1_169' title='bbox 1118 1423 1213 1455; x_wconf 72' lang='lat' dir='ltr'><em>rebus</em></span> 
     </span>
     <span class='ocr_line' id='line_1_25' title="bbox 198 1468 1213 1518; baseline -0.001 -15"><span class='ocrx_word' id='word_1_170' title='bbox 198 1474 339 1515; x_wconf 81' lang='lat' dir='ltr'><em>futuris:</em></span> <span class='ocrx_word' id='word_1_171' title='bbox 384 1469 559 1517; x_wconf 85' lang='grc' dir='ltr'>φοβοῦμαι</span> <span class='ocrx_word' id='word_1_172' title='bbox 590 1470 629 1504; x_wconf 87' lang='grc' dir='ltr'><em>τὸ</em></span> <span class='ocrx_word' id='word_1_173' title='bbox 662 1469 853 1518; x_wconf 82' lang='grc' dir='ltr'>προσέρπον</span> <span class='ocrx_word' id='word_1_174' title='bbox 894 1472 949 1503; x_wconf 90' lang='lat' dir='ltr'><em>Ai.</em></span> <span class='ocrx_word' id='word_1_175' title='bbox 979 1468 1048 1502; x_wconf 85' lang='lat'><em>229</em></span> <span class='ocrx_word' id='word_1_176' title='bbox 1076 1471 1128 1503; x_wconf 91' lang='lat' dir='ltr'><em>ch.</em></span> <span class='ocrx_word' id='word_1_177' title='bbox 1171 1471 1213 1502; x_wconf 89' lang='lat' dir='ltr'><em>de</em></span> 
     </span>
     <span class='ocr_line' id='line_1_26' title="bbox 195 1515 1213 1565; baseline 0 -14"><span class='ocrx_word' id='word_1_178' title='bbox 195 1529 303 1560; x_wconf 78' lang='lat' dir='ltr'><em>poena</em></span> <span class='ocrx_word' id='word_1_179' title='bbox 329 1520 540 1550; x_wconf 82' lang='lat' dir='ltr'><em>imminente:</em></span> <span class='ocrx_word' id='word_1_180' title='bbox 574 1516 633 1552; x_wconf 87' lang='grc' dir='ltr'><em>καὶ</em></span> <span class='ocrx_word' id='word_1_181' title='bbox 667 1516 719 1551; x_wconf 84' lang='grc' dir='ltr'><em>σοὶ</em></span> <span class='ocrx_word' id='word_1_182' title='bbox 741 1516 933 1565; x_wconf 80' lang='grc' dir='ltr'>προσέρπον</span> <span class='ocrx_word' id='word_1_183' title='bbox 961 1515 1051 1551; x_wconf 77' lang='grc' dir='ltr'>τοῦτ’</span> <span class='ocrx_word' id='word_1_184' title='bbox 1078 1515 1146 1563; x_wconf 84' lang='grc' dir='ltr'>ἐγὼ</span> <span class='ocrx_word' id='word_1_185' title='bbox 1174 1516 1213 1551; x_wconf 88' lang='grc' dir='ltr'><em>τὸ</em></span> 
     </span>
     <span class='ocr_line' id='line_1_27' title="bbox 200 1562 1211 1614; baseline -0.004 -14"><span class='ocrx_word' id='word_1_186' title='bbox 200 1564 382 1614; x_wconf 85' lang='grc' dir='ltr'>φάρμακον</span> <span class='ocrx_word' id='word_1_187' title='bbox 417 1563 487 1611; x_wconf 85' lang='grc' dir='ltr'>ὁρῶ</span> <span class='ocrx_word' id='word_1_188' title='bbox 519 1563 611 1613; x_wconf 88' lang='grc' dir='ltr'>τάχα</span> <span class='ocrx_word' id='word_1_189' title='bbox 646 1562 747 1598; x_wconf 89' lang='grc'>1255.</span> <span class='ocrx_word' id='word_1_190' title='bbox 783 1566 824 1597; x_wconf 87' lang='lat' dir='ltr'><em>de</em></span> <span class='ocrx_word' id='word_1_191' title='bbox 847 1569 1055 1606; x_wconf 66' lang='lat' dir='ltr'><em>‚aravescente</em></span> <span class='ocrx_word' id='word_1_192' title='bbox 1079 1566 1211 1597; x_wconf 83' lang='lat' dir='ltr'><em>dolore.-</em></span> 
     </span>
     <span class='ocr_line' id='line_1_28' title="bbox 199 1607 1032 1660; baseline -0.001 -14"><span class='ocrx_word' id='word_1_193' title='bbox 199 1611 393 1660; x_wconf 82' lang='grc' dir='ltr'>προσέρπει,</span> <span class='ocrx_word' id='word_1_194' title='bbox 421 1610 646 1660; x_wconf 87' lang='grc' dir='ltr'>προσέρχεται</span> <span class='ocrx_word' id='word_1_195' title='bbox 663 1607 732 1645; x_wconf 76' lang='grc' dir='ltr'>τόδ’</span> <span class='ocrx_word' id='word_1_196' title='bbox 751 1610 849 1658; x_wconf 85' lang='grc' dir='ltr'>ἐγγύς</span> <span class='ocrx_word' id='word_1_197' title='bbox 866 1613 927 1645; x_wconf 91' lang='lat' dir='ltr'><em>Ph.</em></span> <span class='ocrx_word' id='word_1_198' title='bbox 952 1610 1032 1645; x_wconf 83' lang='lat'>787.</span> 
     </span>
    </p>
   </div>
   <div class='ocr_carea' id='block_1_6' title="bbox 200 1667 1215 2142">
    <p class='ocr_par' dir='ltr' id='par_1_8' title="bbox 200 1667 1215 2142">
     <span class='ocr_line' id='line_1_29' title="bbox 271 1667 1210 1724; baseline -0.003 -19"><span class='ocrx_word' id='word_1_199' title='bbox 271 1667 605 1724; x_wconf 80' lang='grc' dir='ltr'>Προσέρχομαι.</span> <span class='ocrx_word' id='word_1_200' title='bbox 635 1671 648 1713; x_wconf 88' lang='grc' dir='ltr'><em>ΙΙ</em></span> <span class='ocrx_word' id='word_1_201' title='bbox 674 1672 811 1712; x_wconf 80' lang='lat' dir='ltr'><em>Proprie</em></span> <span class='ocrx_word' id='word_1_202' title='bbox 845 1671 995 1703; x_wconf 78' lang='lat' dir='ltr'><em>accedere</em></span> <span class='ocrx_word' id='word_1_203' title='bbox 1022 1675 1057 1703; x_wconf 86' lang='lat' dir='ltr'><em>et</em></span> <span class='ocrx_word' id='word_1_204' title='bbox 1080 1673 1210 1703; x_wconf 78' lang='lat' dir='ltr'><em>venire:</em></span> 
     </span>
     <span class='ocr_line' id='line_1_30' title="bbox 201 1718 1214 1759; baseline -0.001 -9"><span class='ocrx_word' id='word_1_205' title='bbox 201 1728 266 1750; x_wconf 92' lang='lat' dir='ltr'><em>non</em></span> <span class='ocrx_word' id='word_1_206' title='bbox 283 1718 410 1758; x_wconf 85' lang='lat' dir='ltr'><em>legitur</em></span> <span class='ocrx_word' id='word_1_207' title='bbox 434 1722 547 1750; x_wconf 87' lang='lat' dir='ltr'><em>autem</em></span> <span class='ocrx_word' id='word_1_208' title='bbox 573 1719 708 1750; x_wconf 90' lang='lat' dir='ltr'><em>omnino</em></span> <span class='ocrx_word' id='word_1_209' title='bbox 731 1720 798 1750; x_wconf 88' lang='lat' dir='ltr'><em>nisi</em></span> <span class='ocrx_word' id='word_1_210' title='bbox 815 1719 959 1751; x_wconf 84' lang='lat' dir='ltr'><em>aoristus</em></span> <span class='ocrx_word' id='word_1_211' title='bbox 986 1728 1053 1751; x_wconf 91' lang='lat' dir='ltr'><em>uno</em></span> <span class='ocrx_word' id='word_1_212' title='bbox 1072 1722 1214 1759; x_wconf 84' lang='lat' dir='ltr'><em>excepto</em></span> 
     </span>
     <span class='ocr_line' id='line_1_31' title="bbox 201 1762 1213 1811; baseline 0.001 -14"><span class='ocrx_word' id='word_1_213' title='bbox 201 1766 367 1807; x_wconf 85' lang='lat' dir='ltr'><em>exemplo.</em></span> <span class='ocrx_word' id='word_1_214' title='bbox 395 1763 596 1811; x_wconf 87' lang='grc' dir='ltr'>προσελθὼν</span> <span class='ocrx_word' id='word_1_215' title='bbox 617 1767 694 1811; x_wconf 87' lang='grc' dir='ltr'>σῖγα</span> <span class='ocrx_word' id='word_1_216' title='bbox 707 1766 767 1798; x_wconf 91' lang='lat' dir='ltr'><em>Ph.</em></span> <span class='ocrx_word' id='word_1_217' title='bbox 780 1763 837 1798; x_wconf 90' lang='lat'><em>22.</em></span> <span class='ocrx_word' id='word_1_218' title='bbox 866 1764 980 1811; x_wconf 80' lang='grc' dir='ltr'>γνωτοὶ</span> <span class='ocrx_word' id='word_1_219' title='bbox 995 1763 1084 1799; x_wconf 75' lang='grc' dir='ltr'><em>κούκ</em></span> <span class='ocrx_word' id='word_1_220' title='bbox 1100 1762 1213 1810; x_wconf 84' lang='grc' dir='ltr'>ἄγνω-</span> 
     </span>
     <span class='ocr_line' id='line_1_32' title="bbox 200 1807 1214 1858; baseline -0.001 -12"><span class='ocrx_word' id='word_1_221' title='bbox 200 1811 243 1846; x_wconf 86' lang='grc' dir='ltr'><em>τά</em></span> <span class='ocrx_word' id='word_1_222' title='bbox 261 1823 320 1856; x_wconf 89' lang='grc' dir='ltr'><em>μοι</em></span> <span class='ocrx_word' id='word_1_223' title='bbox 337 1808 547 1857; x_wconf 85' lang='grc' dir='ltr'>προσήλθεθ’</span> <span class='ocrx_word' id='word_1_224' title='bbox 574 1810 760 1858; x_wconf 84' lang='grc' dir='ltr'>ἱμείροντες</span> <span class='ocrx_word' id='word_1_225' title='bbox 778 1813 835 1846; x_wconf 85' lang='lat' dir='ltr'><em>OR</em></span> <span class='ocrx_word' id='word_1_226' title='bbox 852 1811 908 1845; x_wconf 89' lang='lat'><em>59.</em></span> <span class='ocrx_word' id='word_1_227' title='bbox 944 1807 1157 1858; x_wconf 84' lang='grc' dir='ltr'>προσέλθετ’,</span> <span class='ocrx_word' id='word_1_228' title='bbox 1187 1812 1214 1845; x_wconf 82' lang='grc' dir='ltr'>ὦ</span> 
     </span>
     <span class='ocr_line' id='line_1_33' title="bbox 202 1857 1215 1907; baseline -0.001 -14"><span class='ocrx_word' id='word_1_229' title='bbox 202 1862 277 1899; x_wconf 85' lang='grc' dir='ltr'>παῖ,</span> <span class='ocrx_word' id='word_1_230' title='bbox 305 1857 405 1904; x_wconf 87' lang='grc' dir='ltr'>πατρί</span> <span class='ocrx_word' id='word_1_231' title='bbox 429 1859 485 1891; x_wconf 84' lang='lat' dir='ltr'><em>OG</em></span> <span class='ocrx_word' id='word_1_232' title='bbox 505 1857 606 1893; x_wconf 85' lang='lat'>1104.</span> <span class='ocrx_word' id='word_1_233' title='bbox 634 1858 738 1894; x_wconf 87' lang='grc' dir='ltr'>κάπεὶ</span> <span class='ocrx_word' id='word_1_234' title='bbox 761 1857 957 1907; x_wconf 79' lang='grc' dir='ltr'>προσῆλθεν</span> <span class='ocrx_word' id='word_1_235' title='bbox 978 1857 1079 1892; x_wconf 91' lang='grc'>1631.</span> <span class='ocrx_word' id='word_1_236' title='bbox 1108 1858 1215 1904; x_wconf 89' lang='grc' dir='ltr'>πρόσ-</span> 
     </span>
     <span class='ocr_line' id='line_1_34' title="bbox 201 1901 1215 1952; baseline 0 -13"><span class='ocrx_word' id='word_1_237' title='bbox 201 1904 281 1941; x_wconf 85' lang='grc' dir='ltr'>ελθε</span> <span class='ocrx_word' id='word_1_238' title='bbox 300 1904 400 1951; x_wconf 89' lang='grc' dir='ltr'>δεῦρο</span> <span class='ocrx_word' id='word_1_239' title='bbox 418 1906 471 1937; x_wconf 87' lang='grc' dir='ltr'><em>Αἰ.</em></span> <span class='ocrx_word' id='word_1_240' title='bbox 488 1903 588 1938; x_wconf 90' lang='grc'>1171.</span> <span class='ocrx_word' id='word_1_241' title='bbox 617 1905 785 1952; x_wconf 80' lang='grc' dir='ltr'>πρόσελθε</span> <span class='ocrx_word' id='word_1_242' title='bbox 804 1908 859 1940; x_wconf 88' lang='lat' dir='ltr'><em>Tr.</em></span> <span class='ocrx_word' id='word_1_243' title='bbox 881 1905 961 1940; x_wconf 88' lang='lat'>797.</span> <span class='ocrx_word' id='word_1_244' title='bbox 990 1901 1215 1952; x_wconf 73' lang='grc' dir='ltr'>προσελθόνθ’</span> 
     </span>
     <span class='ocr_line' id='line_1_35' title="bbox 202 1950 1215 2000; baseline -0.001 -13"><span class='ocrx_word' id='word_1_245' title='bbox 202 1952 268 1987; x_wconf 87' lang='grc' dir='ltr'><em>ὦδε</em></span> <span class='ocrx_word' id='word_1_246' title='bbox 302 1951 360 1986; x_wconf 86' lang='grc' dir='ltr'><em>σὺν</em></span> <span class='ocrx_word' id='word_1_247' title='bbox 393 1950 513 1998; x_wconf 81' lang='grc' dir='ltr'>πολλῷ</span> <span class='ocrx_word' id='word_1_248' title='bbox 538 1952 646 1999; x_wconf 84' lang='grc' dir='ltr'>στόλῳ</span> <span class='ocrx_word' id='word_1_249' title='bbox 672 1955 728 1986; x_wconf 85' lang='lat' dir='ltr'><em>Tr.</em></span> <span class='ocrx_word' id='word_1_250' title='bbox 757 1952 837 1987; x_wconf 84' lang='lat'>496.</span> <span class='ocrx_word' id='word_1_251' title='bbox 875 1952 1077 2000; x_wconf 85' lang='grc' dir='ltr'>προσελθὼν</span> <span class='ocrx_word' id='word_1_252' title='bbox 1112 1952 1215 1998; x_wconf 86' lang='grc' dir='ltr'>στῆθι</span> 
     </span>
     <span class='ocr_line' id='line_1_36' title="bbox 200 1995 1215 2049; baseline 0.001 -16"><span class='ocrx_word' id='word_1_253' title='bbox 200 1998 345 2046; x_wconf 83' lang='grc' dir='ltr'>πλησίον</span> <span class='ocrx_word' id='word_1_254' title='bbox 371 1998 497 2047; x_wconf 84' lang='grc' dir='ltr'>πατρός</span> <span class='ocrx_word' id='word_1_255' title='bbox 526 1998 625 2033; x_wconf 87' lang='grc'>1076.</span> <span class='ocrx_word' id='word_1_256' title='bbox 662 1999 695 2034; x_wconf 76' lang='grc' dir='ltr'><em>εἴ</em></span> <span class='ocrx_word' id='word_1_257' title='bbox 722 2013 780 2045; x_wconf 88' lang='grc' dir='ltr'><em>μοι</em></span> <span class='ocrx_word' id='word_1_258' title='bbox 809 1995 896 2035; x_wconf 83' lang='grc' dir='ltr'>πίστ’</span> <span class='ocrx_word' id='word_1_259' title='bbox 928 2000 1020 2049; x_wconf 75' lang='grc' dir='ltr'>ἔχων</span> <span class='ocrx_word' id='word_1_260' title='bbox 1044 2000 1215 2047; x_wconf 82' lang='grc' dir='ltr'>τεκμήρια</span> 
     </span>
     <span class='ocr_line' id='line_1_37' title="bbox 201 2042 1212 2094; baseline 0.002 -14"><span class='ocrx_word' id='word_1_261' title='bbox 201 2045 394 2092; x_wconf 87' lang='grc' dir='ltr'>προσῆλθες</span> <span class='ocrx_word' id='word_1_262' title='bbox 412 2049 465 2080; x_wconf 85' lang='grc' dir='ltr'><em>ΕΙ.</em></span> <span class='ocrx_word' id='word_1_263' title='bbox 485 2046 565 2080; x_wconf 85' lang='grc'>775.</span> <span class='ocrx_word' id='word_1_264' title='bbox 594 2046 774 2093; x_wconf 81' lang='grc' dir='ltr'>προσῆλθε</span> <span class='ocrx_word' id='word_1_265' title='bbox 795 2047 899 2094; x_wconf 85' lang='grc' dir='ltr'>μητρί</span> <span class='ocrx_word' id='word_1_266' title='bbox 916 2042 981 2081; x_wconf 72' lang='lat' dir='ltr'><em>inc.</em></span> <span class='ocrx_word' id='word_1_267' title='bbox 1004 2050 1043 2081; x_wconf 84' lang='lat' dir='ltr'><em>fr.</em></span> <span class='ocrx_word' id='word_1_268' title='bbox 1067 2046 1148 2082; x_wconf 87' lang='lat'>957.</span> <span class='ocrx_word' id='word_1_269' title='bbox 1171 2067 1212 2072; x_wconf 93' lang='lat'>—</span> 
     </span>
     <span class='ocr_line' id='line_1_38' title="bbox 200 2093 1215 2142; baseline 0.003 -16"><span class='ocrx_word' id='word_1_270' title='bbox 200 2094 212 2137; x_wconf 71' lang='grc' dir='ltr'>Η</span> <span class='ocrx_word' id='word_1_271' title='bbox 229 2095 361 2126; x_wconf 85' lang='lat' dir='ltr'><em>Tralate</em></span> <span class='ocrx_word' id='word_1_272' title='bbox 386 2095 426 2126; x_wconf 88' lang='lat' dir='ltr'><em>de</em></span> <span class='ocrx_word' id='word_1_273' title='bbox 452 2097 695 2135; x_wconf 76' lang='lat' dir='ltr'><em>inyravescente</em></span> <span class='ocrx_word' id='word_1_274' title='bbox 712 2096 844 2128; x_wconf 84' lang='lat' dir='ltr'><em>dolore:</em></span> <span class='ocrx_word' id='word_1_275' title='bbox 890 2093 1119 2142; x_wconf 88' lang='grc' dir='ltr'>προσέρχεται</span> <span class='ocrx_word' id='word_1_276' title='bbox 1146 2093 1215 2129; x_wconf 84' lang='grc' dir='ltr'>τόδ’</span> 
     </span>
    </p>
   </div>
   <div class='ocr_carea' id='block_1_7' title="bbox 204 2139 1216 2188">
    <p class='ocr_par' dir='ltr' id='par_1_9' title="bbox 204 2139 1216 2188">
     <span class='ocr_line' id='line_1_39' title="bbox 204 2139 1216 2188; baseline 0.001 -14"><span class='ocrx_word' id='word_1_277' title='bbox 204 2139 302 2188; x_wconf 76' lang='grc' dir='ltr'>ἐγγύς</span> <span class='ocrx_word' id='word_1_278' title='bbox 320 2142 381 2174; x_wconf 85' lang='lat' dir='ltr'><em>Ph.</em></span> <span class='ocrx_word' id='word_1_279' title='bbox 401 2139 481 2174; x_wconf 87' lang='lat'>788.</span> <span class='ocrx_word' id='word_1_280' title='bbox 936 2142 987 2187; x_wconf 83' lang='lat'><em>(11</em></span> <span class='ocrx_word' id='word_1_281' title='bbox 1003 2154 1036 2185; x_wconf 88' lang='lat' dir='ltr'>p.</span> <span class='ocrx_word' id='word_1_282' title='bbox 1059 2140 1140 2185; x_wconf 86' lang='lat'>659,</span> <span class='ocrx_word' id='word_1_283' title='bbox 1160 2141 1216 2187; x_wconf 90' lang='grc'><em>3.)</em></span> 
     </span>
    </p>
   </div>
   <div class='ocr_carea' id='block_1_8' title="bbox 204 2197 1217 2600">
    <p class='ocr_par' dir='ltr' id='par_1_10' title="bbox 204 2197 1217 2386">
     <span class='ocr_line' id='line_1_40' title="bbox 274 2197 1217 2248; baseline 0.001 -14"><span class='ocrx_word' id='word_1_284' title='bbox 274 2197 444 2245; x_wconf 89' lang='grc' dir='ltr'>Προσευ</span> <span class='ocrx_word' id='word_1_285' title='bbox 482 2198 588 2234; x_wconf 86' lang='grc' dir='ltr'>ίσκω</span> <span class='ocrx_word' id='word_1_286' title='bbox 606 2203 742 2241; x_wconf 80' lang='lat' dir='ltr'><em>reperio.</em></span> <span class='ocrx_word' id='word_1_287' title='bbox 772 2200 808 2235; x_wconf 89' lang='grc' dir='ltr'>ὃν</span> <span class='ocrx_word' id='word_1_288' title='bbox 828 2200 932 2247; x_wconf 87' lang='grc' dir='ltr'>μόνον</span> <span class='ocrx_word' id='word_1_289' title='bbox 950 2204 1138 2248; x_wconf 90' lang='grc' dir='ltr'>προσεῦρον</span> <span class='ocrx_word' id='word_1_290' title='bbox 1157 2213 1217 2235; x_wconf 87' lang='grc' dir='ltr'><em>πι-</em></span> 
     </span>
     <span class='ocr_line' id='line_1_41' title="bbox 204 2244 868 2300; baseline 0.005 -21"><span class='ocrx_word' id='word_1_291' title='bbox 204 2245 280 2281; x_wconf 89' lang='grc' dir='ltr'>στόν</span> <span class='ocrx_word' id='word_1_292' title='bbox 298 2248 351 2279; x_wconf 88' lang='lat' dir='ltr'><em>El.</em></span> <span class='ocrx_word' id='word_1_293' title='bbox 375 2244 439 2300; x_wconf 89' lang='grc'><em>135</em></span> <span class='ocrx_word' id='word_1_294' title='bbox 468 2272 475 2280; x_wconf 94' lang='grc'><em>.</em></span> <span class='ocrx_word' id='word_1_295' title='bbox 507 2247 624 2290; x_wconf 85' lang='lat' dir='ltr'><em>[Dind.</em></span> <span class='ocrx_word' id='word_1_296' title='bbox 647 2249 868 2295; x_wconf 89' lang='grc' dir='ltr'>προσηῦρον.]</span> 
     </span>
     <span class='ocr_line' id='line_1_42' title="bbox 206 2302 1215 2386; baseline -0.001 -47"><span class='ocrx_word' id='word_1_297' title='bbox 206 2351 219 2361; x_wconf 41' lang='lat'><strong>⁸</strong></span> <span class='ocrx_word' id='word_1_298' title='bbox 275 2302 510 2386; x_wconf 38' lang='lat' dir='ltr'><em>[Ipooct&#39;a&#39;zo</em></span> <span class='ocrx_word' id='word_1_299' title='bbox 522 2317 596 2350; x_wconf 89' lang='grc' dir='ltr'><em>μαι</em></span> <span class='ocrx_word' id='word_1_300' title='bbox 617 2317 741 2347; x_wconf 78' lang='lat' dir='ltr'><em>precor.</em></span> <span class='ocrx_word' id='word_1_301' title='bbox 772 2306 822 2352; x_wconf 80' lang='grc' dir='ltr'><em>μὴ</em></span> <span class='ocrx_word' id='word_1_302' title='bbox 849 2309 908 2341; x_wconf 93' lang='grc' dir='ltr'><em>νῦν</em></span> <span class='ocrx_word' id='word_1_303' title='bbox 933 2305 1127 2354; x_wconf 83' lang='grc' dir='ltr'>προσεύχου</span> <span class='ocrx_word' id='word_1_304' title='bbox 1147 2318 1215 2352; x_wconf 84' lang='grc' dir='ltr'><em>μη-</em></span> 
     </span>
     <span class='ocr_line' id='line_1_43' title="bbox 205 2350 484 2385; baseline 0 0"><span class='ocrx_word' id='word_1_305' title='bbox 205 2350 261 2385; x_wconf 89' lang='grc' dir='ltr'><em>οέν</em></span> <span class='ocrx_word' id='word_1_306' title='bbox 278 2353 359 2385; x_wconf 90' lang='lat' dir='ltr'>Ant.</span> <span class='ocrx_word' id='word_1_307' title='bbox 383 2350 448 2385; x_wconf 88' lang='lat'><em>133</em></span> <span class='ocrx_word' id='word_1_308' title='bbox 477 2378 484 2385; x_wconf 91' lang='lat'><em>.</em></span> 
     </span>
    </p>

    <p class='ocr_par' dir='ltr' id='par_1_11' title="bbox 206 2407 1217 2600">
     <span class='ocr_line' id='line_1_44' title="bbox 275 2407 1215 2458; baseline 0.001 -14"><span class='ocrx_word' id='word_1_309' title='bbox 275 2407 499 2458; x_wconf 86' lang='grc' dir='ltr'>Προσέχω.</span> <span class='ocrx_word' id='word_1_310' title='bbox 545 2413 736 2444; x_wconf 85' lang='lat' dir='ltr'><em>Transitive</em></span> <span class='ocrx_word' id='word_1_311' title='bbox 756 2413 915 2444; x_wconf 84' lang='lat' dir='ltr'><em>admoveo</em></span> <span class='ocrx_word' id='word_1_312' title='bbox 939 2423 965 2444; x_wconf 88' lang='lat' dir='ltr'><em>s.</em></span> <span class='ocrx_word' id='word_1_313' title='bbox 987 2412 1129 2444; x_wconf 83' lang='lat' dir='ltr'><em>adduco.</em></span> <span class='ocrx_word' id='word_1_314' title='bbox 1166 2410 1215 2450; x_wconf 86' lang='grc' dir='ltr'><em>τίς</em></span> 
     </span>
     <span class='ocr_line' id='line_1_45' title="bbox 207 2456 1215 2506; baseline 0.001 -16"><span class='ocrx_word' id='word_1_315' title='bbox 207 2468 243 2490; x_wconf 92' lang='grc' dir='ltr'><em>σε</em></span> <span class='ocrx_word' id='word_1_316' title='bbox 274 2456 462 2504; x_wconf 78' lang='grc' dir='ltr'>προσέσχε,</span> <span class='ocrx_word' id='word_1_317' title='bbox 498 2456 547 2496; x_wconf 82' lang='grc' dir='ltr'><em>τίς</em></span> <span class='ocrx_word' id='word_1_318' title='bbox 580 2457 794 2506; x_wconf 79' lang='grc' dir='ltr'>προσήγαγεν</span> <span class='ocrx_word' id='word_1_319' title='bbox 818 2458 935 2506; x_wconf 75' lang='grc' dir='ltr'>χρείας</span> <span class='ocrx_word' id='word_1_320' title='bbox 973 2461 1033 2491; x_wconf 90' lang='lat' dir='ltr'><em>Ph.</em></span> <span class='ocrx_word' id='word_1_321' title='bbox 1062 2457 1143 2492; x_wconf 89' lang='lat'>236.</span> <span class='ocrx_word' id='word_1_322' title='bbox 1175 2478 1215 2484; x_wconf 97' lang='lat'>—</span> 
     </span>
     <span class='ocr_line' id='line_1_46' title="bbox 207 2504 1217 2553; baseline 0.004 -18"><span class='ocrx_word' id='word_1_323' title='bbox 207 2505 426 2537; x_wconf 85' lang='lat' dir='ltr'><em>Intransitive</em></span> <span class='ocrx_word' id='word_1_324' title='bbox 459 2507 611 2546; x_wconf 67' lang='lat' dir='ltr'><em>appello:</em></span> <span class='ocrx_word' id='word_1_325' title='bbox 652 2504 715 2539; x_wconf 86' lang='grc' dir='ltr'>τίνι</span> <span class='ocrx_word' id='word_1_326' title='bbox 750 2505 860 2552; x_wconf 86' lang='grc' dir='ltr'>στόλῳ</span> <span class='ocrx_word' id='word_1_327' title='bbox 894 2505 1084 2553; x_wconf 74' lang='grc' dir='ltr'>προσέσχες</span> <span class='ocrx_word' id='word_1_328' title='bbox 1116 2505 1217 2551; x_wconf 86' lang='grc' dir='ltr'>τήνδε</span> 
     </span>
     <span class='ocr_line' id='line_1_47' title="bbox 206 2550 1217 2600; baseline 0.003 -17"><span class='ocrx_word' id='word_1_329' title='bbox 206 2554 290 2597; x_wconf 72' lang='grc' dir='ltr'>γῆν,</span> <span class='ocrx_word' id='word_1_330' title='bbox 319 2552 380 2584; x_wconf 91' lang='lat' dir='ltr'><em>Ph.</em></span> <span class='ocrx_word' id='word_1_331' title='bbox 401 2550 483 2584; x_wconf 88' lang='lat'>244.</span> <span class='ocrx_word' id='word_1_332' title='bbox 543 2553 740 2585; x_wconf 78' lang='lat' dir='ltr'><em>Tricliniani</em></span> <span class='ocrx_word' id='word_1_333' title='bbox 773 2557 837 2600; x_wconf 80' lang='grc' dir='ltr'><em>γῆν</em></span> <span class='ocrx_word' id='word_1_334' title='bbox 870 2564 948 2586; x_wconf 89' lang='lat' dir='ltr'><em>cum</em></span> <span class='ocrx_word' id='word_1_335' title='bbox 980 2552 1095 2588; x_wconf 89' lang='grc' dir='ltr'>πλέων</span> <span class='ocrx_word' id='word_1_336' title='bbox 1129 2555 1217 2595; x_wconf 85' lang='lat' dir='ltr'><em>quod</em></span> 
     </span>
    </p>
   </div>
   <div class='ocr_carea' id='block_1_9' title="bbox 205 2596 1214 2693">
    <p class='ocr_par' dir='ltr' id='par_1_12' title="bbox 205 2596 1214 2693">
     <span class='ocr_line' id='line_1_48' title="bbox 206 2596 1214 2648; baseline 0.003 -18"><span class='ocrx_word' id='word_1_337' title='bbox 206 2599 365 2640; x_wconf 81' lang='lat' dir='ltr'><em>deinceps</em></span> <span class='ocrx_word' id='word_1_338' title='bbox 383 2600 537 2640; x_wconf 86' lang='lat' dir='ltr'><em>sequitur</em></span> <span class='ocrx_word' id='word_1_339' title='bbox 553 2601 774 2641; x_wconf 87' lang='lat' dir='ltr'><em>coniungunt.</em></span> <span class='ocrx_word' id='word_1_340' title='bbox 787 2619 832 2624; x_wconf 94' lang='lat'><strong>—</strong></span> <span class='ocrx_word' id='word_1_341' title='bbox 850 2602 903 2633; x_wconf 93' lang='lat' dir='ltr'><em>De</em></span> <span class='ocrx_word' id='word_1_342' title='bbox 920 2596 1114 2648; x_wconf 77' lang='grc' dir='ltr'>προσέξουσ’</span> <span class='ocrx_word' id='word_1_343' title='bbox 1131 2602 1214 2634; x_wconf 86' lang='lat' dir='ltr'>Ant.</span> 
     </span>
     <span class='ocr_line' id='line_1_49' title="bbox 205 2642 515 2693; baseline 0.003 -15"><span class='ocrx_word' id='word_1_344' title='bbox 205 2642 286 2678; x_wconf 84' lang='lat'>208.</span> <span class='ocrx_word' id='word_1_345' title='bbox 307 2656 339 2678; x_wconf 95' lang='lat' dir='ltr'><em>V.</em></span> <span class='ocrx_word' id='word_1_346' title='bbox 360 2645 515 2693; x_wconf 86' lang='grc' dir='ltr'>προύχω.</span> 
     </span>
    </p>
   </div>
   <div class='ocr_carea' id='block_1_10' title="bbox 206 2699 1221 3325">
    <p class='ocr_par' dir='ltr' id='par_1_13' title="bbox 207 2699 1218 2842">
     <span class='ocr_line' id='line_1_50' title="bbox 277 2699 1218 2751; baseline 0.002 -14"><span class='ocrx_word' id='word_1_347' title='bbox 277 2699 393 2748; x_wconf 87' lang='grc' dir='ltr'>Προσ</span> <span class='ocrx_word' id='word_1_348' title='bbox 433 2703 572 2750; x_wconf 87' lang='grc' dir='ltr'>γορέω</span> <span class='ocrx_word' id='word_1_349' title='bbox 598 2706 758 2747; x_wconf 83' lang='lat' dir='ltr'><em>alloquor.</em></span> <span class='ocrx_word' id='word_1_350' title='bbox 796 2703 860 2739; x_wconf 86' lang='grc' dir='ltr'><em>οὐκ</em></span> <span class='ocrx_word' id='word_1_351' title='bbox 895 2704 978 2751; x_wconf 85' lang='grc' dir='ltr'>ἐμὸν</span> <span class='ocrx_word' id='word_1_352' title='bbox 1009 2700 1091 2746; x_wconf 79' lang='grc' dir='ltr'>τόδ’,</span> <span class='ocrx_word' id='word_1_353' title='bbox 1128 2703 1218 2739; x_wconf 85' lang='grc' dir='ltr'>ἀλλὰ</span> 
     </span>
     <span class='ocr_line' id='line_1_51' title="bbox 207 2748 1214 2829; baseline 0.003 -47"><span class='ocrx_word' id='word_1_354' title='bbox 207 2748 275 2790; x_wconf 90' lang='grc' dir='ltr'>σόν,</span> <span class='ocrx_word' id='word_1_355' title='bbox 288 2749 331 2829; x_wconf 49' lang='grc' dir='ltr'><em>ἆὸ</em></span> <span class='ocrx_word' id='word_1_356' title='bbox 342 2752 405 2783; x_wconf 90' lang='grc' dir='ltr'><em>ταῦ</em></span> <span class='ocrx_word' id='word_1_357' title='bbox 427 2748 435 2760; x_wconf 72' lang='grc'>’</span> <span class='ocrx_word' id='word_1_358' title='bbox 459 2749 541 2797; x_wconf 79' lang='grc' dir='ltr'>ὁρᾶν</span> <span class='ocrx_word' id='word_1_359' title='bbox 557 2763 592 2785; x_wconf 90' lang='grc' dir='ltr'><em>τε</em></span> <span class='ocrx_word' id='word_1_360' title='bbox 606 2751 664 2786; x_wconf 88' lang='grc' dir='ltr'><em>καὶ</em></span> <span class='ocrx_word' id='word_1_361' title='bbox 677 2755 902 2800; x_wconf 87' lang='grc' dir='ltr'>προσηγορεῖν</span> <span class='ocrx_word' id='word_1_362' title='bbox 917 2751 1027 2799; x_wconf 84' lang='grc' dir='ltr'>φίλως</span> <span class='ocrx_word' id='word_1_363' title='bbox 1041 2754 1095 2786; x_wconf 90' lang='grc' dir='ltr'><em>ΕΙ.</em></span> <span class='ocrx_word' id='word_1_364' title='bbox 1111 2751 1214 2785; x_wconf 93' lang='grc'>1470.</span> 
     </span>
     <span class='ocr_line' id='line_1_52' title="bbox 207 2807 381 2842; baseline 0.017 -15"><span class='ocrx_word' id='word_1_365' title='bbox 207 2808 238 2828; x_wconf 87' lang='grc' dir='ltr'><em>ν.</em></span> <span class='ocrx_word' id='word_1_366' title='bbox 260 2807 298 2842; x_wconf 86' lang='grc' dir='ltr'><em>φι</em></span> <span class='ocrx_word' id='word_1_367' title='bbox 322 2807 381 2834; x_wconf 83' lang='grc' dir='ltr'><em>ως.</em></span> 
     </span>
    </p>

    <p class='ocr_par' dir='ltr' id='par_1_14' title="bbox 206 2852 1221 3325">
     <span class='ocr_line' id='line_1_53' title="bbox 278 2852 1219 2903; baseline 0.002 -14"><span class='ocrx_word' id='word_1_368' title='bbox 278 2852 481 2903; x_wconf 89' lang='grc' dir='ltr'>Προσήγο</span> <span class='ocrx_word' id='word_1_369' title='bbox 520 2868 538 2890; x_wconf 93' lang='grc' dir='ltr'><em>ο</em></span> <span class='ocrx_word' id='word_1_370' title='bbox 551 2869 577 2895; x_wconf 84' lang='grc' dir='ltr'><em>ς.</em></span> <span class='ocrx_word' id='word_1_371' title='bbox 599 2857 777 2899; x_wconf 67' lang='grc' dir='ltr'>Παιιοᾳιιὶο</span> <span class='ocrx_word' id='word_1_372' title='bbox 791 2859 1019 2898; x_wconf 78' lang='lat' dir='ltr'><em>compellatus.</em></span> <span class='ocrx_word' id='word_1_373' title='bbox 1040 2857 1091 2903; x_wconf 81' lang='grc' dir='ltr'><em>τῷ</em></span> <span class='ocrx_word' id='word_1_374' title='bbox 1110 2869 1219 2903; x_wconf 89' lang='grc' dir='ltr'>προσ-</span> 
     </span>
     <span class='ocr_line' id='line_1_54' title="bbox 206 2901 1220 2953; baseline 0.003 -17"><span class='ocrx_word' id='word_1_375' title='bbox 206 2901 354 2949; x_wconf 81' lang='grc' dir='ltr'>ήγορος;</span> <span class='ocrx_word' id='word_1_376' title='bbox 383 2902 474 2935; x_wconf 84' lang='grc' dir='ltr'>ΡΙι.1</span> <span class='ocrx_word' id='word_1_377' title='bbox 503 2902 559 2936; x_wconf 89' lang='grc'><em>53.</em></span> <span class='ocrx_word' id='word_1_378' title='bbox 589 2905 697 2938; x_wconf 82' lang='lat' dir='ltr'><em>Se-hol.</em></span> <span class='ocrx_word' id='word_1_379' title='bbox 719 2906 825 2936; x_wconf 87' lang='lat' dir='ltr'><em>miu.:</em></span> <span class='ocrx_word' id='word_1_380' title='bbox 854 2903 905 2942; x_wconf 87' lang='grc' dir='ltr'><em>τίς</em></span> <span class='ocrx_word' id='word_1_381' title='bbox 923 2917 966 2950; x_wconf 87' lang='grc' dir='ltr'><em>με</em></span> <span class='ocrx_word' id='word_1_382' title='bbox 984 2902 1220 2953; x_wconf 86' lang='grc' dir='ltr'>προσαγορεύ-</span> 
     </span>
     <span class='ocr_line' id='line_1_55' title="bbox 209 2949 1218 2994; baseline 0.002 -12"><span class='ocrx_word' id='word_1_383' title='bbox 209 2960 270 2982; x_wconf 91' lang='grc' dir='ltr'>σει.</span> <span class='ocrx_word' id='word_1_384' title='bbox 315 2949 444 2984; x_wconf 80' lang='lat' dir='ltr'><em>Schaef.</em></span> <span class='ocrx_word' id='word_1_385' title='bbox 476 2953 536 2985; x_wconf 87' lang='grc' dir='ltr'><em>τοῦ</em></span> <span class='ocrx_word' id='word_1_386' title='bbox 565 2953 763 2983; x_wconf 83' lang='lat' dir='ltr'><em>coniiciebat</em></span> <span class='ocrx_word' id='word_1_387' title='bbox 788 2953 866 2984; x_wconf 89' lang='lat' dir='ltr'><em>mel.</em></span> <span class='ocrx_word' id='word_1_388' title='bbox 894 2962 939 2986; x_wconf 89' lang='lat' dir='ltr'><em>cr.</em></span> <span class='ocrx_word' id='word_1_389' title='bbox 966 2963 1000 2994; x_wconf 92' lang='lat' dir='ltr'><em>p.</em></span> <span class='ocrx_word' id='word_1_390' title='bbox 1026 2949 1105 2986; x_wconf 88' lang='lat'>137.</span> <span class='ocrx_word' id='word_1_391' title='bbox 1152 2953 1218 2985; x_wconf 89' lang='lat' dir='ltr'><em>Sed</em></span> 
     </span>
     <span class='ocr_line' id='line_1_56' title="bbox 209 2996 1220 3045; baseline 0.005 -18"><span class='ocrx_word' id='word_1_392' title='bbox 209 2999 360 3028; x_wconf 77' lang='lat' dir='ltr'><em>mutuum</em></span> <span class='ocrx_word' id='word_1_393' title='bbox 377 2998 561 3039; x_wconf 77' lang='lat' dir='ltr'><em>alloquium</em></span> <span class='ocrx_word' id='word_1_394' title='bbox 577 2999 717 3030; x_wconf 85' lang='lat' dir='ltr'><em>indicari</em></span> <span class='ocrx_word' id='word_1_395' title='bbox 734 2999 862 3032; x_wconf 89' lang='lat' dir='ltr'><em>Buttm.</em></span> <span class='ocrx_word' id='word_1_396' title='bbox 884 2999 981 3032; x_wconf 83' lang='lat' dir='ltr'><em>vidit.</em></span> <span class='ocrx_word' id='word_1_397' title='bbox 1002 2997 1033 3032; x_wconf 88' lang='grc' dir='ltr'><em>τί</em></span> <span class='ocrx_word' id='word_1_398' title='bbox 1050 2996 1124 3045; x_wconf 78' lang='grc' dir='ltr'>δῆτ’</span> <span class='ocrx_word' id='word_1_399' title='bbox 1140 2997 1220 3044; x_wconf 84' lang='grc' dir='ltr'>ἐμοὶ</span> 
     </span>
     <span class='ocr_line' id='line_1_57' title="bbox 269 3039 1220 3091; baseline 0.003 -16.828"><span class='ocrx_word' id='word_1_400' title='bbox 269 3041 485 3089; x_wconf 84' lang='grc' dir='ltr'>προσήγορον</span> <span class='ocrx_word' id='word_1_401' title='bbox 512 3042 557 3078; x_wconf 82' lang='grc' dir='ltr'><em>ἔτ’</em></span> <span class='ocrx_word' id='word_1_402' title='bbox 589 3039 655 3078; x_wconf 74' lang='grc' dir='ltr'>ἔστ’</span> <span class='ocrx_word' id='word_1_403' title='bbox 687 3043 823 3079; x_wconf 84' lang='grc' dir='ltr'>ἀκούειν</span> <span class='ocrx_word' id='word_1_404' title='bbox 858 3043 980 3091; x_wconf 81' lang='grc' dir='ltr'>ἡδονᾷ,</span> <span class='ocrx_word' id='word_1_405' title='bbox 1018 3043 1130 3091; x_wconf 84' lang='grc' dir='ltr'>φίλοι;</span> <span class='ocrx_word' id='word_1_406' title='bbox 1162 3047 1220 3079; x_wconf 81' lang='lat' dir='ltr'><em>OR</em></span> 
     </span>
     <span class='ocr_line' id='line_1_58' title="bbox 212 3087 1220 3139; baseline 0.004 -17"><span class='ocrx_word' id='word_1_407' title='bbox 212 3087 301 3122; x_wconf 83' lang='lat'>1338</span> <span class='ocrx_word' id='word_1_408' title='bbox 319 3100 362 3121; x_wconf 91' lang='lat' dir='ltr'><em>m.</em></span> <span class='ocrx_word' id='word_1_409' title='bbox 393 3101 423 3122; x_wconf 90' lang='lat' dir='ltr'><em>V.</em></span> <span class='ocrx_word' id='word_1_410' title='bbox 447 3093 560 3124; x_wconf 88' lang='lat' dir='ltr'><em>Herm.</em></span> <span class='ocrx_word' id='word_1_411' title='bbox 590 3090 675 3125; x_wconf 85' lang='grc' dir='ltr'>ὅπου</span> <span class='ocrx_word' id='word_1_412' title='bbox 703 3090 838 3137; x_wconf 78' lang='grc' dir='ltr'>θνητῶν</span> <span class='ocrx_word' id='word_1_413' title='bbox 869 3095 1042 3139; x_wconf 80' lang='grc' dir='ltr'>φανοῦμαι</span> <span class='ocrx_word' id='word_1_414' title='bbox 1071 3105 1096 3137; x_wconf 92' lang='grc' dir='ltr'>μ</span> <span class='ocrx_word' id='word_1_415' title='bbox 1124 3091 1220 3130; x_wconf 83' lang='grc' dir='ltr'>δενὸς</span> 
     </span>
     <span class='ocr_line' id='line_1_59' title="bbox 211 3134 1220 3182; baseline 0.003 -13"><span class='ocrx_word' id='word_1_416' title='bbox 211 3148 234 3169; x_wconf 88' lang='grc' dir='ltr'><em>π</em></span> <span class='ocrx_word' id='word_1_417' title='bbox 257 3134 425 3182; x_wconf 87' lang='grc' dir='ltr'>οσήγορος</span> <span class='ocrx_word' id='word_1_418' title='bbox 446 3135 545 3172; x_wconf 88' lang='grc'>1437.</span> <span class='ocrx_word' id='word_1_419' title='bbox 576 3139 631 3171; x_wconf 89' lang='lat' dir='ltr'><em>Sic</em></span> <span class='ocrx_word' id='word_1_420' title='bbox 649 3140 835 3179; x_wconf 86' lang='lat' dir='ltr'><em>elegantius</em></span> <span class='ocrx_word' id='word_1_421' title='bbox 855 3141 1040 3181; x_wconf 82' lang='lat' dir='ltr'><em>explicabis</em></span> <span class='ocrx_word' id='word_1_422' title='bbox 1065 3138 1109 3173; x_wconf 86' lang='grc' dir='ltr'><em>πό</em></span> <span class='ocrx_word' id='word_1_423' title='bbox 1136 3151 1164 3177; x_wconf 78' lang='grc' dir='ltr'><em>ις,</em></span> <span class='ocrx_word' id='word_1_424' title='bbox 1182 3138 1220 3172; x_wconf 87' lang='grc' dir='ltr'><em>δὲ</em></span> 
     </span>
     <span class='ocr_line' id='line_1_60' title="bbox 210 3181 1220 3232; baseline 0.001 -14"><span class='ocrx_word' id='word_1_425' title='bbox 210 3181 235 3218; x_wconf 57' lang='grc' dir='ltr'><em>θ’</em></span> <span class='ocrx_word' id='word_1_426' title='bbox 249 3187 339 3216; x_wconf 85' lang='grc' dir='ltr'>υσῶν</span> <span class='ocrx_word' id='word_1_427' title='bbox 357 3181 475 3218; x_wconf 84' lang='grc' dir='ltr'>Μυσία</span> <span class='ocrx_word' id='word_1_428' title='bbox 491 3183 703 3232; x_wconf 76' lang='grc' dir='ltr'>προσήγορος</span> <span class='ocrx_word' id='word_1_429' title='bbox 721 3186 808 3226; x_wconf 89' lang='lat' dir='ltr'>Mys.</span> <span class='ocrx_word' id='word_1_430' title='bbox 830 3188 870 3220; x_wconf 89' lang='lat' dir='ltr'><em>fr.</em></span> <span class='ocrx_word' id='word_1_431' title='bbox 892 3183 972 3228; x_wconf 90' lang='lat'>360,</span> <span class='ocrx_word' id='word_1_432' title='bbox 993 3183 1026 3218; x_wconf 92' lang='grc'><em>2.</em></span> <span class='ocrx_word' id='word_1_433' title='bbox 1049 3187 1072 3217; x_wconf 93' lang='lat' dir='ltr'><em>i.</em></span> <span class='ocrx_word' id='word_1_434' title='bbox 1093 3196 1123 3219; x_wconf 90' lang='lat' dir='ltr'><em>e.</em></span> <span class='ocrx_word' id='word_1_435' title='bbox 1155 3184 1220 3219; x_wconf 83' lang='grc' dir='ltr'><em>ὑπὸ</em></span> 
     </span>
     <span class='ocr_line' id='line_1_61' title="bbox 211 3226 1221 3278; baseline -0.001 -13"><span class='ocrx_word' id='word_1_436' title='bbox 211 3226 341 3265; x_wconf 85' lang='grc' dir='ltr'>Μυσῶν</span> <span class='ocrx_word' id='word_1_437' title='bbox 366 3234 630 3278; x_wconf 86' lang='grc' dir='ltr'>προσηγορεῖται</span> <span class='ocrx_word' id='word_1_438' title='bbox 648 3229 776 3273; x_wconf 80' lang='grc' dir='ltr'>Μυσία,</span> <span class='ocrx_word' id='word_1_439' title='bbox 807 3244 872 3265; x_wconf 89' lang='lat' dir='ltr'><em>non</em></span> <span class='ocrx_word' id='word_1_440' title='bbox 889 3237 928 3265; x_wconf 91' lang='lat' dir='ltr'><em>ut</em></span> <span class='ocrx_word' id='word_1_441' title='bbox 945 3243 1127 3272; x_wconf 82' lang='lat' dir='ltr'><em>cognomen</em></span> <span class='ocrx_word' id='word_1_442' title='bbox 1146 3234 1221 3272; x_wconf 90' lang='lat' dir='ltr'><em>My-</em></span> 
     </span>
     <span class='ocr_line' id='line_1_62' title="bbox 211 3276 1221 3325; baseline 0.003 -17"><span class='ocrx_word' id='word_1_443' title='bbox 211 3287 322 3309; x_wconf 81' lang='lat' dir='ltr'><em>sorum</em></span> <span class='ocrx_word' id='word_1_444' title='bbox 348 3279 515 3317; x_wconf 85' lang='lat' dir='ltr'><em>signiflcet</em></span> <span class='ocrx_word' id='word_1_445' title='bbox 540 3281 736 3312; x_wconf 87' lang='lat' dir='ltr'><em>necessario.</em></span> <span class='ocrx_word' id='word_1_446' title='bbox 781 3280 868 3312; x_wconf 83' lang='lat' dir='ltr'>Sunt</span> <span class='ocrx_word' id='word_1_447' title='bbox 892 3281 952 3321; x_wconf 93' lang='lat' dir='ltr'><em>qui</em></span> <span class='ocrx_word' id='word_1_448' title='bbox 975 3276 1094 3325; x_wconf 79' lang='grc' dir='ltr'>Μυσίᾳ</span> <span class='ocrx_word' id='word_1_449' title='bbox 1119 3281 1221 3312; x_wconf 83' lang='lat' dir='ltr'><em>corri-</em></span> 
     </span>
    </p>
   </div>
   <div class='ocr_carea' id='block_1_11' title="bbox 138 3325 1222 3368">
    <p class='ocr_par' dir='ltr' id='par_1_15' title="bbox 138 3325 1222 3368">
     <span class='ocr_line' id='line_1_63' title="bbox 138 3325 1222 3368; baseline 0.002 -12"><span class='ocrx_word' id='word_1_450' title='bbox 138 3360 142 3362; x_wconf 44' lang='grc'>,</span> <span class='ocrx_word' id='word_1_451' title='bbox 210 3328 303 3365; x_wconf 82' lang='lat' dir='ltr'><em>gant.</em></span> <span class='ocrx_word' id='word_1_452' title='bbox 326 3343 365 3348; x_wconf 89' lang='lat'><em>--</em></span> <span class='ocrx_word' id='word_1_453' title='bbox 391 3325 405 3367; x_wconf 81' lang='grc' dir='ltr'><em>ΙΙ</em></span> <span class='ocrx_word' id='word_1_454' title='bbox 432 3325 495 3357; x_wconf 86' lang='lat' dir='ltr'><em>Sed</em></span> <span class='ocrx_word' id='word_1_455' title='bbox 522 3327 629 3358; x_wconf 87' lang='lat' dir='ltr'><em>active</em></span> <span class='ocrx_word' id='word_1_456' title='bbox 654 3327 821 3366; x_wconf 84' lang='lat' dir='ltr'><em>significat</em></span> <span class='ocrx_word' id='word_1_457' title='bbox 845 3328 990 3368; x_wconf 81' lang='lat' dir='ltr'><em>alloquio</em></span> <span class='ocrx_word' id='word_1_458' title='bbox 1015 3327 1222 3367; x_wconf 81' lang='lat' dir='ltr'><em>compellan-</em></span> 
     </span>
    </p>
   </div>
   <div class='ocr_carea' id='block_1_12' title="bbox 161 3369 1223 3478">
    <p class='ocr_par' dir='ltr' id='par_1_16' title="bbox 161 3369 1223 3478">
     <span class='ocr_line' id='line_1_64' title="bbox 161 3369 1222 3419; baseline 0.003 -16"><span class='ocrx_word' id='word_1_459' title='bbox 161 3386 163 3389; x_wconf 86' lang='lat'><em>.</em></span> <span class='ocrx_word' id='word_1_460' title='bbox 212 3375 275 3404; x_wconf 85' lang='lat' dir='ltr'><em>tem</em></span> <span class='ocrx_word' id='word_1_461' title='bbox 295 3372 376 3404; x_wconf 85' lang='lat' dir='ltr'>Ant.</span> <span class='ocrx_word' id='word_1_462' title='bbox 400 3369 508 3406; x_wconf 84' lang='lat'>1185:</span> <span class='ocrx_word' id='word_1_463' title='bbox 543 3369 725 3410; x_wconf 77' lang='grc' dir='ltr'>Παλλάδος</span> <span class='ocrx_word' id='word_1_464' title='bbox 758 3371 840 3411; x_wconf 87' lang='grc' dir='ltr'>θεᾶς</span> <span class='ocrx_word' id='word_1_465' title='bbox 874 3370 967 3412; x_wconf 83' lang='grc' dir='ltr'>ὅπως</span> <span class='ocrx_word' id='word_1_466' title='bbox 998 3371 1137 3419; x_wconf 80' lang='grc' dir='ltr'>ἱκοίμην</span> <span class='ocrx_word' id='word_1_467' title='bbox 1163 3371 1222 3406; x_wconf 80' lang='grc' dir='ltr'>εὐ·-</span> 
     </span>
     <span class='ocr_line' id='line_1_65' title="bbox 211 3416 1223 3478; baseline -0.001 -24"><span class='ocrx_word' id='word_1_468' title='bbox 211 3416 352 3464; x_wconf 81' lang='grc' dir='ltr'>γμοίτων</span> <span class='ocrx_word' id='word_1_469' title='bbox 386 3418 612 3472; x_wconf 78' lang='grc' dir='ltr'>προσήγορος.</span> <span class='ocrx_word' id='word_1_470' title='bbox 669 3421 791 3454; x_wconf 85' lang='lat' dir='ltr'><em>Tricl.;</em></span> <span class='ocrx_word' id='word_1_471' title='bbox 844 3419 1123 3478; x_wconf 84' lang='grc' dir='ltr'>προσήγορος</span> <span class='ocrx_word' id='word_1_472' title='bbox 1163 3418 1223 3454; x_wconf 85' lang='grc' dir='ltr'><em>καὶ</em></span> 
     </span>
    </p>
   </div>
   <div class='ocr_carea' id='block_1_13' title="bbox 969 147 1498 215">
    <p class='ocr_par' dir='ltr' id='par_1_17' title="bbox 969 147 1498 215">
     <span class='ocr_line' id='line_1_66' title="bbox 969 147 1498 215; baseline -0.004 -18"><span class='ocrx_word' id='word_1_473' title='bbox 969 149 1193 215; x_wconf 87' lang='grc' dir='ltr'>Πρόσειμι</span> <span class='ocrx_word' id='word_1_474' title='bbox 1222 176 1283 183; x_wconf 85' lang='grc'><strong>-</strong></span> <span class='ocrx_word' id='word_1_475' title='bbox 1311 147 1498 213; x_wconf 85' lang='grc' dir='ltr'>Πρόσθε</span> 
     </span>
    </p>
   </div>
   <div class='ocr_carea' id='block_1_14' title="bbox 1915 154 2257 202">
    <p class='ocr_par' dir='ltr' id='par_1_18' title="bbox 1915 154 2257 202">
     <span class='ocr_line' id='line_1_67' title="bbox 1915 154 2257 202; baseline 0.003 -13"><span class='ocrx_word' id='word_1_476' title='bbox 1915 155 1962 202; x_wconf 88' lang='grc' dir='ltr'><em>[ιι</em></span> <span class='ocrx_word' id='word_1_477' title='bbox 1980 167 2014 199; x_wconf 79' lang='lat' dir='ltr'><em>p.</em></span> <span class='ocrx_word' id='word_1_478' title='bbox 2035 154 2257 202; x_wconf 62' lang='lat' dir='ltr'><em>cas-660]</em></span> 
     </span>
    </p>
   </div>
   <div class='ocr_carea' id='block_1_15' title="bbox 1239 260 2256 453">
    <p class='ocr_par' dir='ltr' id='par_1_19' title="bbox 1239 260 2256 453">
     <span class='ocr_line' id='line_1_68' title="bbox 1241 260 2252 311; baseline 0.002 -15"><span class='ocrx_word' id='word_1_479' title='bbox 1241 262 1427 309; x_wconf 85' lang='grc' dir='ltr'>συνόμιλος</span> <span class='ocrx_word' id='word_1_480' title='bbox 1454 265 1518 310; x_wconf 84' lang='grc' dir='ltr'><em>τῆς</em></span> <span class='ocrx_word' id='word_1_481' title='bbox 1548 260 1743 304; x_wconf 81' lang='grc' dir='ltr'>Παλλάδος,</span> <span class='ocrx_word' id='word_1_482' title='bbox 1788 261 2018 310; x_wconf 83' lang='grc' dir='ltr'>εὐγματῶν</span> <span class='ocrx_word' id='word_1_483' title='bbox 2043 261 2103 298; x_wconf 82' lang='grc' dir='ltr'><em>καὶ</em></span> <span class='ocrx_word' id='word_1_484' title='bbox 2126 261 2252 311; x_wconf 79' lang='grc' dir='ltr'>εὐχῶν,</span> 
     </span>
     <span class='ocr_line' id='line_1_69' title="bbox 1239 308 2256 370; baseline -0.002 -25"><span class='ocrx_word' id='word_1_485' title='bbox 1239 310 1415 345; x_wconf 85' lang='grc' dir='ltr'>τουτέστιν</span> <span class='ocrx_word' id='word_1_486' title='bbox 1440 309 1499 345; x_wconf 86' lang='grc' dir='ltr'><em>ἵνα</em></span> <span class='ocrx_word' id='word_1_487' title='bbox 1526 308 1631 370; x_wconf 77' lang='grc' dir='ltr'>εὐχὰς</span> <span class='ocrx_word' id='word_1_488' title='bbox 1650 308 1739 358; x_wconf 73' lang='grc' dir='ltr'>αὐτῇ</span> <span class='ocrx_word' id='word_1_489' title='bbox 1762 308 1956 358; x_wconf 85' lang='grc' dir='ltr'>προσφέρω.</span> <span class='ocrx_word' id='word_1_490' title='bbox 1984 311 2110 343; x_wconf 85' lang='lat' dir='ltr'><em>Melius</em></span> <span class='ocrx_word' id='word_1_491' title='bbox 2127 315 2162 344; x_wconf 90' lang='lat' dir='ltr'><em>et</em></span> <span class='ocrx_word' id='word_1_492' title='bbox 2179 313 2256 344; x_wconf 82' lang='lat' dir='ltr'><em>bre-</em></span> 
     </span>
     <span class='ocr_line' id='line_1_70' title="bbox 1241 355 2254 405; baseline 0 -14"><span class='ocrx_word' id='word_1_493' title='bbox 1241 360 1316 391; x_wconf 89' lang='lat' dir='ltr'><em>vius</em></span> <span class='ocrx_word' id='word_1_494' title='bbox 1335 359 1439 392; x_wconf 89' lang='lat' dir='ltr'><em>schol.</em></span> <span class='ocrx_word' id='word_1_495' title='bbox 1462 362 1530 391; x_wconf 92' lang='lat' dir='ltr'><em>Vet.</em></span> <span class='ocrx_word' id='word_1_496' title='bbox 1551 357 1582 391; x_wconf 90' lang='grc' dir='ltr'><em>δι</em></span> <span class='ocrx_word' id='word_1_497' title='bbox 1609 357 1722 405; x_wconf 81' lang='grc' dir='ltr'>εὐχῶν</span> <span class='ocrx_word' id='word_1_498' title='bbox 1740 355 2054 405; x_wconf 87' lang='grc' dir='ltr'>προσαγορεύουσα.</span> <span class='ocrx_word' id='word_1_499' title='bbox 2082 358 2159 391; x_wconf 85' lang='lat' dir='ltr'><em>Huc</em></span> <span class='ocrx_word' id='word_1_500' title='bbox 2176 369 2254 401; x_wconf 82' lang='lat' dir='ltr'><em>spe-</em></span> 
     </span>
     <span class='ocr_line' id='line_1_71' title="bbox 1242 404 2208 453; baseline 0.003 -16"><span class='ocrx_word' id='word_1_501' title='bbox 1242 410 1310 438; x_wconf 80' lang='lat' dir='ltr'><em>ctat</em></span> <span class='ocrx_word' id='word_1_502' title='bbox 1328 406 1488 446; x_wconf 85' lang='lat' dir='ltr'><em>Hesychii</em></span> <span class='ocrx_word' id='word_1_503' title='bbox 1505 406 1613 446; x_wconf 83' lang='lat' dir='ltr'><em>glossa</em></span> <span class='ocrx_word' id='word_1_504' title='bbox 1630 417 1654 439; x_wconf 87' lang='grc' dir='ltr'><em>π</em></span> <span class='ocrx_word' id='word_1_505' title='bbox 1664 417 1681 451; x_wconf 92' lang='grc' dir='ltr'>ρ</span> <span class='ocrx_word' id='word_1_506' title='bbox 1691 417 1709 439; x_wconf 88' lang='grc' dir='ltr'><em>ο</em></span> <span class='ocrx_word' id='word_1_507' title='bbox 1719 416 1737 438; x_wconf 92' lang='grc' dir='ltr'><em>σ</em></span> <span class='ocrx_word' id='word_1_508' title='bbox 1745 404 1768 451; x_wconf 83' lang='grc' dir='ltr'>ἡ</span> <span class='ocrx_word' id='word_1_509' title='bbox 1778 417 1798 452; x_wconf 89' lang='grc' dir='ltr'>γ</span> <span class='ocrx_word' id='word_1_510' title='bbox 1809 416 1884 453; x_wconf 83' lang='lat' dir='ltr'><em>opo</em></span> <span class='ocrx_word' id='word_1_511' title='bbox 1894 417 1911 443; x_wconf 88' lang='grc' dir='ltr'>ς</span> <span class='ocrx_word' id='word_1_512' title='bbox 1922 431 1930 446; x_wconf 91' lang='grc'>,</span> <span class='ocrx_word' id='word_1_513' title='bbox 1951 404 2208 452; x_wconf 81' lang='grc' dir='ltr'>προσκυνητής.</span> 
     </span>
    </p>
   </div>
   <div class='ocr_carea' id='block_1_16' title="bbox 1243 473 2255 662">
    <p class='ocr_par' dir='ltr' id='par_1_20' title="bbox 1243 473 2255 662">
     <span class='ocr_line' id='line_1_72' title="bbox 1316 473 2253 523; baseline 0.001 -13"><span class='ocrx_word' id='word_1_514' title='bbox 1316 473 1693 523; x_wconf 80' lang='grc' dir='ltr'>[*Προσηκόντως</span> <span class='ocrx_word' id='word_1_515' title='bbox 1726 478 1767 509; x_wconf 78' lang='lat' dir='ltr'><em>fr.</em></span> <span class='ocrx_word' id='word_1_516' title='bbox 1789 473 1870 509; x_wconf 88' lang='lat'>206.</span> <span class='ocrx_word' id='word_1_517' title='bbox 1904 477 1982 508; x_wconf 88' lang='lat' dir='ltr'><em>libri</em></span> <span class='ocrx_word' id='word_1_518' title='bbox 2017 477 2162 510; x_wconf 86' lang='lat' dir='ltr'><em>Stobaei.</em></span> <span class='ocrx_word' id='word_1_519' title='bbox 2200 476 2253 511; x_wconf 84' lang='lat' dir='ltr'><em>Cf.</em></span> 
     </span>
     <span class='ocr_line' id='line_1_73' title="bbox 1243 521 2253 571; baseline 0.002 -16"><span class='ocrx_word' id='word_1_520' title='bbox 1243 524 1388 563; x_wconf 87' lang='lat' dir='ltr'><em>Hesych.</em></span> <span class='ocrx_word' id='word_1_521' title='bbox 1410 525 1433 555; x_wconf 89' lang='lat' dir='ltr'><em>i.</em></span> <span class='ocrx_word' id='word_1_522' title='bbox 1456 534 1486 555; x_wconf 88' lang='lat' dir='ltr'><em>V.</em></span> <span class='ocrx_word' id='word_1_523' title='bbox 1508 522 1774 570; x_wconf 70' lang='grc' dir='ltr'>προσηκόντωςε</span> <span class='ocrx_word' id='word_1_524' title='bbox 1803 521 2022 568; x_wconf 84' lang='grc' dir='ltr'>ὀφειλόντως.</span> <span class='ocrx_word' id='word_1_525' title='bbox 2043 522 2253 571; x_wconf 84' lang='grc' dir='ltr'>πρεπόντως.</span> 
     </span>
     <span class='ocr_line' id='line_1_74' title="bbox 1243 569 2255 619; baseline 0.001 -16"><span class='ocrx_word' id='word_1_526' title='bbox 1243 569 1400 608; x_wconf 78' lang='grc' dir='ltr'>δεόντως.</span> <span class='ocrx_word' id='word_1_527' title='bbox 1438 571 1507 602; x_wconf 90' lang='lat' dir='ltr'><em>Alii</em></span> <span class='ocrx_word' id='word_1_528' title='bbox 1533 571 1628 603; x_wconf 88' lang='lat' dir='ltr'><em>codd.</em></span> <span class='ocrx_word' id='word_1_529' title='bbox 1666 569 1875 616; x_wconf 88' lang='grc' dir='ltr'>προσόντως.</span> <span class='ocrx_word' id='word_1_530' title='bbox 1911 572 2038 603; x_wconf 87' lang='lat' dir='ltr'><em>Nauck.</em></span> <span class='ocrx_word' id='word_1_531' title='bbox 2068 572 2154 603; x_wconf 91' lang='lat' dir='ltr'><em>coni.</em></span> <span class='ocrx_word' id='word_1_532' title='bbox 2176 582 2255 619; x_wconf 91' lang='grc' dir='ltr'>πρε-</span> 
     </span>
     <span class='ocr_line' id='line_1_75' title="bbox 1243 616 1522 662; baseline -0.004 -11"><span class='ocrx_word' id='word_1_533' title='bbox 1243 616 1387 655; x_wconf 86' lang='grc' dir='ltr'>πόντως.</span> <span class='ocrx_word' id='word_1_534' title='bbox 1417 628 1449 660; x_wconf 95' lang='lat' dir='ltr'><em>q.</em></span> <span class='ocrx_word' id='word_1_535' title='bbox 1471 616 1522 662; x_wconf 91' lang='lat' dir='ltr'><em>V.]</em></span> 
     </span>
    </p>
   </div>
   <div class='ocr_carea' id='block_1_17' title="bbox 1244 673 2263 1338">
    <p class='ocr_par' dir='ltr' id='par_1_21' title="bbox 1244 673 2263 1338">
     <span class='ocr_line' id='line_1_76' title="bbox 1314 673 2257 722; baseline -0.001 -12"><span class='ocrx_word' id='word_1_536' title='bbox 1314 673 1343 710; x_wconf 83' lang='lat' dir='ltr'><em>[l</em></span> <span class='ocrx_word' id='word_1_537' title='bbox 1385 674 1547 721; x_wconf 87' lang='grc' dir='ltr'>οσήκω.</span> <span class='ocrx_word' id='word_1_538' title='bbox 1569 676 1583 718; x_wconf 85' lang='grc' dir='ltr'><em>ΙΙ</em></span> <span class='ocrx_word' id='word_1_539' title='bbox 1601 677 1731 708; x_wconf 81' lang='lat' dir='ltr'><em>adsum.</em></span> <span class='ocrx_word' id='word_1_540' title='bbox 1760 674 1857 722; x_wconf 79' lang='grc' dir='ltr'>εἴπερ</span> <span class='ocrx_word' id='word_1_541' title='bbox 1875 675 1923 714; x_wconf 82' lang='grc' dir='ltr'>ὡς</span> <span class='ocrx_word' id='word_1_542' title='bbox 1947 674 2043 721; x_wconf 84' lang='grc' dir='ltr'>φίλοι</span> <span class='ocrx_word' id='word_1_543' title='bbox 2066 674 2257 722; x_wconf 88' lang='grc' dir='ltr'>προσήκετε</span> 
     </span>
     <span class='ocr_line' id='line_1_77' title="bbox 1244 687 2258 772; baseline 0.001 -17"><span class='ocrx_word' id='word_1_544' title='bbox 1244 724 1304 756; x_wconf 90' lang='lat' dir='ltr'><em>Ph.</em></span> <span class='ocrx_word' id='word_1_545' title='bbox 1326 687 1406 756; x_wconf 54' lang='lat'>2⁴39.</span> <span class='ocrx_word' id='word_1_546' title='bbox 1445 718 1557 772; x_wconf 78' lang='grc' dir='ltr'>οὕνεχ’</span> <span class='ocrx_word' id='word_1_547' title='bbox 1582 722 1668 769; x_wconf 87' lang='grc' dir='ltr'>ήμῖν</span> <span class='ocrx_word' id='word_1_548' title='bbox 1694 721 1803 761; x_wconf 79' lang='grc' dir='ltr'>αἴσιος</span> <span class='ocrx_word' id='word_1_549' title='bbox 1830 723 1957 761; x_wconf 86' lang='grc' dir='ltr'>σκοπὸς</span> <span class='ocrx_word' id='word_1_550' title='bbox 1984 722 2170 769; x_wconf 86' lang='grc' dir='ltr'>προσήκεις</span> <span class='ocrx_word' id='word_1_551' title='bbox 2202 723 2258 756; x_wconf 81' lang='lat' dir='ltr'><em>OG</em></span> 
     </span>
     <span class='ocr_line' id='line_1_78' title="bbox 1244 768 2259 817; baseline -0.001 -14"><span class='ocrx_word' id='word_1_552' title='bbox 1244 768 1300 803; x_wconf 84' lang='lat'><em>35.</em></span> <span class='ocrx_word' id='word_1_553' title='bbox 1330 769 1471 816; x_wconf 82' lang='grc' dir='ltr'>σμικρὸς</span> <span class='ocrx_word' id='word_1_554' title='bbox 1490 770 1675 817; x_wconf 86' lang='grc' dir='ltr'>προσήκεις</span> <span class='ocrx_word' id='word_1_555' title='bbox 1693 768 1796 816; x_wconf 86' lang='grc' dir='ltr'>ὄγκος</span> <span class='ocrx_word' id='word_1_556' title='bbox 1821 772 1875 803; x_wconf 89' lang='grc' dir='ltr'><em>ΕΙ.</em></span> <span class='ocrx_word' id='word_1_557' title='bbox 1899 768 1999 803; x_wconf 88' lang='grc'>1142.</span> <span class='ocrx_word' id='word_1_558' title='bbox 2022 789 2066 794; x_wconf 86' lang='lat'><em>—-</em></span> <span class='ocrx_word' id='word_1_559' title='bbox 2090 771 2105 813; x_wconf 80' lang='lat' dir='ltr'><em>u</em></span> <span class='ocrx_word' id='word_1_560' title='bbox 2130 771 2259 812; x_wconf 86' lang='lat' dir='ltr'><em>Imper-</em></span> 
     </span>
     <span class='ocr_line' id='line_1_79' title="bbox 1245 818 2259 859; baseline -0.001 -9"><span class='ocrx_word' id='word_1_561' title='bbox 1245 819 1351 850; x_wconf 86' lang='lat' dir='ltr'><em>sonali</em></span> <span class='ocrx_word' id='word_1_562' title='bbox 1370 819 1464 850; x_wconf 89' lang='lat' dir='ltr'><em>modo</em></span> <span class='ocrx_word' id='word_1_563' title='bbox 1482 819 1610 851; x_wconf 87' lang='lat' dir='ltr'><em>dictum</em></span> <span class='ocrx_word' id='word_1_564' title='bbox 1628 820 1801 851; x_wconf 85' lang='lat' dir='ltr'><em>convenire</em></span> <span class='ocrx_word' id='word_1_565' title='bbox 1819 820 1854 850; x_wconf 82' lang='lat' dir='ltr'><em>in</em></span> <span class='ocrx_word' id='word_1_566' title='bbox 1870 819 2026 859; x_wconf 82' lang='lat' dir='ltr'><em>aliquem.</em></span> <span class='ocrx_word' id='word_1_567' title='bbox 2066 818 2222 850; x_wconf 85' lang='lat' dir='ltr'><em>Proxime</em></span> <span class='ocrx_word' id='word_1_568' title='bbox 2239 829 2259 850; x_wconf 87' lang='lat' dir='ltr'><em>a</em></span> 
     </span>
     <span class='ocr_line' id='line_1_80' title="bbox 1245 862 2259 911; baseline 0 -14"><span class='ocrx_word' id='word_1_569' title='bbox 1245 867 1377 907; x_wconf 88' lang='lat' dir='ltr'><em>propria</em></span> <span class='ocrx_word' id='word_1_570' title='bbox 1411 866 1659 905; x_wconf 83' lang='lat' dir='ltr'><em>significatione</em></span> <span class='ocrx_word' id='word_1_571' title='bbox 1691 867 1786 898; x_wconf 84' lang='lat' dir='ltr'><em>abest</em></span> <span class='ocrx_word' id='word_1_572' title='bbox 1819 864 1848 898; x_wconf 81' lang='grc' dir='ltr'><em>εἰ</em></span> <span class='ocrx_word' id='word_1_573' title='bbox 1882 863 1920 903; x_wconf 87' lang='grc' dir='ltr'><em>δὲ</em></span> <span class='ocrx_word' id='word_1_574' title='bbox 1951 865 2002 909; x_wconf 84' lang='grc' dir='ltr'><em>τῷ</em></span> <span class='ocrx_word' id='word_1_575' title='bbox 2030 863 2115 911; x_wconf 79' lang='grc' dir='ltr'>ξένῳ</span> <span class='ocrx_word' id='word_1_576' title='bbox 2147 862 2259 910; x_wconf 86' lang='grc' dir='ltr'>τούτῳ</span> 
     </span>
     <span class='ocr_line' id='line_1_81' title="bbox 1245 909 2260 960; baseline -0.002 -14"><span class='ocrx_word' id='word_1_577' title='bbox 1245 911 1411 960; x_wconf 85' lang='grc' dir='ltr'>προσήκει</span> <span class='ocrx_word' id='word_1_578' title='bbox 1428 909 1528 958; x_wconf 85' lang='grc' dir='ltr'>Λαΐῳ</span> <span class='ocrx_word' id='word_1_579' title='bbox 1553 924 1585 946; x_wconf 86' lang='grc' dir='ltr'><em>τι</em></span> <span class='ocrx_word' id='word_1_580' title='bbox 1608 911 1765 958; x_wconf 85' lang='grc' dir='ltr'>συγγενές</span> <span class='ocrx_word' id='word_1_581' title='bbox 1783 913 1841 946; x_wconf 90' lang='lat' dir='ltr'><em>OR</em></span> <span class='ocrx_word' id='word_1_582' title='bbox 1857 910 1937 946; x_wconf 84' lang='lat'>814.</span> <span class='ocrx_word' id='word_1_583' title='bbox 1974 913 2071 945; x_wconf 88' lang='lat' dir='ltr'><em>Both.</em></span> <span class='ocrx_word' id='word_1_584' title='bbox 2097 913 2260 954; x_wconf 79' lang='lat' dir='ltr'><em>probante</em></span> 
     </span>
     <span class='ocr_line' id='line_1_82' title="bbox 1247 957 2259 994; baseline -0.003 -1"><span class='ocrx_word' id='word_1_585' title='bbox 1247 962 1409 993; x_wconf 85' lang='lat' dir='ltr'><em>Elmsleio</em></span> <span class='ocrx_word' id='word_1_586' title='bbox 1422 957 1545 994; x_wconf 85' lang='grc' dir='ltr'>Λαΐου.</span> <span class='ocrx_word' id='word_1_587' title='bbox 1567 963 1595 992; x_wconf 74' lang='lat' dir='ltr'><em>si</em></span> <span class='ocrx_word' id='word_1_588' title='bbox 1611 961 1812 992; x_wconf 76' lang='lat' dir='ltr'><em>necessitudo</em></span> <span class='ocrx_word' id='word_1_589' title='bbox 1824 970 1899 992; x_wconf 87' lang='lat' dir='ltr'><em>cum</em></span> <span class='ocrx_word' id='word_1_590' title='bbox 1911 960 1994 992; x_wconf 85' lang='lat' dir='ltr'><em>Laio</em></span> <span class='ocrx_word' id='word_1_591' title='bbox 2013 961 2049 992; x_wconf 81' lang='lat' dir='ltr'><em>in</em></span> <span class='ocrx_word' id='word_1_592' title='bbox 2061 969 2137 991; x_wconf 85' lang='lat' dir='ltr'><em>eum</em></span> <span class='ocrx_word' id='word_1_593' title='bbox 2149 959 2238 992; x_wconf 78' lang='lat' dir='ltr'><em>cadit</em></span> <span class='ocrx_word' id='word_1_594' title='bbox 2249 971 2259 990; x_wconf 89' lang='lat'><em>:</em></span> 
     </span>
     <span class='ocr_line' id='line_1_83' title="bbox 1246 1006 2260 1055; baseline -0.002 -15"><span class='ocrx_word' id='word_1_595' title='bbox 1246 1010 1326 1040; x_wconf 90' lang='lat' dir='ltr'><em>hinc</em></span> <span class='ocrx_word' id='word_1_596' title='bbox 1351 1006 1384 1041; x_wconf 80' lang='grc' dir='ltr'><em>οἱ</em></span> <span class='ocrx_word' id='word_1_597' title='bbox 1409 1006 1641 1055; x_wconf 85' lang='grc' dir='ltr'>προσήκοντες</span> <span class='ocrx_word' id='word_1_598' title='bbox 1666 1007 1864 1048; x_wconf 87' lang='lat' dir='ltr'><em>aliquando,</em></span> <span class='ocrx_word' id='word_1_599' title='bbox 1899 1007 1990 1049; x_wconf 90' lang='lat' dir='ltr'><em>apud</em></span> <span class='ocrx_word' id='word_1_600' title='bbox 2014 1008 2096 1039; x_wconf 87' lang='lat' dir='ltr'><em>alios</em></span> <span class='ocrx_word' id='word_1_601' title='bbox 2123 1007 2260 1048; x_wconf 89' lang='lat' dir='ltr'><em>quidem</em></span> 
     </span>
     <span class='ocr_line' id='line_1_84' title="bbox 1246 1054 2261 1096; baseline -0.002 -9"><span class='ocrx_word' id='word_1_602' title='bbox 1246 1057 1406 1096; x_wconf 81' lang='lat' dir='ltr'><em>tragicos,</em></span> <span class='ocrx_word' id='word_1_603' title='bbox 1435 1059 1591 1095; x_wconf 70' lang='lat' dir='ltr'><em>coynatos</em></span> <span class='ocrx_word' id='word_1_604' title='bbox 1616 1055 1794 1095; x_wconf 83' lang='lat' dir='ltr'><em>significat.</em></span> <span class='ocrx_word' id='word_1_605' title='bbox 1822 1055 1905 1087; x_wconf 89' lang='lat' dir='ltr'><em>Inde</em></span> <span class='ocrx_word' id='word_1_606' title='bbox 1932 1055 1972 1087; x_wconf 85' lang='lat' dir='ltr'><em>ad</em></span> <span class='ocrx_word' id='word_1_607' title='bbox 1996 1054 2146 1096; x_wconf 76' lang='lat' dir='ltr'><em>officium</em></span> <span class='ocrx_word' id='word_1_608' title='bbox 2169 1054 2261 1094; x_wconf 86' lang='lat' dir='ltr'><em>indi-</em></span> 
     </span>
     <span class='ocr_line' id='line_1_85' title="bbox 1248 1094 2261 1148; baseline -0.001 -14"><span class='ocrx_word' id='word_1_609' title='bbox 1248 1104 1390 1135; x_wconf 84' lang='lat' dir='ltr'><em>candum</em></span> <span class='ocrx_word' id='word_1_610' title='bbox 1409 1103 1616 1134; x_wconf 83' lang='lat' dir='ltr'><em>traducitur:</em></span> <span class='ocrx_word' id='word_1_611' title='bbox 1652 1101 1702 1146; x_wconf 83' lang='grc' dir='ltr'><em>τῷ</em></span> <span class='ocrx_word' id='word_1_612' title='bbox 1726 1100 1790 1148; x_wconf 82' lang='grc' dir='ltr'><em>γὰρ</em></span> <span class='ocrx_word' id='word_1_613' title='bbox 1816 1100 1985 1148; x_wconf 84' lang='grc' dir='ltr'>προσήκει</span> <span class='ocrx_word' id='word_1_614' title='bbox 2010 1099 2100 1146; x_wconf 88' lang='grc' dir='ltr'>πλήν</span> <span class='ocrx_word' id='word_1_615' title='bbox 2126 1095 2157 1146; x_wconf 77' lang='grc' dir='ltr'>γ’</span> <span class='ocrx_word' id='word_1_616' title='bbox 2174 1094 2261 1146; x_wconf 83' lang='grc' dir='ltr'><em>Ιἐμοῦ</em></span> 
     </span>
     <span class='ocr_line' id='line_1_86' title="bbox 1247 1145 2261 1190; baseline -0.001 -7"><span class='ocrx_word' id='word_1_617' title='bbox 1247 1148 1307 1183; x_wconf 87' lang='grc' dir='ltr'><em>καὶ</em></span> <span class='ocrx_word' id='word_1_618' title='bbox 1332 1151 1392 1182; x_wconf 90' lang='grc' dir='ltr'><em>σοῦ</em></span> <span class='ocrx_word' id='word_1_619' title='bbox 1417 1147 1516 1190; x_wconf 73' lang='grc' dir='ltr'>τόδε,</span> <span class='ocrx_word' id='word_1_620' title='bbox 1547 1150 1599 1181; x_wconf 90' lang='lat' dir='ltr'><em>El.</em></span> <span class='ocrx_word' id='word_1_621' title='bbox 1622 1145 1710 1190; x_wconf 89' lang='lat'>909,</span> <span class='ocrx_word' id='word_1_622' title='bbox 1746 1151 1828 1182; x_wconf 88' lang='lat' dir='ltr'><em>item</em></span> <span class='ocrx_word' id='word_1_623' title='bbox 1852 1149 2039 1190; x_wconf 83' lang='lat' dir='ltr'><em>generatim</em></span> <span class='ocrx_word' id='word_1_624' title='bbox 2064 1149 2189 1180; x_wconf 84' lang='lat' dir='ltr'><em>dicitur</em></span> <span class='ocrx_word' id='word_1_625' title='bbox 2221 1145 2261 1182; x_wconf 75' lang='grc' dir='ltr'><em>οὗ</em></span> 
     </span>
     <span class='ocr_line' id='line_1_87' title="bbox 1249 1192 2263 1242; baseline -0.003 -12"><span class='ocrx_word' id='word_1_626' title='bbox 1249 1208 1301 1231; x_wconf 94' lang='grc' dir='ltr'><em>σοι</em></span> <span class='ocrx_word' id='word_1_627' title='bbox 1325 1195 1492 1242; x_wconf 87' lang='grc' dir='ltr'>προσήκει</span> <span class='ocrx_word' id='word_1_628' title='bbox 1521 1195 1624 1242; x_wconf 90' lang='grc' dir='ltr'>τήνδε</span> <span class='ocrx_word' id='word_1_629' title='bbox 1657 1198 1874 1242; x_wconf 81' lang='grc' dir='ltr'>προσφωνεῖν</span> <span class='ocrx_word' id='word_1_630' title='bbox 1907 1195 2007 1242; x_wconf 83' lang='grc' dir='ltr'>φάτιν</span> <span class='ocrx_word' id='word_1_631' title='bbox 2035 1192 2136 1228; x_wconf 86' lang='grc'>1213.</span> <span class='ocrx_word' id='word_1_632' title='bbox 2166 1199 2263 1227; x_wconf 87' lang='lat' dir='ltr'><em>tuum</em></span> 
     </span>
     <span class='ocr_line' id='line_1_88' title="bbox 1247 1241 2260 1290; baseline 0 -14"><span class='ocrx_word' id='word_1_633' title='bbox 1247 1255 1316 1276; x_wconf 81' lang='lat' dir='ltr'><em>non</em></span> <span class='ocrx_word' id='word_1_634' title='bbox 1333 1248 1390 1276; x_wconf 78' lang='lat' dir='ltr'><em>est.</em></span> <span class='ocrx_word' id='word_1_635' title='bbox 1413 1245 1464 1276; x_wconf 93' lang='lat' dir='ltr'><em>De</em></span> <span class='ocrx_word' id='word_1_636' title='bbox 1484 1245 1601 1285; x_wconf 83' lang='lat' dir='ltr'><em>Eriph.</em></span> <span class='ocrx_word' id='word_1_637' title='bbox 1623 1241 1755 1277; x_wconf 78' lang='lat' dir='ltr'>sr.206.</span> <span class='ocrx_word' id='word_1_638' title='bbox 1769 1255 1801 1276; x_wconf 94' lang='lat' dir='ltr'><em>v.</em></span> <span class='ocrx_word' id='word_1_639' title='bbox 1814 1242 1984 1290; x_wconf 78' lang='grc' dir='ltr'>πρόσειμι,</span> <span class='ocrx_word' id='word_1_640' title='bbox 2002 1241 2260 1289; x_wconf 82' lang='grc' dir='ltr'>προσηκόντως,</span> 
     </span>
     <span class='ocr_line' id='line_1_89' title="bbox 1249 1286 2263 1338; baseline -0.003 -13"><span class='ocrx_word' id='word_1_641' title='bbox 1249 1290 1460 1338; x_wconf 89' lang='grc' dir='ltr'>πρεπόντως.</span> <span class='ocrx_word' id='word_1_642' title='bbox 2038 1288 2089 1334; x_wconf 84' lang='grc' dir='ltr'><em>(Π</em></span> <span class='ocrx_word' id='word_1_643' title='bbox 2107 1300 2141 1332; x_wconf 89' lang='lat' dir='ltr'><em>p.</em></span> <span class='ocrx_word' id='word_1_644' title='bbox 2162 1286 2263 1334; x_wconf 85' lang='lat'>660.)</span> 
     </span>
    </p>
   </div>
   <div class='ocr_carea' id='block_1_18' title="bbox 1250 1358 2264 1604">
    <p class='ocr_par' dir='ltr' id='par_1_22' title="bbox 1250 1358 2264 1442">
     <span class='ocr_line' id='line_1_90' title="bbox 1250 1358 2264 1442; baseline -0.002 -46"><span class='ocrx_word' id='word_1_645' title='bbox 1250 1411 1308 1442; x_wconf 64' lang='grc' dir='ltr'><em>ΟΒ</em></span> <span class='ocrx_word' id='word_1_646' title='bbox 1322 1359 1380 1442; x_wconf 68' lang='grc' dir='ltr'>[115ρ</span> <span class='ocrx_word' id='word_1_647' title='bbox 1391 1360 1408 1396; x_wconf 91' lang='grc' dir='ltr'>ό</span> <span class='ocrx_word' id='word_1_648' title='bbox 1419 1372 1469 1407; x_wconf 89' lang='grc' dir='ltr'><em>ση</em></span> <span class='ocrx_word' id='word_1_649' title='bbox 1481 1373 1557 1406; x_wconf 89' lang='grc' dir='ltr'><em>μαι</em></span> <span class='ocrx_word' id='word_1_650' title='bbox 1575 1361 1713 1394; x_wconf 75' lang='lat' dir='ltr'><em>assideo,</em></span> <span class='ocrx_word' id='word_1_651' title='bbox 1742 1360 1860 1407; x_wconf 82' lang='grc' dir='ltr'>ἡλίκοι</span> <span class='ocrx_word' id='word_1_652' title='bbox 1888 1358 2097 1407; x_wconf 81' lang='grc' dir='ltr'>προσήμεθα</span> <span class='ocrx_word' id='word_1_653' title='bbox 2115 1359 2264 1406; x_wconf 87' lang='grc' dir='ltr'>βωμοῖσι</span> 
     </span>
    </p>

    <p class='ocr_par' dir='ltr' id='par_1_23' title="bbox 1250 1462 2264 1604">
     <span class='ocr_line' id='line_1_91' title="bbox 1321 1462 2264 1514; baseline -0.003 -12"><span class='ocrx_word' id='word_1_654' title='bbox 1321 1466 1350 1502; x_wconf 86' lang='grc' dir='ltr'>Π</span> <span class='ocrx_word' id='word_1_655' title='bbox 1363 1479 1380 1514; x_wconf 91' lang='grc' dir='ltr'>ρ</span> <span class='ocrx_word' id='word_1_656' title='bbox 1391 1480 1409 1502; x_wconf 92' lang='grc' dir='ltr'><em>ο</em></span> <span class='ocrx_word' id='word_1_657' title='bbox 1421 1479 1439 1501; x_wconf 91' lang='grc' dir='ltr'><em>σ</em></span> <span class='ocrx_word' id='word_1_658' title='bbox 1449 1465 1472 1502; x_wconf 88' lang='grc' dir='ltr'>θ</span> <span class='ocrx_word' id='word_1_659' title='bbox 1485 1465 1534 1501; x_wconf 78' lang='grc' dir='ltr'><em>δικ</em></span> <span class='ocrx_word' id='word_1_660' title='bbox 1544 1466 1560 1502; x_wconf 91' lang='grc' dir='ltr'>έ</span> <span class='ocrx_word' id='word_1_661' title='bbox 1571 1481 1599 1501; x_wconf 91' lang='grc' dir='ltr'>ω</span> <span class='ocrx_word' id='word_1_662' title='bbox 1616 1469 1752 1501; x_wconf 76' lang='lat' dir='ltr'><em>assideo.</em></span> <span class='ocrx_word' id='word_1_663' title='bbox 1780 1462 1871 1513; x_wconf 83' lang='grc' dir='ltr'>τήνδ’</span> <span class='ocrx_word' id='word_1_664' title='bbox 1900 1465 1918 1501; x_wconf 87' lang='grc' dir='ltr'><strong>ὁ</strong></span> <span class='ocrx_word' id='word_1_665' title='bbox 1936 1465 2144 1512; x_wconf 82' lang='grc' dir='ltr'>προσθακῶν</span> <span class='ocrx_word' id='word_1_666' title='bbox 2164 1464 2264 1514; x_wconf 73' lang='grc' dir='ltr'>ἕδραν</span> 
     </span>
     <span class='ocr_line' id='line_1_92' title="bbox 1250 1512 2260 1557; baseline -0.001 -10"><span class='ocrx_word' id='word_1_667' title='bbox 1250 1516 1305 1549; x_wconf 84' lang='lat' dir='ltr'><em>OC</em></span> <span class='ocrx_word' id='word_1_668' title='bbox 1319 1513 1420 1548; x_wconf 88' lang='grc'>1164.</span> <span class='ocrx_word' id='word_1_669' title='bbox 1441 1517 1492 1549; x_wconf 91' lang='lat' dir='ltr'><em>De</em></span> <span class='ocrx_word' id='word_1_670' title='bbox 1511 1526 1589 1548; x_wconf 86' lang='lat' dir='ltr'><em>casu</em></span> <span class='ocrx_word' id='word_1_671' title='bbox 1604 1519 1721 1557; x_wconf 85' lang='lat' dir='ltr'><em>quarto</em></span> <span class='ocrx_word' id='word_1_672' title='bbox 1735 1516 1846 1548; x_wconf 87' lang='lat' dir='ltr'><em>addito</em></span> <span class='ocrx_word' id='word_1_673' title='bbox 1860 1526 1891 1547; x_wconf 95' lang='lat' dir='ltr'><em>V.</em></span> <span class='ocrx_word' id='word_1_674' title='bbox 1913 1512 2030 1553; x_wconf 74' lang='grc' dir='ltr'>θοάζω</span> <span class='ocrx_word' id='word_1_675' title='bbox 2048 1518 2083 1547; x_wconf 90' lang='lat' dir='ltr'><em>et</em></span> <span class='ocrx_word' id='word_1_676' title='bbox 2099 1515 2260 1547; x_wconf 86' lang='lat' dir='ltr'><em>Abresch.</em></span> 
     </span>
     <span class='ocr_line' id='line_1_93' title="bbox 1250 1559 2008 1604; baseline 0 -9"><span class='ocrx_word' id='word_1_677' title='bbox 1250 1564 1290 1595; x_wconf 88' lang='lat' dir='ltr'><em>ad</em></span> <span class='ocrx_word' id='word_1_678' title='bbox 1308 1564 1431 1595; x_wconf 88' lang='lat' dir='ltr'><em>Aesch.</em></span> <span class='ocrx_word' id='word_1_679' title='bbox 1453 1564 1515 1603; x_wconf 79' lang='lat' dir='ltr'><em>Ag.</em></span> <span class='ocrx_word' id='word_1_680' title='bbox 1538 1559 1616 1595; x_wconf 88' lang='lat'>673.</span> <span class='ocrx_word' id='word_1_681' title='bbox 1638 1564 1718 1595; x_wconf 89' lang='lat' dir='ltr'>Lob.</span> <span class='ocrx_word' id='word_1_682' title='bbox 1740 1563 1781 1595; x_wconf 91' lang='lat' dir='ltr'><em>ad</em></span> <span class='ocrx_word' id='word_1_683' title='bbox 1799 1564 1853 1595; x_wconf 88' lang='lat' dir='ltr'><em>Ai.</em></span> <span class='ocrx_word' id='word_1_684' title='bbox 1873 1572 1907 1604; x_wconf 90' lang='lat' dir='ltr'><em>p.</em></span> <span class='ocrx_word' id='word_1_685' title='bbox 1927 1559 2008 1595; x_wconf 83' lang='lat'>249.</span> 
     </span>
    </p>
   </div>
   <div class='ocr_carea' id='block_1_19' title="bbox 1250 1631 2271 3467">
    <p class='ocr_par' dir='ltr' id='par_1_24' title="bbox 1250 1631 2270 3045">
     <span class='ocr_line' id='line_1_94' title="bbox 1322 1631 2267 1679; baseline -0.004 -11"><span class='ocrx_word' id='word_1_686' title='bbox 1322 1631 1494 1679; x_wconf 87' lang='grc' dir='ltr'>Πρόσθε</span> <span class='ocrx_word' id='word_1_687' title='bbox 1522 1638 1557 1666; x_wconf 88' lang='lat' dir='ltr'><em>et</em></span> <span class='ocrx_word' id='word_1_688' title='bbox 1581 1631 1741 1679; x_wconf 91' lang='grc' dir='ltr'>πρόσθεν.</span> <span class='ocrx_word' id='word_1_689' title='bbox 1772 1635 1823 1665; x_wconf 94' lang='lat' dir='ltr'><em>De</em></span> <span class='ocrx_word' id='word_1_690' title='bbox 1848 1632 1960 1673; x_wconf 83' lang='lat' dir='ltr'><em>forma</em></span> <span class='ocrx_word' id='word_1_691' title='bbox 1985 1634 2106 1665; x_wconf 86' lang='lat' dir='ltr'><em>mirum</em></span> <span class='ocrx_word' id='word_1_692' title='bbox 2131 1635 2185 1664; x_wconf 85' lang='lat' dir='ltr'><em>est</em></span> <span class='ocrx_word' id='word_1_693' title='bbox 2202 1633 2267 1664; x_wconf 93' lang='lat' dir='ltr'><em>Lo-</em></span> 
     </span>
     <span class='ocr_line' id='line_1_95' title="bbox 1250 1677 2266 1722; baseline -0.002 -9"><span class='ocrx_word' id='word_1_694' title='bbox 1250 1682 1362 1713; x_wconf 87' lang='lat' dir='ltr'><em>beckii</em></span> <span class='ocrx_word' id='word_1_695' title='bbox 1378 1683 1582 1714; x_wconf 88' lang='lat' dir='ltr'><em>sententiam</em></span> <span class='ocrx_word' id='word_1_696' title='bbox 1601 1681 1641 1712; x_wconf 87' lang='lat' dir='ltr'><em>ad</em></span> <span class='ocrx_word' id='word_1_697' title='bbox 1659 1681 1783 1721; x_wconf 89' lang='lat' dir='ltr'><em>Phryn.</em></span> <span class='ocrx_word' id='word_1_698' title='bbox 1805 1691 1838 1722; x_wconf 90' lang='lat' dir='ltr'><em>p.</em></span> <span class='ocrx_word' id='word_1_699' title='bbox 1860 1677 1941 1712; x_wconf 87' lang='lat'>284.</span> <span class='ocrx_word' id='word_1_700' title='bbox 1970 1681 2051 1712; x_wconf 80' lang='lat' dir='ltr'><em>adeo</em></span> <span class='ocrx_word' id='word_1_701' title='bbox 2069 1690 2135 1712; x_wconf 87' lang='lat' dir='ltr'><em>non</em></span> <span class='ocrx_word' id='word_1_702' title='bbox 2160 1680 2266 1711; x_wconf 86' lang='lat' dir='ltr'><em>intel-</em></span> 
     </span>
     <span class='ocr_line' id='line_1_96' title="bbox 1251 1723 2262 1770; baseline -0.002 -10"><span class='ocrx_word' id='word_1_703' title='bbox 1251 1730 1371 1760; x_wconf 85' lang='lat' dir='ltr'><em>lectam</em></span> <span class='ocrx_word' id='word_1_704' title='bbox 1390 1739 1464 1761; x_wconf 88' lang='lat' dir='ltr'><em>esse</em></span> <span class='ocrx_word' id='word_1_705' title='bbox 1481 1756 1488 1770; x_wconf 86' lang='lat'><em>,</em></span> <span class='ocrx_word' id='word_1_706' title='bbox 1517 1732 1555 1760; x_wconf 91' lang='lat' dir='ltr'><em>ut</em></span> <span class='ocrx_word' id='word_1_707' title='bbox 1574 1728 1708 1761; x_wconf 82' lang='lat' dir='ltr'><em>Schaef.</em></span> <span class='ocrx_word' id='word_1_708' title='bbox 1736 1739 1812 1769; x_wconf 90' lang='lat' dir='ltr'><em>app.</em></span> <span class='ocrx_word' id='word_1_709' title='bbox 1837 1728 1877 1759; x_wconf 90' lang='lat' dir='ltr'><em>ad</em></span> <span class='ocrx_word' id='word_1_710' title='bbox 1897 1728 1994 1759; x_wconf 90' lang='lat' dir='ltr'><em>Dem.</em></span> <span class='ocrx_word' id='word_1_711' title='bbox 2023 1731 2048 1759; x_wconf 91' lang='lat' dir='ltr'><em>t.</em></span> <span class='ocrx_word' id='word_1_712' title='bbox 2070 1723 2104 1760; x_wconf 91' lang='lat'><em>2.</em></span> <span class='ocrx_word' id='word_1_713' title='bbox 2127 1737 2160 1768; x_wconf 89' lang='lat' dir='ltr'><em>p.</em></span> <span class='ocrx_word' id='word_1_714' title='bbox 2182 1723 2262 1759; x_wconf 88' lang='lat'>273.</span> 
     </span>
     <span class='ocr_line' id='line_1_97' title="bbox 1251 1775 2266 1818; baseline -0.002 -10"><span class='ocrx_word' id='word_1_715' title='bbox 1251 1781 1427 1818; x_wconf 87' lang='lat' dir='ltr'><em>propterea</em></span> <span class='ocrx_word' id='word_1_716' title='bbox 1440 1777 1529 1817; x_wconf 86' lang='lat' dir='ltr'><em>quod</em></span> <span class='ocrx_word' id='word_1_717' title='bbox 1547 1777 1756 1808; x_wconf 88' lang='lat' dir='ltr'><em>scenicorum</em></span> <span class='ocrx_word' id='word_1_718' title='bbox 1774 1776 1965 1807; x_wconf 88' lang='lat' dir='ltr'><em>indubitata</em></span> <span class='ocrx_word' id='word_1_719' title='bbox 1977 1775 2169 1806; x_wconf 84' lang='lat' dir='ltr'><em>decurtatae</em></span> <span class='ocrx_word' id='word_1_720' title='bbox 2183 1775 2266 1806; x_wconf 82' lang='lat' dir='ltr'><em>scri-</em></span> 
     </span>
     <span class='ocr_line' id='line_1_98' title="bbox 1252 1822 2267 1864; baseline -0.004 -9"><span class='ocrx_word' id='word_1_721' title='bbox 1252 1827 1371 1864; x_wconf 89' lang='lat' dir='ltr'><em>pturae</em></span> <span class='ocrx_word' id='word_1_722' title='bbox 1385 1824 1542 1864; x_wconf 85' lang='lat' dir='ltr'><em>exempla</em></span> <span class='ocrx_word' id='word_1_723' title='bbox 1557 1825 1636 1863; x_wconf 89' lang='lat' dir='ltr'><em>sint,</em></span> <span class='ocrx_word' id='word_1_724' title='bbox 1658 1823 1799 1854; x_wconf 85' lang='lat' dir='ltr'><em>eandem</em></span> <span class='ocrx_word' id='word_1_725' title='bbox 1812 1823 1914 1854; x_wconf 86' lang='lat' dir='ltr'><em>etiam</em></span> <span class='ocrx_word' id='word_1_726' title='bbox 1928 1822 2087 1863; x_wconf 83' lang='lat' dir='ltr'><em>prosariis</em></span> <span class='ocrx_word' id='word_1_727' title='bbox 2101 1822 2267 1854; x_wconf 89' lang='lat' dir='ltr'><em>redonan-</em></span> 
     </span>
     <span class='ocr_line' id='line_1_99' title="bbox 1251 1865 2269 1914; baseline -0.002 -12"><span class='ocrx_word' id='word_1_728' title='bbox 1251 1871 1327 1902; x_wconf 89' lang='lat' dir='ltr'><em>dam</em></span> <span class='ocrx_word' id='word_1_729' title='bbox 1345 1875 1494 1911; x_wconf 80' lang='lat' dir='ltr'><em>putaret,</em></span> <span class='ocrx_word' id='word_1_730' title='bbox 1528 1870 1779 1911; x_wconf 87' lang='lat' dir='ltr'><em>reprehendens</em></span> <span class='ocrx_word' id='word_1_731' title='bbox 1798 1870 2003 1901; x_wconf 81' lang='lat' dir='ltr'><em>Lobeckium</em></span> <span class='ocrx_word' id='word_1_732' title='bbox 2018 1894 2026 1910; x_wconf 88' lang='lat'>,</span> <span class='ocrx_word' id='word_1_733' title='bbox 2054 1870 2114 1909; x_wconf 89' lang='lat' dir='ltr'><em>qui</em></span> <span class='ocrx_word' id='word_1_734' title='bbox 2139 1865 2269 1914; x_wconf 86' lang='grc' dir='ltr'>πρόσθε</span> 
     </span>
     <span class='ocr_line' id='line_1_100' title="bbox 1251 1916 2269 1950; baseline -0.003 -1"><span class='ocrx_word' id='word_1_735' title='bbox 1251 1928 1295 1949; x_wconf 83' lang='lat' dir='ltr'><em>ex</em></span> <span class='ocrx_word' id='word_1_736' title='bbox 1315 1918 1452 1950; x_wconf 83' lang='lat' dir='ltr'><em>Platone</em></span> <span class='ocrx_word' id='word_1_737' title='bbox 1478 1918 1698 1949; x_wconf 81' lang='lat' dir='ltr'><em>eximendum</em></span> <span class='ocrx_word' id='word_1_738' title='bbox 1724 1917 1936 1950; x_wconf 77' lang='lat' dir='ltr'><em>decreverat:</em></span> <span class='ocrx_word' id='word_1_739' title='bbox 1969 1916 2129 1948; x_wconf 81' lang='lat' dir='ltr'><em>Matthiae</em></span> <span class='ocrx_word' id='word_1_740' title='bbox 2156 1918 2269 1947; x_wconf 85' lang='lat' dir='ltr'><em>autem</em></span> 
     </span>
     <span class='ocr_line' id='line_1_101' title="bbox 1252 1960 2268 2004; baseline -0.002 -8"><span class='ocrx_word' id='word_1_741' title='bbox 1252 1965 1327 1997; x_wconf 90' lang='lat' dir='ltr'><em>add.</em></span> <span class='ocrx_word' id='word_1_742' title='bbox 1353 1965 1394 1996; x_wconf 81' lang='lat' dir='ltr'><em>ad</em></span> <span class='ocrx_word' id='word_1_743' title='bbox 1414 1965 1498 1996; x_wconf 90' lang='lat' dir='ltr'><em>Eur.</em></span> <span class='ocrx_word' id='word_1_744' title='bbox 1516 1965 1674 1996; x_wconf 88' lang='lat' dir='ltr'><em>Androm.</em></span> <span class='ocrx_word' id='word_1_745' title='bbox 1693 1961 1750 1996; x_wconf 89' lang='lat'><em>54.</em></span> <span class='ocrx_word' id='word_1_746' title='bbox 1771 1967 1797 1996; x_wconf 87' lang='lat' dir='ltr'><em>t.</em></span> <span class='ocrx_word' id='word_1_747' title='bbox 1810 1961 1842 1996; x_wconf 94' lang='lat'><em>7.</em></span> <span class='ocrx_word' id='word_1_748' title='bbox 1863 1973 1897 2004; x_wconf 88' lang='lat' dir='ltr'><em>p.</em></span> <span class='ocrx_word' id='word_1_749' title='bbox 1910 1960 1990 1995; x_wconf 88' lang='grc'>507.</span> <span class='ocrx_word' id='word_1_750' title='bbox 2011 1973 2084 1995; x_wconf 86' lang='lat' dir='ltr'><em>eam</em></span> <span class='ocrx_word' id='word_1_751' title='bbox 2103 1962 2268 1995; x_wconf 86' lang='lat' dir='ltr'><em>Lobeckio</em></span> 
     </span>
     <span class='ocr_line' id='line_1_102' title="bbox 1252 2009 2269 2053; baseline -0.002 -10"><span class='ocrx_word' id='word_1_752' title='bbox 1252 2013 1416 2044; x_wconf 86' lang='lat' dir='ltr'><em>rationem</em></span> <span class='ocrx_word' id='word_1_753' title='bbox 1434 2013 1572 2052; x_wconf 76' lang='lat' dir='ltr'><em>tribuit,</em></span> <span class='ocrx_word' id='word_1_754' title='bbox 1602 2012 1698 2053; x_wconf 87' lang='lat' dir='ltr'><em>quasi</em></span> <span class='ocrx_word' id='word_1_755' title='bbox 1727 2022 1746 2043; x_wconf 92' lang='lat' dir='ltr'><em>a</em></span> <span class='ocrx_word' id='word_1_756' title='bbox 1770 2012 1944 2043; x_wconf 84' lang='lat' dir='ltr'><em>veteribus</em></span> <span class='ocrx_word' id='word_1_757' title='bbox 1970 2011 2029 2042; x_wconf 86' lang='lat' dir='ltr'><em>illa</em></span> <span class='ocrx_word' id='word_1_758' title='bbox 2046 2009 2269 2042; x_wconf 73' lang='lat' dir='ltr'><em>abiudicauda</em></span> 
     </span>
     <span class='ocr_line' id='line_1_103' title="bbox 1253 2057 2270 2099; baseline -0.003 -8"><span class='ocrx_word' id='word_1_759' title='bbox 1253 2060 1333 2099; x_wconf 88' lang='lat' dir='ltr'><em>sint,</em></span> <span class='ocrx_word' id='word_1_760' title='bbox 1361 2060 1574 2091; x_wconf 84' lang='lat' dir='ltr'><em>concedenda</em></span> <span class='ocrx_word' id='word_1_761' title='bbox 1599 2059 1859 2098; x_wconf 82' lang='lat' dir='ltr'><em>recentioribus,</em></span> <span class='ocrx_word' id='word_1_762' title='bbox 1893 2068 1970 2090; x_wconf 90' lang='lat' dir='ltr'><em>cum</em></span> <span class='ocrx_word' id='word_1_763' title='bbox 1996 2061 2110 2089; x_wconf 86' lang='lat' dir='ltr'><em>tamen</em></span> <span class='ocrx_word' id='word_1_764' title='bbox 2128 2057 2270 2098; x_wconf 82' lang='lat' dir='ltr'><em>tragico-</em></span> 
     </span>
     <span class='ocr_line' id='line_1_104' title="bbox 1252 2105 2267 2147; baseline -0.002 -9"><span class='ocrx_word' id='word_1_765' title='bbox 1252 2117 1327 2138; x_wconf 89' lang='lat' dir='ltr'><em>rum</em></span> <span class='ocrx_word' id='word_1_766' title='bbox 1346 2110 1381 2138; x_wconf 89' lang='lat' dir='ltr'><em>et</em></span> <span class='ocrx_word' id='word_1_767' title='bbox 1397 2106 1636 2147; x_wconf 86' lang='lat' dir='ltr'><em>Aristophanis</em></span> <span class='ocrx_word' id='word_1_768' title='bbox 1654 2106 1762 2137; x_wconf 88' lang='lat' dir='ltr'><em>multa</em></span> <span class='ocrx_word' id='word_1_769' title='bbox 1786 2109 1944 2146; x_wconf 88' lang='lat' dir='ltr'><em>certaque</em></span> <span class='ocrx_word' id='word_1_770' title='bbox 1970 2105 2168 2137; x_wconf 86' lang='lat' dir='ltr'><em>documenta</em></span> <span class='ocrx_word' id='word_1_771' title='bbox 2187 2114 2267 2136; x_wconf 87' lang='lat' dir='ltr'><em>con-</em></span> 
     </span>
     <span class='ocr_line' id='line_1_105' title="bbox 1253 2151 2267 2194; baseline -0.002 -9"><span class='ocrx_word' id='word_1_772' title='bbox 1253 2158 1356 2186; x_wconf 88' lang='lat' dir='ltr'><em>stent.</em></span> <span class='ocrx_word' id='word_1_773' title='bbox 1396 2154 1461 2186; x_wconf 86' lang='lat' dir='ltr'><em>Sed</em></span> <span class='ocrx_word' id='word_1_774' title='bbox 1479 2157 1599 2194; x_wconf 86' lang='lat' dir='ltr'><em>poetae</em></span> <span class='ocrx_word' id='word_1_775' title='bbox 1618 2154 1724 2185; x_wconf 87' lang='lat' dir='ltr'><em>Attici</em></span> <span class='ocrx_word' id='word_1_776' title='bbox 1741 2153 1887 2184; x_wconf 85' lang='lat' dir='ltr'><em>maxime</em></span> <span class='ocrx_word' id='word_1_777' title='bbox 1905 2162 1981 2184; x_wconf 90' lang='lat' dir='ltr'><em>cum</em></span> <span class='ocrx_word' id='word_1_778' title='bbox 1999 2156 2105 2184; x_wconf 89' lang='lat' dir='ltr'><em>metro</em></span> <span class='ocrx_word' id='word_1_779' title='bbox 2124 2151 2267 2192; x_wconf 76' lang='lat' dir='ltr'><em>expedi-</em></span> 
     </span>
     <span class='ocr_line' id='line_1_106' title="bbox 1252 2197 2269 2247; baseline -0.002 -15"><span class='ocrx_word' id='word_1_780' title='bbox 1252 2205 1304 2232; x_wconf 89' lang='lat' dir='ltr'><em>ret</em></span> <span class='ocrx_word' id='word_1_781' title='bbox 1328 2197 1459 2247; x_wconf 89' lang='grc' dir='ltr'>πρόσθε</span> <span class='ocrx_word' id='word_1_782' title='bbox 1492 2201 1654 2232; x_wconf 84' lang='lat' dir='ltr'><em>dixerunt</em></span> <span class='ocrx_word' id='word_1_783' title='bbox 1679 2203 1715 2232; x_wconf 89' lang='lat' dir='ltr'><em>et</em></span> <span class='ocrx_word' id='word_1_784' title='bbox 1739 2200 1882 2239; x_wconf 79' lang='lat' dir='ltr'><em>similia3</em></span> <span class='ocrx_word' id='word_1_785' title='bbox 1920 2200 2025 2239; x_wconf 85' lang='lat' dir='ltr'><em>igitur</em></span> <span class='ocrx_word' id='word_1_786' title='bbox 2057 2200 2105 2230; x_wconf 87' lang='lat' dir='ltr'><em>sic</em></span> <span class='ocrx_word' id='word_1_787' title='bbox 2131 2199 2269 2240; x_wconf 82' lang='lat' dir='ltr'><em>potissi-</em></span> 
     </span>
     <span class='ocr_line' id='line_1_107' title="bbox 1254 2246 2269 2288; baseline -0.002 -9"><span class='ocrx_word' id='word_1_788' title='bbox 1254 2258 1366 2288; x_wconf 85' lang='lat' dir='ltr'><em>mum,</em></span> <span class='ocrx_word' id='word_1_789' title='bbox 1395 2251 1434 2279; x_wconf 90' lang='lat' dir='ltr'><em>ut</em></span> <span class='ocrx_word' id='word_1_790' title='bbox 1451 2252 1620 2288; x_wconf 88' lang='lat' dir='ltr'><em>postrema</em></span> <span class='ocrx_word' id='word_1_791' title='bbox 1637 2248 1790 2279; x_wconf 86' lang='lat' dir='ltr'><em>vocabuli</em></span> <span class='ocrx_word' id='word_1_792' title='bbox 1807 2256 1882 2287; x_wconf 83' lang='lat' dir='ltr'><em>pars</em></span> <span class='ocrx_word' id='word_1_793' title='bbox 1901 2250 1960 2278; x_wconf 84' lang='lat' dir='ltr'><em>aut</em></span> <span class='ocrx_word' id='word_1_794' title='bbox 1977 2246 2179 2286; x_wconf 86' lang='lat' dir='ltr'><em>elideretur,</em></span> <span class='ocrx_word' id='word_1_795' title='bbox 2209 2246 2269 2277; x_wconf 83' lang='lat' dir='ltr'><em>aut</em></span> 
     </span>
     <span class='ocr_line' id='line_1_108' title="bbox 1253 2292 2267 2336; baseline -0.003 -10"><span class='ocrx_word' id='word_1_796' title='bbox 1253 2296 1289 2326; x_wconf 88' lang='lat' dir='ltr'><em>in</em></span> <span class='ocrx_word' id='word_1_797' title='bbox 1307 2295 1419 2326; x_wconf 89' lang='lat' dir='ltr'><em>thesin</em></span> <span class='ocrx_word' id='word_1_798' title='bbox 1443 2295 1576 2336; x_wconf 85' lang='lat' dir='ltr'><em>parium</em></span> <span class='ocrx_word' id='word_1_799' title='bbox 1594 2295 1740 2326; x_wconf 88' lang='lat' dir='ltr'><em>trimetri</em></span> <span class='ocrx_word' id='word_1_800' title='bbox 1765 2295 1897 2326; x_wconf 89' lang='lat' dir='ltr'><em>sedium</em></span> <span class='ocrx_word' id='word_1_801' title='bbox 1915 2293 2090 2325; x_wconf 87' lang='lat' dir='ltr'><em>incideret.</em></span> <span class='ocrx_word' id='word_1_802' title='bbox 2126 2293 2221 2332; x_wconf 90' lang='lat' dir='ltr'><em>Quod</em></span> <span class='ocrx_word' id='word_1_803' title='bbox 2238 2292 2267 2323; x_wconf 82' lang='lat' dir='ltr'><em>si</em></span> 
     </span>
     <span class='ocr_line' id='line_1_109' title="bbox 1255 2341 2268 2382; baseline -0.002 -9"><span class='ocrx_word' id='word_1_804' title='bbox 1255 2352 1320 2374; x_wconf 92' lang='lat' dir='ltr'><em>non</em></span> <span class='ocrx_word' id='word_1_805' title='bbox 1336 2343 1443 2382; x_wconf 86' lang='lat' dir='ltr'><em>fieret,</em></span> <span class='ocrx_word' id='word_1_806' title='bbox 1468 2351 1530 2374; x_wconf 85' lang='lat' dir='ltr'><em>nec</em></span> <span class='ocrx_word' id='word_1_807' title='bbox 1547 2342 1707 2382; x_wconf 83' lang='lat' dir='ltr'><em>ingratior</em></span> <span class='ocrx_word' id='word_1_808' title='bbox 1724 2351 1827 2373; x_wconf 90' lang='lat' dir='ltr'><em>sonus</em></span> <span class='ocrx_word' id='word_1_809' title='bbox 1845 2341 2040 2381; x_wconf 87' lang='lat' dir='ltr'><em>prohiberet</em></span> <span class='ocrx_word' id='word_1_810' title='bbox 2056 2343 2116 2372; x_wconf 82' lang='lat' dir='ltr'><em>aut</em></span> <span class='ocrx_word' id='word_1_811' title='bbox 2133 2349 2268 2371; x_wconf 81' lang='lat' dir='ltr'><em>caesura</em></span> 
     </span>
     <span class='ocr_line' id='line_1_110' title="bbox 1253 2383 2270 2434; baseline -0.002 -14"><span class='ocrx_word' id='word_1_812' title='bbox 1253 2387 1364 2432; x_wconf 81' lang='lat' dir='ltr'><em>(velut</em></span> <span class='ocrx_word' id='word_1_813' title='bbox 1389 2386 1516 2434; x_wconf 91' lang='grc' dir='ltr'>πρόσθε</span> <span class='ocrx_word' id='word_1_814' title='bbox 1542 2390 1602 2421; x_wconf 89' lang='grc' dir='ltr'><em>νῦν</em></span> <span class='ocrx_word' id='word_1_815' title='bbox 1628 2386 1692 2429; x_wconf 81' lang='grc' dir='ltr'>ἴθι,</span> <span class='ocrx_word' id='word_1_816' title='bbox 1725 2388 1816 2429; x_wconf 87' lang='lat' dir='ltr'><em>quod</em></span> <span class='ocrx_word' id='word_1_817' title='bbox 1833 2388 1891 2418; x_wconf 83' lang='lat' dir='ltr'><em>vix</em></span> <span class='ocrx_word' id='word_1_818' title='bbox 1909 2383 2058 2432; x_wconf 89' lang='grc' dir='ltr'>πρόσθεν</span> <span class='ocrx_word' id='word_1_819' title='bbox 2076 2387 2141 2418; x_wconf 87' lang='lat' dir='ltr'><em>dici</em></span> <span class='ocrx_word' id='word_1_820' title='bbox 2158 2387 2270 2428; x_wconf 86' lang='lat' dir='ltr'><em>potuit</em></span> 
     </span>
     <span class='ocr_line' id='line_1_111' title="bbox 1254 2432 2266 2479; baseline -0.004 -11"><span class='ocrx_word' id='word_1_821' title='bbox 1254 2437 1312 2468; x_wconf 88' lang='lat' dir='ltr'><em>Ar.</em></span> <span class='ocrx_word' id='word_1_822' title='bbox 1333 2436 1418 2468; x_wconf 65' lang='lat' dir='ltr'><em>Itan.</em></span> <span class='ocrx_word' id='word_1_823' title='bbox 1439 2432 1540 2479; x_wconf 84' lang='grc'>286.)</span> <span class='ocrx_word' id='word_1_824' title='bbox 1563 2436 1755 2476; x_wconf 84' lang='lat' dir='ltr'><em>productior</em></span> <span class='ocrx_word' id='word_1_825' title='bbox 1771 2436 1876 2467; x_wconf 81' lang='lat' dir='ltr'><em>forma</em></span> <span class='ocrx_word' id='word_1_826' title='bbox 1893 2435 2040 2475; x_wconf 87' lang='lat' dir='ltr'><em>praelata</em></span> <span class='ocrx_word' id='word_1_827' title='bbox 2057 2435 2203 2474; x_wconf 84' lang='lat' dir='ltr'><em>videtur,</em></span> <span class='ocrx_word' id='word_1_828' title='bbox 2231 2434 2266 2465; x_wconf 87' lang='lat' dir='ltr'><em>in</em></span> 
     </span>
     <span class='ocr_line' id='line_1_112' title="bbox 1254 2481 2269 2524; baseline -0.004 -9"><span class='ocrx_word' id='word_1_829' title='bbox 1254 2493 1361 2524; x_wconf 86' lang='lat' dir='ltr'><em>eaque</em></span> <span class='ocrx_word' id='word_1_830' title='bbox 1379 2493 1414 2514; x_wconf 89' lang='lat' dir='ltr'><em>re</em></span> <span class='ocrx_word' id='word_1_831' title='bbox 1433 2484 1535 2515; x_wconf 89' lang='lat' dir='ltr'><em>etiam</em></span> <span class='ocrx_word' id='word_1_832' title='bbox 1554 2483 1647 2514; x_wconf 92' lang='lat' dir='ltr'><em>codd.</em></span> <span class='ocrx_word' id='word_1_833' title='bbox 1670 2492 1736 2514; x_wconf 91' lang='lat' dir='ltr'><em>non</em></span> <span class='ocrx_word' id='word_1_834' title='bbox 1755 2482 1944 2514; x_wconf 87' lang='lat' dir='ltr'><em>consentire</em></span> <span class='ocrx_word' id='word_1_835' title='bbox 1962 2481 2111 2522; x_wconf 89' lang='lat' dir='ltr'><em>quidem,</em></span> <span class='ocrx_word' id='word_1_836' title='bbox 2138 2481 2196 2512; x_wconf 89' lang='lat' dir='ltr'><em>sed</em></span> <span class='ocrx_word' id='word_1_837' title='bbox 2214 2481 2269 2511; x_wconf 91' lang='lat' dir='ltr'><em>in-</em></span> 
     </span>
     <span class='ocr_line' id='line_1_113' title="bbox 1254 2528 2269 2569; baseline -0.003 -7"><span class='ocrx_word' id='word_1_838' title='bbox 1254 2531 1380 2562; x_wconf 82' lang='lat' dir='ltr'><em>clinare</em></span> <span class='ocrx_word' id='word_1_839' title='bbox 1406 2534 1517 2561; x_wconf 85' lang='lat' dir='ltr'><em>tamen</em></span> <span class='ocrx_word' id='word_1_840' title='bbox 1546 2530 1712 2562; x_wconf 78' lang='lat' dir='ltr'><em>videmus,</em></span> <span class='ocrx_word' id='word_1_841' title='bbox 1749 2531 1791 2562; x_wconf 91' lang='lat' dir='ltr'><em>V.</em></span> <span class='ocrx_word' id='word_1_842' title='bbox 1813 2530 1970 2569; x_wconf 83' lang='lat' dir='ltr'><em>exempla</em></span> <span class='ocrx_word' id='word_1_843' title='bbox 1991 2538 2011 2560; x_wconf 82' lang='lat' dir='ltr'><em>a.</em></span> <span class='ocrx_word' id='word_1_844' title='bbox 2027 2529 2109 2560; x_wconf 87' lang='lat' dir='ltr'>Lob.</span> <span class='ocrx_word' id='word_1_845' title='bbox 2131 2528 2269 2560; x_wconf 77' lang='lat' dir='ltr'><em>collecta</em></span> 
     </span>
     <span class='ocr_line' id='line_1_114' title="bbox 1254 2573 2268 2609; baseline -0.003 0"><span class='ocrx_word' id='word_1_846' title='bbox 1254 2581 1290 2609; x_wconf 85' lang='lat' dir='ltr'><em>et</em></span> <span class='ocrx_word' id='word_1_847' title='bbox 1308 2577 1428 2608; x_wconf 81' lang='lat' dir='ltr'><em>Elmsl.</em></span> <span class='ocrx_word' id='word_1_848' title='bbox 1457 2577 1497 2608; x_wconf 86' lang='lat' dir='ltr'><em>ad</em></span> <span class='ocrx_word' id='word_1_849' title='bbox 1522 2578 1656 2609; x_wconf 87' lang='lat' dir='ltr'><em>Heracl.</em></span> <span class='ocrx_word' id='word_1_850' title='bbox 1679 2573 1759 2608; x_wconf 84' lang='lat'>583.</span> <span class='ocrx_word' id='word_1_851' title='bbox 1795 2577 1887 2608; x_wconf 92' lang='lat' dir='ltr'><em>Idem</em></span> <span class='ocrx_word' id='word_1_852' title='bbox 1905 2575 2088 2607; x_wconf 85' lang='lat' dir='ltr'><em>Elmsleius</em></span> <span class='ocrx_word' id='word_1_853' title='bbox 2113 2578 2226 2607; x_wconf 87' lang='lat' dir='ltr'><em>tamen</em></span> <span class='ocrx_word' id='word_1_854' title='bbox 2249 2585 2268 2607; x_wconf 88' lang='grc' dir='ltr'>ν</span> 
     </span>
     <span class='ocr_line' id='line_1_115' title="bbox 1255 2623 2268 2665; baseline -0.002 -10"><span class='ocrx_word' id='word_1_855' title='bbox 1255 2625 1433 2665; x_wconf 86' lang='lat' dir='ltr'><em>aliquando</em></span> <span class='ocrx_word' id='word_1_856' title='bbox 1458 2625 1535 2656; x_wconf 91' lang='lat' dir='ltr'><em>addi</em></span> <span class='ocrx_word' id='word_1_857' title='bbox 1551 2624 1659 2663; x_wconf 86' lang='lat' dir='ltr'><em>docet,</em></span> <span class='ocrx_word' id='word_1_858' title='bbox 1689 2633 1764 2655; x_wconf 90' lang='lat' dir='ltr'><em>cum</em></span> <span class='ocrx_word' id='word_1_859' title='bbox 1783 2624 1894 2655; x_wconf 90' lang='lat' dir='ltr'><em>versui</em></span> <span class='ocrx_word' id='word_1_860' title='bbox 1918 2626 2045 2654; x_wconf 83' lang='lat' dir='ltr'><em>noceat.</em></span> <span class='ocrx_word' id='word_1_861' title='bbox 2082 2623 2135 2653; x_wconf 90' lang='lat' dir='ltr'><em>De</em></span> <span class='ocrx_word' id='word_1_862' title='bbox 2152 2632 2268 2663; x_wconf 74' lang='lat' dir='ltr'><em>prosa·-</em></span> 
     </span>
     <span class='ocr_line' id='line_1_116' title="bbox 1255 2669 2264 2712; baseline -0.002 -10"><span class='ocrx_word' id='word_1_863' title='bbox 1255 2672 1313 2703; x_wconf 88' lang='lat' dir='ltr'><em>riis</em></span> <span class='ocrx_word' id='word_1_864' title='bbox 1327 2672 1498 2703; x_wconf 88' lang='lat' dir='ltr'><em>decretum</em></span> <span class='ocrx_word' id='word_1_865' title='bbox 1518 2681 1619 2702; x_wconf 88' lang='lat' dir='ltr'><em>suum</em></span> <span class='ocrx_word' id='word_1_866' title='bbox 1634 2671 1765 2712; x_wconf 86' lang='lat' dir='ltr'><em>copiose</em></span> <span class='ocrx_word' id='word_1_867' title='bbox 1784 2670 1928 2701; x_wconf 84' lang='lat' dir='ltr'><em>firmavit</em></span> <span class='ocrx_word' id='word_1_868' title='bbox 1941 2670 2022 2701; x_wconf 89' lang='lat' dir='ltr'>Lob.</span> <span class='ocrx_word' id='word_1_869' title='bbox 2038 2669 2075 2700; x_wconf 90' lang='lat' dir='ltr'><em>in</em></span> <span class='ocrx_word' id='word_1_870' title='bbox 2090 2669 2170 2700; x_wconf 89' lang='lat' dir='ltr'><em>diss.</em></span> <span class='ocrx_word' id='word_1_871' title='bbox 2188 2669 2264 2700; x_wconf 82' lang='lat' dir='ltr'>vll.</span> 
     </span>
     <span class='ocr_line' id='line_1_117' title="bbox 1255 2714 2267 2759; baseline -0.004 -9"><span class='ocrx_word' id='word_1_872' title='bbox 1255 2719 1385 2750; x_wconf 89' lang='lat' dir='ltr'><em>Pathol.</em></span> <span class='ocrx_word' id='word_1_873' title='bbox 1405 2715 1439 2749; x_wconf 89' lang='grc'><em>2.</em></span> <span class='ocrx_word' id='word_1_874' title='bbox 1461 2728 1494 2759; x_wconf 91' lang='lat' dir='ltr'><em>p.</em></span> <span class='ocrx_word' id='word_1_875' title='bbox 1520 2714 1715 2749; x_wconf 88' lang='grc'>145-154.</span> <span class='ocrx_word' id='word_1_876' title='bbox 1745 2717 1844 2757; x_wconf 89' lang='lat' dir='ltr'><em>Soph.</em></span> <span class='ocrx_word' id='word_1_877' title='bbox 1872 2717 2033 2748; x_wconf 86' lang='lat' dir='ltr'><em>brevioris</em></span> <span class='ocrx_word' id='word_1_878' title='bbox 2062 2717 2187 2747; x_wconf 83' lang='lat' dir='ltr'><em>formae</em></span> <span class='ocrx_word' id='word_1_879' title='bbox 2205 2725 2267 2747; x_wconf 85' lang='lat' dir='ltr'><em>ex-</em></span> 
     </span>
     <span class='ocr_line' id='line_1_118' title="bbox 1255 2759 2268 2806; baseline -0.003 -10"><span class='ocrx_word' id='word_1_880' title='bbox 1255 2766 1366 2806; x_wconf 87' lang='lat' dir='ltr'><em>empla</em></span> <span class='ocrx_word' id='word_1_881' title='bbox 1384 2769 1464 2796; x_wconf 85' lang='lat' dir='ltr'><em>sunt</em></span> <span class='ocrx_word' id='word_1_882' title='bbox 1489 2765 1549 2796; x_wconf 88' lang='lat' dir='ltr'><em>Ph.</em></span> <span class='ocrx_word' id='word_1_883' title='bbox 1572 2762 1652 2796; x_wconf 83' lang='lat'>958.</span> <span class='ocrx_word' id='word_1_884' title='bbox 1674 2764 1729 2796; x_wconf 81' lang='lat' dir='ltr'><em>OG</em></span> <span class='ocrx_word' id='word_1_885' title='bbox 1748 2761 1827 2796; x_wconf 80' lang='grc'>375.</span> <span class='ocrx_word' id='word_1_886' title='bbox 1850 2760 1930 2795; x_wconf 83' lang='grc'>394.</span> <span class='ocrx_word' id='word_1_887' title='bbox 1955 2760 2055 2795; x_wconf 91' lang='lat'>1375.</span> <span class='ocrx_word' id='word_1_888' title='bbox 2079 2759 2182 2794; x_wconf 87' lang='grc'>1549.</span> <span class='ocrx_word' id='word_1_889' title='bbox 2210 2762 2268 2794; x_wconf 87' lang='lat' dir='ltr'><em>OR</em></span> 
     </span>
     <span class='ocr_line' id='line_1_119' title="bbox 1255 2806 2263 2844; baseline -0.004 0"><span class='ocrx_word' id='word_1_890' title='bbox 1255 2809 1337 2844; x_wconf 87' lang='grc'>268.</span> <span class='ocrx_word' id='word_1_891' title='bbox 1368 2809 1470 2843; x_wconf 89' lang='grc'>1483.</span> <span class='ocrx_word' id='word_1_892' title='bbox 1498 2815 1532 2843; x_wconf 88' lang='lat' dir='ltr'><em>et</em></span> <span class='ocrx_word' id='word_1_893' title='bbox 1556 2821 1632 2843; x_wconf 89' lang='lat' dir='ltr'><em>cum</em></span> <span class='ocrx_word' id='word_1_894' title='bbox 1659 2812 1799 2842; x_wconf 88' lang='lat' dir='ltr'><em>elisione</em></span> <span class='ocrx_word' id='word_1_895' title='bbox 1823 2811 1961 2842; x_wconf 85' lang='lat' dir='ltr'><em>ultimae</em></span> <span class='ocrx_word' id='word_1_896' title='bbox 1986 2809 2041 2842; x_wconf 88' lang='lat' dir='ltr'><em>OC</em></span> <span class='ocrx_word' id='word_1_897' title='bbox 2070 2806 2171 2841; x_wconf 86' lang='lat'>1114.</span> <span class='ocrx_word' id='word_1_898' title='bbox 2207 2809 2263 2841; x_wconf 86' lang='lat' dir='ltr'><em>Tr.</em></span> 
     </span>
     <span class='ocr_line' id='line_1_120' title="bbox 1259 2856 2264 2898; baseline -0.003 -8"><span class='ocrx_word' id='word_1_899' title='bbox 1259 2856 1360 2891; x_wconf 89' lang='grc'>1073.</span> <span class='ocrx_word' id='word_1_900' title='bbox 1389 2859 1450 2890; x_wconf 89' lang='lat' dir='ltr'><em>Ph.</em></span> <span class='ocrx_word' id='word_1_901' title='bbox 1473 2856 1552 2890; x_wconf 86' lang='grc'>778.</span> <span class='ocrx_word' id='word_1_902' title='bbox 1590 2859 1658 2890; x_wconf 88' lang='lat' dir='ltr'><em>Nec</em></span> <span class='ocrx_word' id='word_1_903' title='bbox 1682 2858 1759 2898; x_wconf 91' lang='lat' dir='ltr'><em>plus</em></span> <span class='ocrx_word' id='word_1_904' title='bbox 1777 2858 1887 2889; x_wconf 91' lang='lat' dir='ltr'><em>tribus</em></span> <span class='ocrx_word' id='word_1_905' title='bbox 1910 2857 2065 2898; x_wconf 80' lang='lat' dir='ltr'><em>exempla</em></span> <span class='ocrx_word' id='word_1_906' title='bbox 2086 2856 2264 2896; x_wconf 83' lang='lat' dir='ltr'><em>accedunt,</em></span> 
     </span>
     <span class='ocr_line' id='line_1_121' title="bbox 1256 2899 2263 2951; baseline -0.005 -12"><span class='ocrx_word' id='word_1_907' title='bbox 1256 2903 1406 2951; x_wconf 89' lang='grc' dir='ltr'>πρόσθεν</span> <span class='ocrx_word' id='word_1_908' title='bbox 1425 2910 1504 2937; x_wconf 86' lang='lat' dir='ltr'><em>ante</em></span> <span class='ocrx_word' id='word_1_909' title='bbox 1523 2915 1700 2936; x_wconf 84' lang='lat' dir='ltr'><em>consonam</em></span> <span class='ocrx_word' id='word_1_910' title='bbox 1719 2906 1866 2945; x_wconf 84' lang='lat' dir='ltr'><em>positum</em></span> <span class='ocrx_word' id='word_1_911' title='bbox 1884 2904 2077 2943; x_wconf 82' lang='lat' dir='ltr'><em>referentia,</em></span> <span class='ocrx_word' id='word_1_912' title='bbox 2107 2904 2162 2934; x_wconf 87' lang='lat' dir='ltr'><em>El.</em></span> <span class='ocrx_word' id='word_1_913' title='bbox 2184 2899 2263 2935; x_wconf 84' lang='grc'>504.</span> 
     </span>
     <span class='ocr_line' id='line_1_122' title="bbox 1256 2946 2263 2985; baseline -0.004 0"><span class='ocrx_word' id='word_1_914' title='bbox 1256 2950 1336 2985; x_wconf 90' lang='grc'>918.</span> <span class='ocrx_word' id='word_1_915' title='bbox 1366 2953 1448 2984; x_wconf 86' lang='lat' dir='ltr'>Ant.</span> <span class='ocrx_word' id='word_1_916' title='bbox 1470 2949 1551 2984; x_wconf 87' lang='lat'>434.</span> <span class='ocrx_word' id='word_1_917' title='bbox 1588 2953 1716 2984; x_wconf 88' lang='lat' dir='ltr'><em>Horum</em></span> <span class='ocrx_word' id='word_1_918' title='bbox 1735 2952 1786 2983; x_wconf 89' lang='lat' dir='ltr'><em>El.</em></span> <span class='ocrx_word' id='word_1_919' title='bbox 1808 2948 1887 2983; x_wconf 86' lang='lat'>918.</span> <span class='ocrx_word' id='word_1_920' title='bbox 1909 2951 1996 2982; x_wconf 86' lang='lat' dir='ltr'><em>Flor.</em></span> <span class='ocrx_word' id='word_1_921' title='bbox 2018 2947 2055 2983; x_wconf 91' lang='grc' dir='ltr'><em>Γ.</em></span> <span class='ocrx_word' id='word_1_922' title='bbox 2081 2951 2162 2982; x_wconf 92' lang='lat' dir='ltr'>Ant.</span> <span class='ocrx_word' id='word_1_923' title='bbox 2183 2946 2263 2982; x_wconf 79' lang='lat'>434.</span> 
     </span>
     <span class='ocr_line' id='line_1_123' title="bbox 1256 2994 2127 3045; baseline -0.003 -14"><span class='ocrx_word' id='word_1_924' title='bbox 1256 3001 1315 3031; x_wconf 89' lang='lat' dir='ltr'><em>LA</em></span> <span class='ocrx_word' id='word_1_925' title='bbox 1331 2997 1459 3045; x_wconf 90' lang='grc' dir='ltr'>πρόσθε</span> <span class='ocrx_word' id='word_1_926' title='bbox 1493 3000 1666 3030; x_wconf 87' lang='lat' dir='ltr'><em>exhibent.</em></span> <span class='ocrx_word' id='word_1_927' title='bbox 1699 2998 1753 3040; x_wconf 85' lang='lat' dir='ltr'>[cf.</span> <span class='ocrx_word' id='word_1_928' title='bbox 1777 2999 1856 3030; x_wconf 82' lang='lat' dir='ltr'>Lob.</span> <span class='ocrx_word' id='word_1_929' title='bbox 1878 2998 1901 3030; x_wconf 94' lang='lat' dir='ltr'><em>l.</em></span> <span class='ocrx_word' id='word_1_930' title='bbox 1923 3007 1951 3029; x_wconf 89' lang='lat' dir='ltr'><em>c.</em></span> <span class='ocrx_word' id='word_1_931' title='bbox 1972 3007 2006 3037; x_wconf 88' lang='lat' dir='ltr'><em>p.</em></span> <span class='ocrx_word' id='word_1_932' title='bbox 2030 2994 2127 3041; x_wconf 91' lang='grc'>151.]</span> 
     </span>
    </p>

    <p class='ocr_par' dir='ltr' id='par_1_25' title="bbox 1256 3044 2271 3467">
     <span class='ocr_line' id='line_1_124' title="bbox 1327 3044 2268 3088; baseline -0.004 -10"><span class='ocrx_word' id='word_1_933' title='bbox 1327 3046 1617 3088; x_wconf 76' lang='lat' dir='ltr'><em>Siynificationum</em></span> <span class='ocrx_word' id='word_1_934' title='bbox 1634 3045 1648 3087; x_wconf 88' lang='grc' dir='ltr'><em>ΙΙ</em></span> <span class='ocrx_word' id='word_1_935' title='bbox 1666 3047 1774 3086; x_wconf 90' lang='lat' dir='ltr'><em>prima</em></span> <span class='ocrx_word' id='word_1_936' title='bbox 1799 3045 1912 3077; x_wconf 78' lang='lat' dir='ltr'><em>localis</em></span> <span class='ocrx_word' id='word_1_937' title='bbox 1929 3044 2147 3085; x_wconf 86' lang='lat' dir='ltr'><em>Aristophani</em></span> <span class='ocrx_word' id='word_1_938' title='bbox 2163 3044 2268 3075; x_wconf 86' lang='lat' dir='ltr'><em>multo</em></span> 
     </span>
     <span class='ocr_line' id='line_1_125' title="bbox 1258 3091 2268 3134; baseline -0.004 -9"><span class='ocrx_word' id='word_1_939' title='bbox 1258 3103 1319 3125; x_wconf 86' lang='lat' dir='ltr'><em>usu</em></span> <span class='ocrx_word' id='word_1_940' title='bbox 1339 3094 1420 3125; x_wconf 85' lang='lat' dir='ltr'><em>trita</em></span> <span class='ocrx_word' id='word_1_941' title='bbox 1437 3103 1489 3134; x_wconf 91' lang='lat' dir='ltr'><em>ap.</em></span> <span class='ocrx_word' id='word_1_942' title='bbox 1507 3093 1607 3134; x_wconf 87' lang='lat' dir='ltr'>Soph.</span> <span class='ocrx_word' id='word_1_943' title='bbox 1630 3094 1749 3123; x_wconf 79' lang='lat' dir='ltr'><em>tralate</em></span> <span class='ocrx_word' id='word_1_944' title='bbox 1767 3092 1883 3131; x_wconf 83' lang='lat' dir='ltr'><em>semel,</em></span> <span class='ocrx_word' id='word_1_945' title='bbox 1900 3093 2031 3131; x_wconf 82' lang='lat' dir='ltr'><em>proprie</em></span> <span class='ocrx_word' id='word_1_946' title='bbox 2049 3091 2184 3122; x_wconf 88' lang='lat' dir='ltr'><em>omnino</em></span> <span class='ocrx_word' id='word_1_947' title='bbox 2202 3099 2268 3122; x_wconf 90' lang='lat' dir='ltr'><em>non</em></span> 
     </span>
     <span class='ocr_line' id='line_1_126' title="bbox 1256 3134 2264 3184; baseline -0.004 -13"><span class='ocrx_word' id='word_1_948' title='bbox 1256 3141 1391 3180; x_wconf 82' lang='lat' dir='ltr'><em>legitur.</em></span> <span class='ocrx_word' id='word_1_949' title='bbox 1421 3138 1451 3172; x_wconf 87' lang='grc' dir='ltr'><em>εἰ</em></span> <span class='ocrx_word' id='word_1_950' title='bbox 1475 3137 1555 3176; x_wconf 87' lang='grc' dir='ltr'>τοὺς</span> <span class='ocrx_word' id='word_1_951' title='bbox 1582 3136 1720 3172; x_wconf 84' lang='grc' dir='ltr'>ὄπισθεν</span> <span class='ocrx_word' id='word_1_952' title='bbox 1748 3137 1797 3175; x_wconf 80' lang='grc' dir='ltr'><em>εἰς</em></span> <span class='ocrx_word' id='word_1_953' title='bbox 1820 3137 1858 3171; x_wconf 88' lang='grc' dir='ltr'><em>τὸ</em></span> <span class='ocrx_word' id='word_1_954' title='bbox 1884 3135 2030 3184; x_wconf 84' lang='grc' dir='ltr'>πρόσθεν</span> <span class='ocrx_word' id='word_1_955' title='bbox 2056 3134 2180 3182; x_wconf 76' lang='grc' dir='ltr'>ἄξομεν</span> <span class='ocrx_word' id='word_1_956' title='bbox 2210 3136 2264 3168; x_wconf 87' lang='lat' dir='ltr'><em>Ai.</em></span> 
     </span>
     <span class='ocr_line' id='line_1_127' title="bbox 1260 3183 2268 3227; baseline -0.003 -9"><span class='ocrx_word' id='word_1_957' title='bbox 1260 3183 1362 3218; x_wconf 83' lang='lat'>1249.</span> <span class='ocrx_word' id='word_1_958' title='bbox 1390 3186 1633 3227; x_wconf 77' lang='lat' dir='ltr'><em>praeferemus,</em></span> <span class='ocrx_word' id='word_1_959' title='bbox 1662 3186 1833 3227; x_wconf 75' lang='lat' dir='ltr'><em>efferemus</em></span> <span class='ocrx_word' id='word_1_960' title='bbox 1859 3195 1962 3225; x_wconf 76' lang='lat' dir='ltr'><em>supra</em></span> <span class='ocrx_word' id='word_1_961' title='bbox 1979 3186 2083 3223; x_wconf 79' lang='lat' dir='ltr'><em>alios,</em></span> <span class='ocrx_word' id='word_1_962' title='bbox 2111 3185 2153 3216; x_wconf 79' lang='lat' dir='ltr'><em>(le</em></span> <span class='ocrx_word' id='word_1_963' title='bbox 2169 3183 2268 3215; x_wconf 78' lang='lat' dir='ltr'><em>laude</em></span> 
     </span>
     <span class='ocr_line' id='line_1_128' title="bbox 1258 3232 2264 3274; baseline -0.003 -10"><span class='ocrx_word' id='word_1_964' title='bbox 1258 3234 1423 3265; x_wconf 85' lang='lat' dir='ltr'><em>victorum</em></span> <span class='ocrx_word' id='word_1_965' title='bbox 1441 3234 1581 3265; x_wconf 87' lang='lat' dir='ltr'><em>dictum.</em></span> <span class='ocrx_word' id='word_1_966' title='bbox 1603 3251 1645 3256; x_wconf 94' lang='lat'><em>—-</em></span> <span class='ocrx_word' id='word_1_967' title='bbox 1672 3232 1686 3274; x_wconf 80' lang='grc' dir='ltr'><em>ΙΙ</em></span> <span class='ocrx_word' id='word_1_968' title='bbox 1711 3233 1762 3264; x_wconf 83' lang='lat' dir='ltr'><em>De</em></span> <span class='ocrx_word' id='word_1_969' title='bbox 1780 3235 1928 3272; x_wconf 87' lang='lat' dir='ltr'><em>tempore</em></span> <span class='ocrx_word' id='word_1_970' title='bbox 1946 3233 2091 3263; x_wconf 80' lang='lat' dir='ltr'><em>maxime</em></span> <span class='ocrx_word' id='word_1_971' title='bbox 2109 3235 2161 3262; x_wconf 84' lang='lat' dir='ltr'><em>est</em></span> <span class='ocrx_word' id='word_1_972' title='bbox 2178 3233 2264 3270; x_wconf 78' lang='lat' dir='ltr'><em>ante,</em></span> 
     </span>
     <span class='ocr_line' id='line_1_129' title="bbox 1258 3279 2267 3320; baseline -0.004 -8"><span class='ocrx_word' id='word_1_973' title='bbox 1258 3283 1292 3311; x_wconf 83' lang='lat' dir='ltr'><em>ct</em></span> <span class='ocrx_word' id='word_1_974' title='bbox 1310 3280 1358 3312; x_wconf 87' lang='lat' dir='ltr'><em>sic</em></span> <span class='ocrx_word' id='word_1_975' title='bbox 1374 3281 1498 3312; x_wconf 84' lang='lat' dir='ltr'><em>dicitur</em></span> <span class='ocrx_word' id='word_1_976' title='bbox 1514 3280 1797 3320; x_wconf 72' lang='lat' dir='ltr'><em>explicatissima,</em></span> <span class='ocrx_word' id='word_1_977' title='bbox 1825 3283 1864 3310; x_wconf 88' lang='lat' dir='ltr'><em>ut</em></span> <span class='ocrx_word' id='word_1_978' title='bbox 1881 3283 1939 3310; x_wconf 85' lang='lat' dir='ltr'><em>aut</em></span> <span class='ocrx_word' id='word_1_979' title='bbox 1956 3279 2119 3318; x_wconf 73' lang='lat' dir='ltr'><em>yenitivus</em></span> <span class='ocrx_word' id='word_1_980' title='bbox 2146 3287 2267 3318; x_wconf 82' lang='lat' dir='ltr'><em>sequa-</em></span> 
     </span>
     <span class='ocr_line' id='line_1_130' title="bbox 1258 3321 2267 3371; baseline -0.002 -13"><span class='ocrx_word' id='word_1_981' title='bbox 1258 3330 1325 3367; x_wconf 86' lang='lat' dir='ltr'><em>tur,</em></span> <span class='ocrx_word' id='word_1_982' title='bbox 1347 3330 1408 3358; x_wconf 84' lang='lat' dir='ltr'><em>aut</em></span> <span class='ocrx_word' id='word_1_983' title='bbox 1423 3323 1458 3370; x_wconf 85' lang='grc' dir='ltr'><em>ἤ.</em></span> <span class='ocrx_word' id='word_1_984' title='bbox 1498 3324 1578 3370; x_wconf 86' lang='grc' dir='ltr'>ἐμοί</span> <span class='ocrx_word' id='word_1_985' title='bbox 1601 3337 1636 3359; x_wconf 84' lang='grc' dir='ltr'><em>τε</em></span> <span class='ocrx_word' id='word_1_986' title='bbox 1659 3325 1717 3359; x_wconf 87' lang='grc' dir='ltr'><em>καὶ</em></span> <span class='ocrx_word' id='word_1_987' title='bbox 1741 3324 1790 3371; x_wconf 77' lang='grc' dir='ltr'><em>τῷ</em></span> <span class='ocrx_word' id='word_1_988' title='bbox 1813 3321 1930 3370; x_wconf 79' lang='grc' dir='ltr'>πρόσθ’</span> <span class='ocrx_word' id='word_1_989' title='bbox 1960 3323 2046 3370; x_wconf 83' lang='grc' dir='ltr'>ἐμοῦ</span> <span class='ocrx_word' id='word_1_990' title='bbox 2062 3321 2267 3370; x_wconf 88' lang='grc' dir='ltr'>κεκτημένῳ</span> 
     </span>
     <span class='ocr_line' id='line_1_131' title="bbox 1259 3369 2265 3419; baseline -0.004 -14"><span class='ocrx_word' id='word_1_991' title='bbox 1259 3373 1321 3405; x_wconf 91' lang='lat' dir='ltr'><em>Ph.</em></span> <span class='ocrx_word' id='word_1_992' title='bbox 1343 3370 1423 3406; x_wconf 89' lang='lat'>778.</span> <span class='ocrx_word' id='word_1_993' title='bbox 1453 3370 1482 3405; x_wconf 82' lang='grc' dir='ltr'><em>εἰ</em></span> <span class='ocrx_word' id='word_1_994' title='bbox 1507 3371 1544 3406; x_wconf 85' lang='grc' dir='ltr'><em>δὲ</em></span> <span class='ocrx_word' id='word_1_995' title='bbox 1569 3375 1630 3407; x_wconf 92' lang='grc' dir='ltr'><em>τοῦ</em></span> <span class='ocrx_word' id='word_1_996' title='bbox 1656 3371 1783 3419; x_wconf 89' lang='grc' dir='ltr'>χρόνου</span> <span class='ocrx_word' id='word_1_997' title='bbox 1809 3370 1957 3417; x_wconf 88' lang='grc' dir='ltr'>πρόσθεν</span> <span class='ocrx_word' id='word_1_998' title='bbox 1981 3369 2152 3415; x_wconf 82' lang='grc' dir='ltr'>θανοῦμαι</span> <span class='ocrx_word' id='word_1_999' title='bbox 2182 3371 2265 3402; x_wconf 85' lang='grc' dir='ltr'>Αιιι.</span> 
     </span>
     <span class='ocr_line' id='line_1_132' title="bbox 1259 3415 2271 3467; baseline -0.002 -15"><span class='ocrx_word' id='word_1_1000' title='bbox 1259 3416 1337 3453; x_wconf 87' lang='grc'>462.</span> <span class='ocrx_word' id='word_1_1001' title='bbox 1377 3418 1502 3467; x_wconf 87' lang='grc' dir='ltr'>σχεδόν</span> <span class='ocrx_word' id='word_1_1002' title='bbox 1526 3431 1559 3453; x_wconf 89' lang='grc' dir='ltr'><em>τι</em></span> <span class='ocrx_word' id='word_1_1003' title='bbox 1597 3419 1746 3465; x_wconf 86' lang='grc' dir='ltr'>πρόσθεν</span> <span class='ocrx_word' id='word_1_1004' title='bbox 1774 3416 1798 3464; x_wconf 88' lang='grc' dir='ltr'>ἢ</span> <span class='ocrx_word' id='word_1_1005' title='bbox 1834 3417 1874 3452; x_wconf 85' lang='grc' dir='ltr'><em>σὺ</em></span> <span class='ocrx_word' id='word_1_1006' title='bbox 1902 3415 1997 3463; x_wconf 82' lang='grc' dir='ltr'>τῆσδ’</span> <span class='ocrx_word' id='word_1_1007' title='bbox 2026 3416 2118 3465; x_wconf 82' lang='grc' dir='ltr'>ἔχων</span> <span class='ocrx_word' id='word_1_1008' title='bbox 2142 3415 2271 3465; x_wconf 77' lang='grc' dir='ltr'>χθονὸς</span> 
     </span>
    </p>
   </div>
  </div>
 </body>
</html>
