2288 3600
8 170 58 227 (p.
73 174 294 223 soa-811]
348 164 349 171 ’

14 295 68 317 wa
91 287 127 317 et
152 285 316 317 imbribus
341 285 530 318 diffluente.
560 285 606 317 Et
627 283 657 318 εἰ
687 282 784 322 πόσις
814 295 873 329 μοι
900 295 986 318 κατ-

19 327 87 365 Ᾰὼν
121 329 264 378 ἐτήκετο
298 332 378 364 Ant.
400 329 480 364 906.
502 346 544 360 =
565 329 725 366 ἐπύθετο.
765 349 806 355 -
834 334 850 370 11
882 331 986 364 Plane

12 382 147 411 ratam
165 379 348 412 dictionem
365 383 575 420 monstrant,
608 389 694 420 quae
719 380 760 411 de
776 381 908 411 miseria
933 381 986 410 ta-

7 426 171 459 'centibus
187 429 407 467 usurpantur.
435 426 490 458 Sic
507 427 654 458 maxime
673 428 845 467 passivum
862 426 987 458 dicitur

5 468 211 515 {perfectum
229 474 385 506 alterum.
413 470 534 514 κλαίω,
555 471 614 506 τέτ
640 484 686 507 κα
704 473 757 506 ΕΙ.
778 469 876 512 283,
898 469 985 517 ἐμοῦ

12 516 13 519 '
35 517 162 564 ομένας
177 517 247 553 834
265 530 309 553 m.
331 521 449 553 Elmsl.
479 521 519 552 ad
544 521 601 554 Ai.
646 517 702 553 69.
739 521 882 552 coniecit
897 517 988 553 κατά

4 574 6 576 “
54 565 268 612 τακομένας,
288 568 311 599 i.
333 577 362 599 e.
384 565 673 612 κατατηκομένης
692 577 770 611 μου,
794 571 829 598 et
846 567 986 598 minime

41 614 157 646 ssario
175 614 209 646 et
227 615 282 646 vix
302 614 426 646 Graece
438 641 446 656 ‚
469 615 636 656 siquidem
654 615 765 646 dativo
783 623 887 655 opus,
920 614 986 646 nisi

18 664 108 693 atur
124 662 276 702 genitivo
300 659 400 694 κατά.
435 662 491 694 Sic
515 665 629 693 autem
646 671 723 693 cum
742 661 841 693 tmesi
860 661 987 693 dicitur

9 705 59 745 ’τὰ
76 706 114 742 δὲ
129 706 316 752 τακόμενοι
334 706 451 753 μέλεοι
477 705 603 753 μελέαν
629 705 743 742 πάθαν
760 705 883 741 κλαῖον
900 709 982 740 Ant.

64 755 116 788 ch.
144 773 189 779 ——
226 756 412 787 Transz'tz've
438 765 504 787 non
529 756 652 787 dicitur
669 756 737 787 nisi
760 753 849 788 κατὰ
864 753 903 788 τὸ
923 765 987 811 ση-

3 800 186 847 ’,ινόμενον.
223 796 284 836 τίν’
313 800 367 836 ἀεὶ
395 800 512 840 τάκεις
537 800 596 835 ὧδ’
621 800 805 847 ἀκόρεστον
832 800 986 859 οἰμωγαν

11 874 13 876 -
31 847 211 894 αμέμνονα
227 850 283 882 ΕΙ.
305 846 372 882 122
388 850 440 882 ch.
461 850 485 881 i.
510 859 540 882 e.
569 848 729 894 οἰμώζεις
746 845 987 895 Ἀγαμεμνονα

35 894 156 942 ομένη.

7 951 275 1000 ’Τηλαυγής
305 956 424 995 procul
457 956 664 996 conspicuus.
717 953 884 1000 τηλαυγεῖ
909 949 983 1000 παρ’

10 1004 65 1034 Δ’ἴω
85 1002 141 1035 Tr.
162 999 230 1034 524
247 1003 300 1034 cli.
329 1003 469 1034 Nullum
489 1003 715 1043 compositum
734 1003 884 1034 adverbii
900 1000 985 1047 τῆλε

14 1047 19 1054 ’
38 1049 162 1081 ismum
179 1050 269 1091 apud
293 1050 434 1090 tragicos
453 1050 615 1081 admittit.

6 1147 7 1150 Ἴ
36 1103 98 1154 Τη
107 1105 129 1140 λ
142 1105 192 1142 έπ
203 1118 250 1187 og
261 1119 278 1141 o
289 1119 304 1146 ς
325 1109 443 1148 procul
468 1112 609 1141 amotus.
645 1106 852 1155 τηλεπόροις
870 1106 905 1142 ἐν
923 1105 985 1141 ἅν-

16 1165 58 1193 ιις
74 1155 157 1188 Ant.
178 1151 231 1187 98’
265 1155 304 1187 ch

22 1209 96 1259 ’Τη
105 1211 127 1246 λ
137 1211 153 1247 ἐ
164 1223 182 1246 σ
192 1224 215 1247 κ
224 1225 242 1248 ο
252 1224 276 1247 π
286 1225 304 1247 ο
315 1225 331 1251 ς
363 1216 482 1254 procul
515 1216 724 1255 conspicuus.
763 1211 980 1259 τηλέσκοπον

10 1263 123 1307 ”φιγα
138 1259 288 1308 χρυσέαν
307 1258 387 1294 ἰδών
407 1261 520 1294 Colch.
542 1263 582 1293 fr.
604 1258 692 1302 319,
712 1259 745 1293 3.

17 1312 20 1331 ³
37 1315 155 1364 Τηλε
167 1310 280 1365 φᾶνή
293 1331 319 1356 ς.
350 1320 381 1351 Α
394 1321 513 1360 procul
537 1321 606 1351 viso
626 1319 819 1351 deflectitur
845 1322 883 1350 ut
902 1329 984 1359 pro-

46 1366 198 1398 auditum
215 1376 244 1399 s.
261 1377 300 1398 ex
323 1371 445 1398 remoto
469 1367 539 1398 loco
563 1370 672 1398 ortum
689 1367 866 1406 significat.
905 1363 982 1413 ἀχὼ

33 1411 163 1460 εφανής
186 1413 247 1445 Ph.
270 1411 336 1446 189
355 1414 406 1446 ch.

241 1483 268 1509 ς.
300 1472 351 1504 De
370 1473 482 1504 fabula
500 1473 546 1504 sic
564 1472 727 1514 inscripta
744 1483 775 1504 v.
798 1468 943 1516 Monoi]

17 1537 300 1586 Τηλικόσδε.
333 1542 347 1584 ΙΙ
379 1543 518 1583 Proprie
536 1552 575 1574 ea
601 1545 726 1583 aetate,
760 1542 916 1584 inprimis
942 1547 982 1574 ut

25 1587 203 1624 s1dmodmn
228 1589 430 1621 adolescente
455 1592 513 1621 aut
530 1589 769 1621 de'admodum
784 1599 860 1620 sene
886 1589 979 1620 dica-

30 1631 40 1677 i
68 1635 173 1668 illud:
202 1630 380 1680 τηλικάσδ’
398 1634 486 1681 ὁρῶν
505 1636 563 1668 OR
582 1634 683 1670 1508.
722 1634 795 1668 ἐπεὶ
822 1638 897 1673 ταῖς
914 1647 979 1682 τη-

19 1680 120 1715 -·ῒσδε
153 1681 294 1728 σμικρὸς
321 1679 380 1722 ἐξα
401 1685 458 1716 κεῖ
474 1681 576 1729 λόγος
593 1684 648 1716 OC
670 1680 772 1715 1116.
800 1684 973 1715 Alterum:

24 1739 72 1774 ,wa
103 1727 202 1763 τόνδε
234 1727 377 1774 τηλικόσ
397 1725 404 1737 ’
438 1728 634 1775 ἀπεστάλην
672 1728 796 1763 πείσων
836 1727 978 1763 ἕπεσθαι

23 1773 124 1808 ’735.
159 1777 189 1808 si
214 1777 351 1818 quidem
374 1776 538 1809 Brunckii
567 1778 756 1809 emendatio
787 1778 978 1809 verisimilis

25 1823 28 1826 ’
55 1822 156 1855 Tricl.
184 1821 325 1868 τηλίκον
357 1827 472 1856 contra
501 1829 665 1865 metrum,
695 1825 753 1856 LA
781 1822 974 1869 τηλικόνδε,

15 1903 18 1909 ,
37 1885 41 1897 ι
66 1871 179 1912 ipsum
197 1880 331 1912 quoque
348 1881 467 1912 senem,
489 1872 548 1903 sed
565 1871 744 1912 Oedipum,
768 1880 833 1903 non
850 1872 977 1903 Creon—

19 1935 22 1940 Δ
47 1918 268 1958 significaret:
298 1929 329 1950 v.
350 1919 465 1950 Herm.
494 1919 683 1960 Utrumque
701 1919 907 1950 coniunctim
924 1919 976 1950 di—

12 1970 14 1972 ’
31 1998 40 2003 ..
60 1974 68 1995 z
96 1962 130 1998 οἱ
145 1962 319 2010 τηλικοίδε
336 1963 395 1999 καὶ
419 1963 649 2010 διδαξόμεσθα
667 1964 709 2010 δὴ
738 1967 874 2012 φρονεῖν
892 1963 976 2010 πρὸς

24 2009 84 2048 ὸς
108 2008 292 2056 τηλικοῦδε
317 2010 380 2056 τὴν
406 2010 525 2058 φύσινς
551 2013 635 2045 Ant.
656 2009 738 2044 726.
767 2013 978 2053 Aspernatur

15 2066 70 2099 un
94 2058 317 2091 adolescentis
335 2060 518 2092 Haemonis
543 2060 760 2101 imperitiam.
784 2077 824 2082 —
851 2059 865 2101 ΙΙ
892 2060 976 2091 Tra-

22 2104 170 2137 dicitur
187 2104 271 2152 πρὸς
289 2104 327 2139 δὲ
351 2104 412 2143 τὰς
437 2104 574 2151 πράξεις
600 2104 696 2150 ὅμως
720 2105 779 2140 καὶ
803 2101 974 2151 τηλικόσδ’

13 2149 185 2197 ντιδρᾶν
203 2151 410 2198 πειράσομαι
426 2154 481 2185 OG
496 2150 575 2186 959.
598 2154 671 2185 Non
687 2163 798 2187 senem
816 2163 851 2185 se
870 2153 976 2185 Creon

27 2203 33 2238 J
56 2223 64 2240 ,
85 2199 144 2232 sed
160 2199 286 2231 viribus
304 2201 473 2242 infirmum
488 2210 547 2232 nec
563 2200 675 2232 valido
692 2202 874 2239 comitano,-
898 2210 976 2232 eum

23 2249 49 2292 ζει
75 2246 307 2288 ablegaverat,
340 2249 465 2291 μοῦνον
483 2248 561 2279 inde
586 2253 621 2279 et
639 2246 780 2292 σμικρόν
803 2251 836 2279 et
858 2245 977 2292 ἀμαυ-

22 2294 27 2299 ”
43 2296 142 2339 φῶτα
159 2303 233 2325 sese
251 2294 426 2335 appellans
444 2305 476 2326 V.
497 2291 577 2327 875.
598 2291 678 2327 959.
703 2292 802 2327 1018.

22 2339 62 2423 ,
67 2349 232 2436 ῗιίὲἔτίἓ
241 2349 887 2442 32:²73?ffiffssssssaffie⁶isffiig
892 2363 978 2432 ‘1133

21 2454 93 2477 rues
110 2446 256 2486 dictum,
278 2457 310 2478 V.
331 2447 499 2479 Schaefer.
528 2444 604 2491 ἥτις
616 2448 758 2480 τοιαῦτα
772 2446 835 2493 τὴν
852 2449 975 2480 τεκοῦ-

27 2483 203 2537 ὕβρισεν,
226 2491 284 2526 καὶ
307 2495 414 2526 ταῦτα
437 2490 662 2538 τηλικοῦτος,
702 2494 758 2528 ΕΙ.
786 2491 864 2526 614.
898 2505 974 2526 cum

35 2541 52 2575 ,“;
67 2540 193 2572 atione
217 2541 400 2581 procaciae.
438 2558 484 2563 —
510 2540 574 2572 Sed
591 2542 731 2580 figurate
755 2541 879 2573 dicitur
895 2543 975 2578 νοῦς

31 2593 33 2595 ·
67 2595 77 2618 ι
93 2583 295 2631 τηλικοῦτος
314 2584 468 2632 ἀλγήσας
486 2585 590 2633 βαρύς
607 2589 689 2620 Ant.
710 2585 790 2620 767.
811 2591 879 2619 tam
895 2599 974 2629 yra-

2 2671 3 2675 ,
67 2643 88 2664 a
113 2633 338 2674 infaustorum
360 2637 561 2674 praenuntia
586 2639 644 2666 est.

3 2729 5 2732 ι
31 2695 43 2735 -ξ
69 2687 234 2736 ηλόθεν
256 2693 393 2732 procul,
422 2694 447 2724 i.
469 2702 498 2724 e.
528 2702 566 2724 ex
600 2694 790 2734 longamque.
826 2692 907 2727 οὐδὲ
932 2705 974 2738 με

2 2738 6 2774 ἶ
53 2746 64 2770 ι
92 2735 214 2783 βαρεῖα
239 2736 389 2791 ,τηλόθεν
419 2737 507 2772 αὐδὰ
534 2738 711 2784 τρυσάνωρ
743 2741 802 2772 Ph.
829 2738 899 2772 208
917 2742 968 2774 ch.

4 2796 5 2802 ¹
47 2784 62 2816 ,ἒ
73 2794 107 2817 εν
131 2783 169 2818 τό
192 2778 221 2818 τ’
256 2783 344 2819 Ιλιον
369 2784 426 2819 καὶ
449 2784 530 2823 τοὺς
546 2780 721 2831 Ἀτρείδας
739 2785 880 2833 εἰσορῶν
907 2799 973 2834 φυ-

4 2844 7 2868 t
45 2864 46 2871 ,
72 2842 106 2864 αι
123 2829 204 2864 454.
233 2832 349 2864 cavebo
375 2833 536 2866 accedere.
565 2831 714 2879 τηλόθεν
731 2832 794 2879 γὰρ
814 2832 972 2880 ησθόμην

5 2883 8 2913 '2
38 2879 39 2882 ’
75 2878 131 2910 Ai.
159 2875 261 2911 1318.
305 2880 356 2911 De
387 2881 465 2911 locis
494 2881 589 2920 Lonye
618 2867 827 2912 distantibus¹
845 2882 973 2913 dic-tum

6 2928 8 2930 ’
39 2945 41 2947 ·
108 2923 276 2972 στοναχάς
302 2924 335 2959 οἱ
351 2924 539 2970 κηδόμενοι
560 2928 620 2960 τοῦ
639 2924 848 2971 Τελαμῶνος
864 2926 972 2973 τηλό-

72 2982 135 3014 κου
153 2972 209 3004 Ai.
229 2970 299 3004 204
316 2983 384 3008 an..
408 2974 465 3014 qui
484 2983 526 3004 ex
546 2974 712 3005 Salamine
731 2974 861 3006 Troiam
879 2976 970 3007 abie-

7 3019 12 3027 ‘
43 3011 50 3054 ³,
80 3018 251 3052 dicuntur.
273 3037 314 3043 —
334 3020 385 3051 De
402 3023 480 3051 tono
498 3031 530 3052 v.
551 3021 662 3061 Apoll.
682 3021 723 3051 de
740 3021 814 3053 adv.
833 3031 866 3062 p.
889 3019 967 3062 605,

32 3065 110 3113 μ,ῄιΙΙ
131 3063 210 3106 601,
232 3063 264 3099 7.
294 3063 380 3106 602,
403 3064 457 3098 16.
672 3065 723 3108 [11
740 3077 773 3108 p.
795 3065 875 3109 810,
898 3066 974 3112 17.)

15 3117 18 3125 ⁴
69 3120 196 3168 ηλωπ
207 3122 224 3157 ό
236 3136 252 3162 ς
268 3125 403 3166 proprie
416 3134 454 3156 ez
471 3126 650 3165 lonqinquo
664 3128 872 3167 conspicuus,
892 3127 972 3158 inde

53 3179 173 3211 quus,
206 3168 368 3216 τηλωπὸν
396 3169 478 3204 ἰωάν
503 3171 564 3203 Ph.
596 3169 664 3203 216
682 3173 733 3204 ch.
771 3171 824 3205 κεί
848 3171 891 3206 τὰ
913 3176 972 3206 νῦν

11 3255 14 3266 ¹
63 3255 68 3262 .
85 3216 121 3254 ὸς
139 3215 250 3264 οἰχνεῖ
266 3218 321 3249 Ai.
342 3215 420 3250 564.
443 3235 484 3242 -
504 3219 556 3250 De
575 3223 712 3250 accentu
731 3230 762 3251 v.
785 3218 945 3258 οἰνωπός.

11 3281 14 3292 ·
63 3275 186 3355 ἒῇμος
210 3285 246 3307 eo
280 3279 438 3316 tempore,
479 3277 623 3308 relatum
653 3278 693 3309 ad
725 3275 838 3322 ἦμος
875 3278 967 3311 dum.

12 3352 16 3365 ,
64 3327 74 3364 '3
123 3319 217 3362 ξένος
241 3317 339 3367 θροεῖ
363 3324 438 3359 ταῖς
465 3320 699 3368 αἰγμαλώτοις
724 3323 837 3358 παισὶν
855 3325 901 3362 ὡς
920 3320 973 3358 ἐπ’

13 3386 15 3398 .
101 3370 213 3413 τῆμος
230 3366 374 3414 θυραῖος
391 3365 501 3414 ἦλθον
515 3363 566 3407 ’ὡς
586 3367 673 3415 ὑμᾶς
692 3368 806 3417 λάθρᾳ
819 3372 874 3404 Tr.
888 3369 968 3405 533.

15 3443 17 3459 ;
61 3433 74 3450 ²
107 3422 208 3459 νίκα
232 3430 322 3459 tune.
352 3427 462 3460 Semel
478 3431 574 3460 extat
595 3439 647 3470 ap.
669 3429 783 3470 Soph.‚
806 3432 972 3472 prolatum

766 166 1011 234 Τηλαυγής
1035 197 1102 203 -—
1127 165 1299 234 Τίθημι

1945 170 2044 218 725

1024 285 1106 316 illud
1133 285 1269 325 quidem
1297 295 1371 317 cum
1401 285 1562 317 articulo:
1598 282 1715 330 χρόνῳ
1734 282 1762 318 δ’
1785 282 1833 318 ὅτ’
1850 282 1920 330 ἤδη
1939 286 2006 324 πᾶς
2024 284 2043 320 ὁ

1025 329 1159 378 μόχθος
1188 330 1231 377 ἦν
1261 330 1403 373 πέπων,
1443 329 1482 364 τὸ
1511 329 1630 377 τηνίκ’
1648 329 1718 376 ἤδη
1800 329 1899 370 πόλις
1925 330 1982 378 βίᾳ
2008 328 2038 378 μ’

1024 376 1151 423 ἤλαυνε
1167 379 1222 411 OC
1236 375 1317 412 441.
1336 380 1461 421 Apogr.
1478 379 1640 420 pleraque
1653 380 1862 411 coniunctim
1875 380 2039 422 scriptum

1022 427 1149 458 habent
1164 423 1337 471 τοτηνίκα.
1368 427 1461 465 Quae
1478 426 1643 466 particula
1661 436 1679 457 e
1698 427 1928 458 reconditioris
1945 427 2039 459 Atti-

1023 473 1118 504 cismi
1135 483 1226 514 penu
1245 474 1441 515 deprompta
1466 473 1621 513 videtur,
1660 474 1826 514 siquidem
1844 474 1905 506 hoc
1922 474 1964 506 de
1978 485 2040 507 το-

1022 522 1211 565 τηνικαῦτα
1228 521 1420 552 observavit
1436 520 1597 552 Atticista
1611 520 1794 562 ‘Villoisoni
1811 521 1941 553 Anecd.
1961 522 2034 554 Vol.

1023 568 1050 599 I.
1070 577 1104 608 p.
1126 563 1182 600 83.
1212 567 1264 600 Cf.
1286 568 1368 600 Lob.
1388 568 1428 599 ad
1447 567 1572 606 Phryn.
1592 577 1626 608 p.
1648 564 1705 599 50.

1093 622 1349 670 Τηνικαῦτα
1383 629 1454 658 tum
1477 628 1512 657 et
1535 634 1571 656 eo
1596 628 1758 666 tempore,
1794 626 1915 657 fortius
1939 636 2038 667 quam

1022 670 1138 713 τότε,
1168 675 1294 714 quippe
1312 674 1352 705 de
1370 673 1504 714 definito
1522 675 1669 714 tempore
1682 698 1690 713 ,
1712 673 1780 712 die,
1799 673 1891 712 hora,
1912 673 2038 705 simili-

1022 721 1085 752 bus
1104 721 1278 752 usitatum.
1300 716 1436 765 ὁπηνίκ’
1453 716 1493 752 ἂν
1512 716 1592 756 θεὸς
1606 717 1714 752 πλοῦν
1732 717 1815 776 ἧμιν
1834 717 1923 765 εἴκη,
1939 731 2037 766 τηνι-

1021 760 1124 800 καῦθΊ
1141 764 1334 813 ὁρμώμεθα
1351 767 1414 800 Ph.
1425 763 1506 798 465.
1553 765 1642 800 ὤταν
1659 777 1709 804 τις
1726 777 1763 799 ευ
1780 765 1834 814 ζῇ,
1853 770 2039 812 τηνικαῦτα

1021 813 1079 847 τὸν
1098 811 1169 859 βίον
1190 816 1330 848 σκοπεῖν
1349 812 1497 860 μάλιστα
1562 811 1594 845 5.
1632 811 1711 847 ὅταν
1730 810 1758 846 δ’
1780 810 1916 859 ἵκηται,
1987 826 2038 848 νι-

1023 856 1115 894 καῦτ’
1137 859 1206 906 ἐγὼ
1223 860 1332 899 κακὸς
1351 860 1399 906 μὴ
1427 859 1515 905 δρῶν
1534 857 1574 894 ἂν
1593 858 1666 906 εἴην
1691 857 1792 894 πάνθ’
1809 858 1858 894 ὅσ’
1875 857 1916 894 ἂν
1935 859 1952 894 δ
2003 864 2039 896 οῖ

1022 906 1102 945 θεός
1120 909 1178 940 OR
1195 906 1252 941 76.
1272 909 1437 966 γνώσεται
1475 909 1533 941 οῦν
1547 905 1638 940 ἀλλὰ
1653 909 1841 953 τηνικαῦτα
1853 909 1936 941 Ant.
1976 907 2032 942 79.

1021 952 1113 1000 πλὴν
1131 952 1210 989 ὅταν
1227 953 1318 1003 κλυῇ
1335 955 1425 992 τινὸς
1449 920 1557 1000 {iovi
1576 951 1740 1034 Ὀεέστην
1754 965 1761 971 ·
1796 957 1983 1001 τηνικαῦτα
2008 952 2032 990 δ’

1024 1000 1183 1048 ἐμμανὴς
1217 1001 1283 1049 βοᾷ
1307 1004 1509 1048 παραστᾶσα
1533 1003 1588 1034 ΕΙ.
1640 998 1697 1033 94.
1742 1002 1835 1034 Haec
1860 1004 1972 1036 omnia
1995 1004 2036 1036 de

1021 1051 1120 1081 rebus
1150 1051 1283 1082 duabus
1309 1053 1449 1090 tempore
1477 1059 1511 1081 se
1538 1049 1809 1091 consequentibus
1833 1050 1921 1081 dicta
1938 1055 2032 1083 sunt.

1022 1098 1087 1130 Sed
1119 1097 1202 1129 duas
1219 1107 1288 1129 una
1321 1098 1498 1137 colliyatas
1523 1100 1553 1128 et
1575 1099 1762 1136 praesentes
1786 1097 1956 1137 significat
1987 1093 2028 1131 ὅτ’

1022 1137 1134 1224 οὐκὲἷ
1151 1142 1243 1189 εἰμί,
1271 1138 1443 1190 τηνικαῦτ’
1461 1141 1514 1190 ἄρ’
1531 1141 1597 1188 εἴμ’
1614 1141 1702 1188 ἀνήρ
1720 1143 1775 1176 OG
1792 1141 1872 1177 393.
1910 1141 1965 1178 ὅτε
1983 1149 2035 1178 est

1020 1202 1079 1224 νυν
1118 1202 1165 1224 τε.

1095 1247 1250 1296 [Τηρεύ
1264 1261 1279 1288 ς
1305 1260 1339 1282 n.
1359 1260 1410 1292 pr.
1442 1250 1587 1281 Fabulae
1605 1249 1705 1291 Sopb.
1727 1250 1774 1282 sic
1798 1249 1980 1293 inscriptae
1998 1260 2030 1283 v.

1020 1299 1061 1330 fr.
1084 1294 1281 1329 511—526.
1311 1297 1430 1339 Dind.]

1097 1352 1248 1400 ,Γηρέω
1275 1357 1416 1388 observo.
1445 1352 1504 1389 καί
1522 1348 1557 1400 μ’
1581 1352 1599 1388 ὁ
1624 1352 1772 1401 πρέσβυς
1851 1354 2024 1400 παραστεί-

1018 1413 1125 1449 γοντα
1141 1402 1294 1448 τηρήσας
1312 1403 1369 1435 OR
1385 1400 1466 1435 808.
1494 1404 1518 1434 i.
1538 1412 1571 1443 q.
1601 1400 1844 1448 παραφυλάξας
1868 1401 1925 1435 τὸν
1952 1414 2032 1437 και-

1020 1443 1090 1495 ρόν.
1125 1469 1170 1473 -
1211 1447 1361 1496 [τηροῦσ’
1392 1459 1451 1492 pro
1484 1447 1615 1495 εὑροῦσ’
1651 1450 1704 1483 ΕΙ.
1741 1446 1821 1482 278.
1859 1450 1962 1483 Dind.
1998 1462 2027 1483 c.

1019 1498 1166 1530 Meinek.

1088 1553 1234 1601 Τητάο
1247 1567 1320 1600 μαι
1352 1558 1477 1596 privor.
1516 1557 1587 1588 τῶν
1618 1552 1712 1599 ἐμῶν
1739 1554 1937 1601 τητώμενος
1967 1557 2026 1589 Ph.

1017 1600 1098 1635 383.
1142 1607 1210 1636 τῶν
1241 1607 1308 1636 σῶν
1339 1600 1512 1650 ἀόἑρκτων
1547 1601 1713 1648 ὀμμάτων
1740 1603 1941 1648 τητώμενος
1973 1605 2028 1637 OC

1019 1647 1119 1682 1200.
1158 1661 1189 1682 v.
1222 1648 1396 1695 ἄδερκτος.
1439 1647 1479 1683 οὗ
1507 1647 1666 1695 (ἀνδρὸς)
1694 1650 1888 1695 τητώμεναι
1924 1647 2025 1684 1618.

1015 1695 1083 1730 κάκ
1099 1695 1207 1731 τῶνδέ
1222 1708 1280 1742 μοι
1297 1695 1417 1741 λαβεῖν
1433 1691 1460 1730 θ’
1477 1694 1606 1742 ὁμοίως
1623 1695 1682 1730 καὶ
1693 1696 1733 1730 τὸ
1756 1687 1767 1703 ’
1794 1695 1918 1732 τᾶσθαι
1931 1696 2029 1731 πέλει

1016 1745 1067 1776 ΕΙ.
1088 1741 1168 1777 265.
1199 1748 1309 1790 μῶροι
1335 1743 1394 1777 καὶ
1412 1748 1544 1790 φρενῶν
1567 1745 1760 1789 τητώμενοι
1799 1741 1880 1778 326.
1909 1763 1950 1768 -
1976 1746 2028 1778 De

1015 1792 1075 1823 hoe
1092 1793 1193 1823 verbo
1211 1793 1438 1823 consulendus
1457 1791 1571 1824 Valck.
1591 1791 1631 1823 ad
1650 1791 1812 1824 Adoniaz.
1841 1802 1876 1833 p.
1896 1789 1978 1825 201.

1084 1858 1136 1896 Τῗ
1148 1859 1227 1907 άρα
1243 1863 1342 1894 tiara.
1370 1858 1514 1908 ψαλίδας
1531 1859 1648 1908 τιάρας
1665 1860 1725 1897 καὶ
1741 1860 1931 1909 σισυρνώδη
1950 1874 2029 1897 στο-

1013 1906 1079 1953 λήν
1098 1909 1182 1948 Mys.
1203 1910 1244 1941 fr.
1265 1905 1345 1940 362.

1085 1964 1141 2001 Τῖ
1152 1964 1205 2001 θᾶ
1217 1965 1286 2004 σός
1313 1970 1414 2000 cic-ur.
1449 1964 1590 2001 τιθασὸν
1617 1966 1655 2001 δὲ
1678 1970 1771 2014 χῆνα
1793 1969 1860 2000 inc.
1882 1970 1922 2001 fr.
1944 1966 2023 2001 744.

1015 2014 1189 2055 Scriptura
1218 2015 1352 2046 tenuior
1381 2025 1433 2056 ap.
1466 2019 1580 2055 poetas
1606 2015 1735 2047 Atticos
1761 2018 1836 2047 tuta
1859 2019 1929 2056 est3
1963 2025 2028 2048 nec

1013 2063 1149 2094 omnino
1172 2065 1264 2094 recte
1289 2072 1308 2094 σ
1333 2062 1545 2103 duplicatur:
1581 2072 1611 2093 v.
1642 2062 1838 2095 Schneider.
1867 2063 1910 2095 ad
1934 2063 2021 2096 Plat.

1013 2110 1076 2141 σίν.
1097 2119 1131 2150 p.
1153 2105 1240 2149 589,
1261 2110 1295 2141 b.

1083 2164 1167 2201 Τίθ
1208 2179 1263 2212 μι.
1294 2169 1320 2200 I.
1344 2169 1490 2200 Formae.
1523 2165 1553 2200 1.
1574 2168 1852 2208 Activipraesens
1867 2166 2027 2215 τίθημι

1012 2215 1095 2246 Ant.
1119 2211 1195 2246 116..
1234 2225 1277 2247 m.
1313 2216 1368 2248 El.
1391 2212 1481 2247 1270
1498 2225 1540 2246 m.
1578 2215 1678 2247 Salm.
1708 2216 1749 2246 fr.
1777 2212 1865 2255 482,
1890 2213 1922 2248 3.
1953 2217 2020 2249 inc.

994 2259 1091 2305 1822.
1119 2258 1219 2308 τίθης
1236 2262 1297 2293 Ph.
1318 2259 1398 2294 992.
1428 2260 1490 2306 [sic
1519 2272 1538 2293 e
1555 2262 1692 2294 Porsoni
1717 2263 1949 2295 emendatione
1966 2273 2025 2305 pro

994 2306 1118 2346 Ιτιθείς
1136 2309 1224 2350 quod
1246 2312 1299 2340 est
1323 2311 1358 2340 in
1377 2307 1504 2353 libris]
1527 2306 1644 2354 τίθησι
1662 2308 1717 2341 OC
1736 2305 1816 2341 931.
1837 2306 1916 2342 958.
1937 2311 2020 2343 Ant.

1013 2353 1092 2387 674.
1122 2357 1161 2387 fr.
1183 2356 1300 2388 Alead.
1324 2352 1408 2396 109,
1439 2353 1493 2388 10.
1530 2356 1647 2396 Amyc.
1676 2357 1715 2387 fr.
1741 2353 1817 2388 114.
1849 2374 1889 2379 -
1914 2355 2023 2392 τιθῶ

1013 2403 1066 2434 Tr.
1089 2399 1168 2434 334.
1197 2399 1295 2449 τιθῇς
1312 2404 1366 2435 El.
1386 2400 1465 2435 581.
1487 2399 1577 2445 584.
1608 2403 1667 2434 LA
1685 2404 1793 2444 priore
1810 2404 1879 2436 loco
1896 2401 2020 2450 τίθηις,

1012 2450 1115 2481 altero
1132 2447 1242 2495 τίθης.
1271 2447 1371 2496 τιθῇς
1389 2459 1502 2490 apogr.
1542 2451 1577 2481 Is
1596 2451 1832 2482 coniunctivus
1860 2452 1900 2483 ad
1925 2461 2021 2483 men-

1011 2500 1078 2528 tem
1097 2497 1250 2528 Electrae
1285 2498 1392 2538 aptior
1416 2501 1479 2530 est.
1521 2494 1602 2543 τιθῇ
1623 2496 1677 2529 OG
1698 2494 1798 2529 1525.
1829 2515 1870 2520 -——
1905 2495 2023 2532 τίθει

1010 2540 1167 2575 Ais363.
1198 2561 1238 2566 —
1264 2541 1404 2581 τιθείς
1430 2544 1484 2576 OC
1502 2541 1582 2576 484.
1602 2541 1736 2577 τιθεῖσα
1754 2545 1834 2576 Ant.
1855 2542 1935 2578 504.
1963 2546 2018 2578 ΕΙ.

1012 2588 1090 2622 580.
1114 2609 1154 2614 -
1181 2590 1336 2631 futurum
1361 2588 1483 2636 θήσω
1508 2591 1563 2622 Ai.
1587 2588 1687 2623 1110.
1722 2588 1841 2635 θήσεις
1865 2592 1920 2624 OC
1937 2590 2017 2626 859.

1011 2634 1157 2682 θήσουσι
1172 2638 1228 2669 Ai.
1251 2635 1329 2670 573.
1352 2656 1395 2661 -—
1413 2647 1484 2671 aor.
1515 2635 1545 2669 1.
1576 2635 1720 2683 ἔθηκα
1745 2638 1799 2670 Tr.
1821 2635 1900 2671 691.
1934 2636 2000 2684 ἔθη

998 2695 1073 2721 »κας
1098 2684 1153 2716 OC
1180 2682 1280 2717 1357.
1310 2681 1412 2717 1362.
1453 2682 1566 2730 ἔθηκε
1578 2688 1613 2716 et
1634 2683 1759 2730 ἔθηκεν
1790 2686 1845 2717 Tr.
1867 2683 1923 2718 28.
1955 2687 2015 2718 Ph.

1011 2728 1090 2763 632.
1116 2731 1266 2776 [Thyest.
1286 2733 1348 2764 111.
1370 2729 1391 2764 3
1408 2742 1462 2773 ap.
1482 2730 1598 2776 Brck.]
1626 2732 1692 2765 Sed
1715 2729 1827 2776 θῆκε
1852 2743 1927 2764 cum
1944 2738 2020 2775 post

1010 2788 1186 2810 consonam
1208 2780 1350 2818 .legatur
1375 2783 1411 2810 et
1443 2779 1478 2810 in
1508 2780 1618 2810 medio
1641 2779 1778 2820 quidem
1805 2781 1935 2812 senario
1964 2780 2018 2813 OC

1011 2822 1113 2857 1506.
1140 2825 1280 2857 Heathii
1305 2826 1573 2858 emendationem
1613 2827 1906 2867 transpositionem
1940 2831 2018 2859 ten-

1008 2873 1113 2904 tantis
1142 2872 1288 2905 Brunck.
1321 2873 1441 2905 Elmsl.
1469 2873 1573 2905 Dind.
1601 2874 1800 2914 probarunt,
1831 2874 1954 2914 Reisig.
1985 2878 2019 2906 et

1007 2919 1223 2951 Hermannus
1253 2918 1333 2964 ἧκε
1370 2921 1589 2961 scripserunt.
1625 2938 1667 2944 —-
1705 2930 1775 2951 aor.
1803 2917 1836 2953 2.
1876 2917 1938 2954 θῶ
1963 2921 2018 2954 OG

1007 2963 1087 2998 480.
1118 2965 1230 2999 *Ant.
1254 2963 1344 2998 1342
1360 2977 1405 2997 m.
1443 2977 1474 2998 v.
1496 2967 1595 2998 infra.
1633 2963 1702 3013 θῇς
1727 2967 1782 2999 Tr.
1805 2964 1906 2999 1254.
1943 2967 2019 3012 [με-

1008 3009 1078 3049 θείς
1097 3014 1156 3044 LA
1173 3023 1222 3054 pr.
1245 3023 1289 3046 m.
1311 3011 1423 3060 μεθῇς
1440 3014 1584 3045 mutavit
1602 3013 1743 3055 eadem]
1766 3011 1844 3058 θείη
1863 3015 1951 3047 Alet.
1974 3016 2014 3046 fr.

1007 3056 1064 3099 93,
1088 3057 1117 3090 1.
1147 3057 1239 3093 θεῖεν
1257 3059 1312 3092 OC
1329 3057 1408 3093 865.
1431 3057 1490 3097 θές
1507 3061 1614 3101 Tript.
1635 3062 1675 3092 fr.
1690 3058 1769 3092 535.
1795 3061 1861 3103 [Tr.
1875 3058 1954 3093 799.
1976 3071 2019 3093 ex

1008 3110 1114 3147 certa,
1136 3110 1176 3138 ut
1193 3107 1336 3146 videtur,
1351 3108 1552 3139 Wakefieldi
1569 3108 1774 3138 coniectura:
1805 3105 1910 3151 μέθες
1928 3109 2015 3150 LA.]

1007 3150 1119 3185 θεῖναι
1150 3154 1231 3186 Ant.
1259 3151 1292 3186 8.
1333 3151 1407 3191 θείς
1431 3154 1487 3186 Ai.
1516 3151 1594 3185 751.
1635 3151 1753 3191 θέντες
1783 3154 1837 3187 Tr.
1865 3152 1945 3187 804.
1976 3173 2018 3179 --

1009 3199 1023 3240 ΙΙ
1043 3199 1171 3231 Passivi
1196 3201 1290 3232 nulla
1307 3210 1382 3241 pars
1401 3203 1522 3233 exstat.
1546 3218 1586 3224 —
1613 3200 1627 3242 ΙΙ
1646 3201 1747 3232 Medii
1767 3211 1924 3240 praesens
1954 3199 2019 3235 τί-

1008 3244 1141 3290 θεμαι
1165 3247 1228 3279 Ph.
1258 3244 1348 3279 1448
1371 3258 1425 3280 an.
1452 3244 1609 3281 τίθεσθαι
1635 3248 1695 3280 Ph.
1716 3245 1797 3279 451.
1837 3247 1904 3279 Sed
1931 3247 2020 3294 μέγα

1007 3290 1187 3336 τιθέμενος
1206 3294 1266 3325 Ph.
1288 3291 1366 3326 515.
1388 3295 1454 3325 iam
1471 3295 1618 3326 Brunck.
1640 3304 1683 3326 ex
1698 3294 1799 3326 schol.
1836 3293 2019 3338 μετατιθέ-

1009 3350 1111 3381 μενος
1144 3341 1304 3372 correxit.
1339 3346 1379 3363 —'-
1414 3340 1571 3381 futurum
1603 3338 1803 3386 θήσομαι
1834 3342 1895 3373 Ph.
1932 3338 2011 3375 590.

1009 3383 1152 3430 θήσεται
1178 3387 1233 3418 Tr.
1261 3383 1340 3419 615.
1378 3383 1581 3432 [μαθ’σεται
1609 3387 1838 3430 Billerbeck.].
1870 3406 1916 3411 —
1944 3399 2012 3421 (zor.

1008 3429 1041 3464 2.
1063 3430 1169 3467 ἔθου
1197 3433 1252 3465 Tr.
1274 3430 1353 3466 997.
1375 3435 1429 3466 Ai.
1453 3431 1468 3465 1
1500 3459 1507 3467 .
1528 3431 1608 3469 536.
1627 3435 1688 3468 Ph.
1708 3431 1788 3468 876.
1810 3434 1865 3469 OC
1882 3431 1951 3468 542
1961 3436 2012 3469 ch.
