<?xml version="1.0" encoding="UTF-8"?>
<!DOCTYPE html PUBLIC "-//W3C//DTD XHTML 1.0 Transitional//EN"
    "http://www.w3.org/TR/xhtml1/DTD/xhtml1-transitional.dtd">
<html xmlns="http://www.w3.org/1999/xhtml" xml:lang="en" lang="en">
 <head>
  <title>
</title>
<meta http-equiv="Content-Type" content="text/html;charset=utf-8" />
  <meta name='ocr-system' content='tesseract 3.04.00' />
  <meta name='ocr-capabilities' content='ocr_page ocr_carea ocr_par ocr_line ocrx_word'/>
</head>
<body>
  <div class='ocr_page' id='page_1' title='image "./lexiconsophocleu00elleuoft_0630.png"; bbox 0 0 2288 3600; ppageno 0'>
   <div class='ocr_carea' id='block_1_1' title="bbox 230 142 331 190">
    <p class='ocr_par' dir='ltr' id='par_1_1' title="bbox 230 142 331 190">
     <span class='ocr_line' id='line_1_1' title="bbox 230 142 331 190; baseline 0.01 -1"><span class='ocrx_word' id='word_1_1' title='bbox 230 142 331 190; x_wconf 80' lang='lat'>296</span> 
     </span>
    </p>
   </div>
   <div class='ocr_carea' id='block_1_2' title="bbox 233 251 1240 295">
    <p class='ocr_par' dir='ltr' id='par_1_2' title="bbox 233 251 1240 295">
     <span class='ocr_line' id='line_1_2' title="bbox 233 251 1240 295; baseline -0.004 -5"><span class='ocrx_word' id='word_1_2' title='bbox 233 255 332 291; x_wconf 87' lang='lat'>1163.</span> <span class='ocrx_word' id='word_1_3' title='bbox 360 259 414 290; x_wconf 89' lang='lat' dir='ltr'>Ai.</span> <span class='ocrx_word' id='word_1_4' title='bbox 436 255 516 290; x_wconf 84' lang='lat'>509.</span> <span class='ocrx_word' id='word_1_5' title='bbox 547 254 627 289; x_wconf 90' lang='lat'>755.</span> <span class='ocrx_word' id='word_1_6' title='bbox 656 258 761 288; x_wconf 79' lang='lat' dir='ltr'><strong>Laris.</strong></span> <span class='ocrx_word' id='word_1_7' title='bbox 791 259 830 289; x_wconf 80' lang='lat' dir='ltr'>fr.</span> <span class='ocrx_word' id='word_1_8' title='bbox 864 254 920 289; x_wconf 92' lang='lat'>66.</span> <span class='ocrx_word' id='word_1_9' title='bbox 951 256 1061 295; x_wconf 89' lang='grc' dir='ltr'>ζῶσαν</span> <span class='ocrx_word' id='word_1_10' title='bbox 1085 255 1142 288; x_wconf 87' lang='lat' dir='ltr'>OC</span> <span class='ocrx_word' id='word_1_11' title='bbox 1159 251 1240 287; x_wconf 85' lang='lat'>999.</span> 
     </span>
    </p>
   </div>
   <div class='ocr_carea' id='block_1_3' title="bbox 1210 138 1319 187">
    <p class='ocr_par' dir='ltr' id='par_1_3' title="bbox 1210 138 1319 187">
     <span class='ocr_line' id='line_1_3' title="bbox 1210 138 1319 187; baseline -0.009 0"><span class='ocrx_word' id='word_1_12' title='bbox 1210 138 1319 187; x_wconf 85' lang='grc' dir='ltr'>Ζάω</span> 
     </span>
    </p>
   </div>
   <div class='ocr_carea' id='block_1_4' title="bbox 1978 149 2288 198">
    <p class='ocr_par' dir='ltr' id='par_1_4' title="bbox 1978 149 2288 198">
     <span class='ocr_line' id='line_1_4' title="bbox 1978 149 2288 198; baseline 0.01 -14"><span class='ocrx_word' id='word_1_13' title='bbox 1978 149 2010 196; x_wconf 93' lang='lat'>[1</span> <span class='ocrx_word' id='word_1_14' title='bbox 2029 162 2063 194; x_wconf 76' lang='lat' dir='ltr'>p.</span> <span class='ocrx_word' id='word_1_15' title='bbox 2081 149 2288 198; x_wconf 63' lang='lat' dir='ltr'><strong>rac-⁷404</strong></span> 
     </span>
    </p>
   </div>
   <div class='ocr_carea' id='block_1_5' title="bbox 1282 225 2288 303">
    <p class='ocr_par' dir='ltr' id='par_1_5' title="bbox 1282 225 2288 303">
     <span class='ocr_line' id='line_1_5' title="bbox 1282 225 2288 303; baseline 0.003 -14"><span class='ocrx_word' id='word_1_16' title='bbox 1282 254 1423 301; x_wconf 77' lang='grc' dir='ltr'>οἰκητοῦ</span> <span class='ocrx_word' id='word_1_17' title='bbox 1449 258 1567 301; x_wconf 73' lang='grc' dir='ltr'>τυχεῖν</span> <span class='ocrx_word' id='word_1_18' title='bbox 1595 253 1694 288; x_wconf 88' lang='grc'>1450.</span> <span class='ocrx_word' id='word_1_19' title='bbox 1724 255 1819 302; x_wconf 74' lang='grc' dir='ltr'>εἴπερ</span> <span class='ocrx_word' id='word_1_20' title='bbox 1846 256 1907 303; x_wconf 86' lang='grc' dir='ltr'>ζῆν</span> <span class='ocrx_word' id='word_1_21' title='bbox 1926 255 2037 301; x_wconf 80' lang='grc' dir='ltr'>φιλεῖς</span> <span class='ocrx_word' id='word_1_22' title='bbox 2054 258 2109 290; x_wconf 83' lang='lat' dir='ltr'>OC</span> <span class='ocrx_word' id='word_1_23' title='bbox 2127 254 2207 290; x_wconf 86' lang='lat'>995.</span> <span class='ocrx_word' id='word_1_24' title='bbox 2230 225 2288 292; x_wconf 78' lang='grc' dir='ltr'>πα-</span> 
     </span>
    </p>
   </div>
   <div class='ocr_carea' id='block_1_6' title="bbox 230 295 2288 384">
    <p class='ocr_par' dir='ltr' id='par_1_6' title="bbox 230 295 2288 384">
     <span class='ocr_line' id='line_1_6' title="bbox 230 295 2288 384; baseline -0 -46"><span class='ocrx_word' id='word_1_25' title='bbox 230 308 311 338; x_wconf 82' lang='lat' dir='ltr'>Ant.</span> <span class='ocrx_word' id='word_1_26' title='bbox 334 303 412 337; x_wconf 89' lang='lat'>750.</span> <span class='ocrx_word' id='word_1_27' title='bbox 443 303 522 336; x_wconf 82' lang='lat'>774.</span> <span class='ocrx_word' id='word_1_28' title='bbox 550 301 620 336; x_wconf 86' lang='lat'>810</span> <span class='ocrx_word' id='word_1_29' title='bbox 638 315 680 336; x_wconf 92' lang='lat' dir='ltr'>m.</span> <span class='ocrx_word' id='word_1_30' title='bbox 713 305 767 336; x_wconf 90' lang='lat' dir='ltr'>Tr.</span> <span class='ocrx_word' id='word_1_31' title='bbox 790 302 870 336; x_wconf 87' lang='lat'>735.</span> <span class='ocrx_word' id='word_1_32' title='bbox 899 305 951 335; x_wconf 87' lang='lat' dir='ltr'>El.</span> <span class='ocrx_word' id='word_1_33' title='bbox 973 301 1054 336; x_wconf 90' lang='lat'>650.</span> <span class='ocrx_word' id='word_1_34' title='bbox 1076 322 1116 327; x_wconf 91' lang='lat'>—</span> <span class='ocrx_word' id='word_1_35' title='bbox 1139 302 1244 341; x_wconf 86' lang='grc' dir='ltr'>ζῶντε</span> <span class='ocrx_word' id='word_1_36' title='bbox 1280 302 1359 348; x_wconf 88' lang='grc' dir='ltr'>τρὸς</span> <span class='ocrx_word' id='word_1_37' title='bbox 1385 295 1516 348; x_wconf 56' lang='grc' dir='ltr'>ψυχὴν”</span> <span class='ocrx_word' id='word_1_38' title='bbox 1527 301 1640 341; x_wconf 89' lang='grc' dir='ltr'>ζῶσαν</span> <span class='ocrx_word' id='word_1_39' title='bbox 1665 300 1746 335; x_wconf 86' lang='grc'>999.</span> <span class='ocrx_word' id='word_1_40' title='bbox 1775 302 1912 350; x_wconf 83' lang='grc' dir='ltr'>πάρειμ’</span> <span class='ocrx_word' id='word_1_41' title='bbox 1933 301 2027 384; x_wconf 67' lang='grc' dir='ltr'>ἄγΛων</span> <span class='ocrx_word' id='word_1_42' title='bbox 2051 303 2164 344; x_wconf 86' lang='grc' dir='ltr'>ζώσας</span> <span class='ocrx_word' id='word_1_43' title='bbox 2192 302 2288 337; x_wconf 85' lang='grc'>1147.</span> 
     </span>
    </p>
   </div>
   <div class='ocr_carea' id='block_1_7' title="bbox 187 347 1247 1390">
    <p class='ocr_par' dir='ltr' id='par_1_7' title="bbox 187 347 1247 1390">
     <span class='ocr_line' id='line_1_7' title="bbox 230 347 1244 391; baseline -0.004 -6"><span class='ocrx_word' id='word_1_44' title='bbox 230 365 261 385; x_wconf 90' lang='lat' dir='ltr'>v.</span> <span class='ocrx_word' id='word_1_45' title='bbox 294 351 406 391; x_wconf 88' lang='grc' dir='ltr'>ζῶντι.</span> <span class='ocrx_word' id='word_1_46' title='bbox 437 351 562 391; x_wconf 90' lang='grc' dir='ltr'>ζώσαιν</span> <span class='ocrx_word' id='word_1_47' title='bbox 598 352 667 383; x_wconf 78' lang='lat' dir='ltr'>dut.</span> <span class='ocrx_word' id='word_1_48' title='bbox 698 352 777 383; x_wconf 83' lang='lat' dir='ltr'>Ant.</span> <span class='ocrx_word' id='word_1_49' title='bbox 800 349 832 382; x_wconf 88' lang='grc'>3.</span> <span class='ocrx_word' id='word_1_50' title='bbox 863 352 915 382; x_wconf 88' lang='lat' dir='ltr'>El.</span> <span class='ocrx_word' id='word_1_51' title='bbox 938 347 1018 383; x_wconf 88' lang='lat'>985.</span> <span class='ocrx_word' id='word_1_52' title='bbox 1050 369 1090 374; x_wconf 88' lang='lat'>-—</span> <span class='ocrx_word' id='word_1_53' title='bbox 1119 349 1244 388; x_wconf 87' lang='grc' dir='ltr'>ζῶντες</span> 
     </span>
     <span class='ocr_line' id='line_1_8' title="bbox 187 395 1244 438; baseline -0.003 -6"><span class='ocrx_word' id='word_1_54' title='bbox 187 413 193 420; x_wconf 86' lang='grc'><em>·</em></span> <span class='ocrx_word' id='word_1_55' title='bbox 230 402 309 433; x_wconf 90' lang='lat' dir='ltr'>Ant.</span> <span class='ocrx_word' id='word_1_56' title='bbox 332 397 411 432; x_wconf 89' lang='lat'>309.</span> <span class='ocrx_word' id='word_1_57' title='bbox 437 396 538 431; x_wconf 93' lang='lat'>1173.</span> <span class='ocrx_word' id='word_1_58' title='bbox 569 398 680 437; x_wconf 89' lang='grc' dir='ltr'>ζῶντα</span> <span class='ocrx_word' id='word_1_59' title='bbox 695 409 783 430; x_wconf 81' lang='lat' dir='ltr'>nom.</span> <span class='ocrx_word' id='word_1_60' title='bbox 803 400 850 438; x_wconf 86' lang='lat' dir='ltr'>pl.</span> <span class='ocrx_word' id='word_1_61' title='bbox 872 399 930 430; x_wconf 73' lang='grc' dir='ltr'>ΟΒ</span> <span class='ocrx_word' id='word_1_62' title='bbox 947 395 1015 430; x_wconf 89' lang='grc'>482</span> <span class='ocrx_word' id='word_1_63' title='bbox 1033 399 1085 429; x_wconf 88' lang='lat' dir='ltr'>ch.</span> <span class='ocrx_word' id='word_1_64' title='bbox 1107 396 1244 436; x_wconf 90' lang='grc' dir='ltr'>ζώντων</span> 
     </span>
     <span class='ocr_line' id='line_1_9' title="bbox 228 442 1241 488; baseline -0.003 -9"><span class='ocrx_word' id='word_1_65' title='bbox 228 449 287 479; x_wconf 91' lang='lat' dir='ltr'>Ph.</span> <span class='ocrx_word' id='word_1_66' title='bbox 312 444 411 478; x_wconf 87' lang='lat'>1312.</span> <span class='ocrx_word' id='word_1_67' title='bbox 442 445 542 485; x_wconf 88' lang='grc' dir='ltr'>ζῶσιν</span> <span class='ocrx_word' id='word_1_68' title='bbox 570 447 629 477; x_wconf 88' lang='lat' dir='ltr'>Ph.</span> <span class='ocrx_word' id='word_1_69' title='bbox 654 443 756 477; x_wconf 83' lang='lat'>1018.</span> <span class='ocrx_word' id='word_1_70' title='bbox 785 443 875 477; x_wconf 89' lang='lat'>1444</span> <span class='ocrx_word' id='word_1_71' title='bbox 893 442 987 488; x_wconf 87' lang='lat' dir='ltr'><strong>[secl.</strong></span> <span class='ocrx_word' id='word_1_72' title='bbox 1010 442 1133 488; x_wconf 88' lang='lat' dir='ltr'><strong>Dind.]</strong></span> <span class='ocrx_word' id='word_1_73' title='bbox 1159 445 1241 476; x_wconf 86' lang='lat' dir='ltr'>Ant.</span> 
     </span>
     <span class='ocr_line' id='line_1_10' title="bbox 228 488 1245 532; baseline -0.004 -5"><span class='ocrx_word' id='word_1_74' title='bbox 228 492 298 527; x_wconf 86' lang='lat'>852</span> <span class='ocrx_word' id='word_1_75' title='bbox 310 505 353 526; x_wconf 91' lang='lat' dir='ltr'>m.</span> <span class='ocrx_word' id='word_1_76' title='bbox 376 492 505 532; x_wconf 89' lang='grc' dir='ltr'>ζῶντας</span> <span class='ocrx_word' id='word_1_77' title='bbox 523 495 578 525; x_wconf 89' lang='lat' dir='ltr'>Ai.</span> <span class='ocrx_word' id='word_1_78' title='bbox 597 490 652 524; x_wconf 88' lang='lat'>62.</span> <span class='ocrx_word' id='word_1_79' title='bbox 675 493 727 524; x_wconf 90' lang='lat' dir='ltr'>El.</span> <span class='ocrx_word' id='word_1_80' title='bbox 750 490 850 525; x_wconf 88' lang='lat'>1478.</span> <span class='ocrx_word' id='word_1_81' title='bbox 872 491 983 531; x_wconf 80' lang='grc' dir='ltr'>ζώσας</span> <span class='ocrx_word' id='word_1_82' title='bbox 1002 493 1060 524; x_wconf 85' lang='lat' dir='ltr'>OR</span> <span class='ocrx_word' id='word_1_83' title='bbox 1072 489 1130 523; x_wconf 90' lang='lat'>45.</span> <span class='ocrx_word' id='word_1_84' title='bbox 1155 488 1245 523; x_wconf 89' lang='lat'>1188</span> 
     </span>
     <span class='ocr_line' id='line_1_11' title="bbox 229 536 1244 583; baseline -0.004 -9"><span class='ocrx_word' id='word_1_85' title='bbox 229 542 281 574; x_wconf 89' lang='lat' dir='ltr'>ch.</span> <span class='ocrx_word' id='word_1_86' title='bbox 310 541 365 574; x_wconf 86' lang='lat' dir='ltr'>OC</span> <span class='ocrx_word' id='word_1_87' title='bbox 386 538 488 573; x_wconf 84' lang='lat'>1147.</span> <span class='ocrx_word' id='word_1_88' title='bbox 511 559 552 564; x_wconf 90' lang='lat'>-—</span> <span class='ocrx_word' id='word_1_89' title='bbox 580 540 815 580; x_wconf 76' lang='lat' dir='ltr'><em>Imperfectum</em></span> <span class='ocrx_word' id='word_1_90' title='bbox 840 538 948 578; x_wconf 82' lang='grc' dir='ltr'>ἔζων</span> <span class='ocrx_word' id='word_1_91' title='bbox 976 539 1030 571; x_wconf 91' lang='lat' dir='ltr'>El.</span> <span class='ocrx_word' id='word_1_92' title='bbox 1053 536 1133 571; x_wconf 83' lang='lat'>323.</span> <span class='ocrx_word' id='word_1_93' title='bbox 1164 536 1244 583; x_wconf 85' lang='grc' dir='ltr'>ἔζης</span> 
     </span>
     <span class='ocr_line' id='line_1_12' title="bbox 230 584 1246 632; baseline -0.005 -11"><span class='ocrx_word' id='word_1_94' title='bbox 230 589 369 621; x_wconf 88' lang='lat' dir='ltr'><strong>Phaedr.</strong></span> <span class='ocrx_word' id='word_1_95' title='bbox 399 589 438 620; x_wconf 83' lang='lat' dir='ltr'>fr.</span> <span class='ocrx_word' id='word_1_96' title='bbox 460 585 541 628; x_wconf 86' lang='lat'>603,</span> <span class='ocrx_word' id='word_1_97' title='bbox 566 586 597 619; x_wconf 90' lang='lat'>1.</span> <span class='ocrx_word' id='word_1_98' title='bbox 635 585 696 632; x_wconf 80' lang='grc' dir='ltr'>ἔζη</span> <span class='ocrx_word' id='word_1_99' title='bbox 728 588 784 619; x_wconf 84' lang='lat' dir='ltr'>Ai.</span> <span class='ocrx_word' id='word_1_100' title='bbox 808 584 897 619; x_wconf 90' lang='lat'>1060</span> <span class='ocrx_word' id='word_1_101' title='bbox 923 588 997 618; x_wconf 89' lang='lat' dir='ltr'><strong>sine</strong></span> <span class='ocrx_word' id='word_1_102' title='bbox 1021 587 1246 627; x_wconf 77' lang='lat' dir='ltr'><strong>discrepantia</strong></span> 
     </span>
     <span class='ocr_line' id='line_1_13' title="bbox 228 630 1244 678; baseline -0.004 -9"><span class='ocrx_word' id='word_1_103' title='bbox 228 638 423 678; x_wconf 83' lang='lat' dir='ltr'><strong>scripturae.</strong></span> <span class='ocrx_word' id='word_1_104' title='bbox 454 633 541 674; x_wconf 78' lang='grc' dir='ltr'>ἔζων</span> <span class='ocrx_word' id='word_1_105' title='bbox 558 636 683 666; x_wconf 89' lang='lat' dir='ltr'><strong>Atticis</strong></span> <span class='ocrx_word' id='word_1_106' title='bbox 703 635 856 676; x_wconf 76' lang='lat' dir='ltr'><strong>inprimis</strong></span> <span class='ocrx_word' id='word_1_107' title='bbox 875 635 1038 666; x_wconf 85' lang='lat' dir='ltr'><strong>usitatum</strong></span> <span class='ocrx_word' id='word_1_108' title='bbox 1051 659 1058 673; x_wconf 88' lang='lat'>,</span> <span class='ocrx_word' id='word_1_109' title='bbox 1080 635 1143 665; x_wconf 85' lang='lat' dir='ltr'><strong>etsi</strong></span> <span class='ocrx_word' id='word_1_110' title='bbox 1163 630 1244 677; x_wconf 80' lang='grc' dir='ltr'>ἕζην</span> 
     </span>
     <span class='ocr_line' id='line_1_14' title="bbox 229 682 1244 723; baseline -0.005 -7"><span class='ocrx_word' id='word_1_111' title='bbox 229 695 305 717; x_wconf 88' lang='lat' dir='ltr'><strong>cum</strong></span> <span class='ocrx_word' id='word_1_112' title='bbox 323 693 387 715; x_wconf 83' lang='lat' dir='ltr'>usu</span> <span class='ocrx_word' id='word_1_113' title='bbox 406 686 478 715; x_wconf 88' lang='lat' dir='ltr'><strong>tum</strong></span> <span class='ocrx_word' id='word_1_114' title='bbox 497 683 625 714; x_wconf 88' lang='lat' dir='ltr'><strong>ratione</strong></span> <span class='ocrx_word' id='word_1_115' title='bbox 643 683 682 714; x_wconf 85' lang='lat' dir='ltr'><strong>ab</strong></span> <span class='ocrx_word' id='word_1_116' title='bbox 700 683 835 723; x_wconf 87' lang='lat' dir='ltr'><strong>optimis</strong></span> <span class='ocrx_word' id='word_1_117' title='bbox 853 682 1070 722; x_wconf 85' lang='lat' dir='ltr'><strong>scriptoribus</strong></span> <span class='ocrx_word' id='word_1_118' title='bbox 1095 682 1244 712; x_wconf 88' lang='lat' dir='ltr'><strong>alienum</strong></span> 
     </span>
     <span class='ocr_line' id='line_1_15' title="bbox 230 724 1241 770; baseline -0.004 -7"><span class='ocrx_word' id='word_1_119' title='bbox 230 741 296 764; x_wconf 92' lang='lat' dir='ltr'>non</span> <span class='ocrx_word' id='word_1_120' title='bbox 323 732 408 763; x_wconf 83' lang='lat' dir='ltr'><strong>suit:</strong></span> <span class='ocrx_word' id='word_1_121' title='bbox 439 741 469 762; x_wconf 93' lang='lat' dir='ltr'>v.</span> <span class='ocrx_word' id='word_1_122' title='bbox 492 731 613 761; x_wconf 84' lang='lat' dir='ltr'><strong>Herod.</strong></span> <span class='ocrx_word' id='word_1_123' title='bbox 642 731 758 761; x_wconf 84' lang='lat' dir='ltr'><strong>Herm.</strong></span> <span class='ocrx_word' id='word_1_124' title='bbox 779 739 813 770; x_wconf 89' lang='lat' dir='ltr'>p.</span> <span class='ocrx_word' id='word_1_125' title='bbox 843 726 922 761; x_wconf 88' lang='grc'>315.</span> <span class='ocrx_word' id='word_1_126' title='bbox 951 729 1074 768; x_wconf 87' lang='lat' dir='ltr'>Phryn.</span> <span class='ocrx_word' id='word_1_127' title='bbox 1105 738 1139 769; x_wconf 88' lang='lat' dir='ltr'>p.</span> <span class='ocrx_word' id='word_1_128' title='bbox 1160 724 1241 767; x_wconf 83' lang='lat'>457,</span> 
     </span>
     <span class='ocr_line' id='line_1_16' title="bbox 229 774 1246 822; baseline -0.006 -11"><span class='ocrx_word' id='word_1_129' title='bbox 229 781 287 811; x_wconf 87' lang='lat' dir='ltr'>ubi</span> <span class='ocrx_word' id='word_1_130' title='bbox 305 778 392 820; x_wconf 90' lang='lat' dir='ltr'><strong>quod</strong></span> <span class='ocrx_word' id='word_1_131' title='bbox 411 775 471 822; x_wconf 82' lang='grc' dir='ltr'>ἔζη</span> <span class='ocrx_word' id='word_1_132' title='bbox 489 778 652 818; x_wconf 87' lang='lat' dir='ltr'><strong>scriptum</strong></span> <span class='ocrx_word' id='word_1_133' title='bbox 669 780 721 808; x_wconf 87' lang='lat' dir='ltr'>est</span> <span class='ocrx_word' id='word_1_134' title='bbox 739 774 819 820; x_wconf 83' lang='grc' dir='ltr'>ἔζην</span> <span class='ocrx_word' id='word_1_135' title='bbox 838 776 1070 816; x_wconf 86' lang='lat' dir='ltr'><strong>corrigendum</strong></span> <span class='ocrx_word' id='word_1_136' title='bbox 1087 785 1161 806; x_wconf 87' lang='lat' dir='ltr'><strong>esse</strong></span> <span class='ocrx_word' id='word_1_137' title='bbox 1175 784 1246 805; x_wconf 86' lang='lat' dir='ltr'>mo-</span> 
     </span>
     <span class='ocr_line' id='line_1_17' title="bbox 229 820 1244 865; baseline -0.005 -7"><span class='ocrx_word' id='word_1_138' title='bbox 229 829 289 858; x_wconf 86' lang='lat' dir='ltr'>net</span> <span class='ocrx_word' id='word_1_139' title='bbox 314 827 395 857; x_wconf 85' lang='lat' dir='ltr'>Lob.</span> <span class='ocrx_word' id='word_1_140' title='bbox 424 825 493 857; x_wconf 91' lang='lat' dir='ltr'>Nec</span> <span class='ocrx_word' id='word_1_141' title='bbox 518 825 729 856; x_wconf 87' lang='lat' dir='ltr'><strong>Herodianus</strong></span> <span class='ocrx_word' id='word_1_142' title='bbox 752 825 900 864; x_wconf 86' lang='lat' dir='ltr'><strong>profecto</strong></span> <span class='ocrx_word' id='word_1_143' title='bbox 922 824 951 854; x_wconf 89' lang='lat' dir='ltr'>is</span> <span class='ocrx_word' id='word_1_144' title='bbox 969 827 1058 863; x_wconf 87' lang='lat' dir='ltr'><strong>erat,</strong></span> <span class='ocrx_word' id='word_1_145' title='bbox 1087 823 1147 863; x_wconf 91' lang='lat' dir='ltr'>qui</span> <span class='ocrx_word' id='word_1_146' title='bbox 1165 820 1244 865; x_wconf 79' lang='grc' dir='ltr'>ἕζην</span> 
     </span>
     <span class='ocr_line' id='line_1_18' title="bbox 229 867 1242 911; baseline -0.005 -6"><span class='ocrx_word' id='word_1_147' title='bbox 229 875 336 906; x_wconf 90' lang='lat' dir='ltr'><strong>solum</strong></span> <span class='ocrx_word' id='word_1_148' title='bbox 360 873 556 905; x_wconf 83' lang='lat' dir='ltr'><strong>obtruderet</strong></span> <span class='ocrx_word' id='word_1_149' title='bbox 581 872 715 911; x_wconf 87' lang='lat' dir='ltr'><strong>Atticis,</strong></span> <span class='ocrx_word' id='word_1_150' title='bbox 746 872 832 902; x_wconf 87' lang='lat' dir='ltr'><strong>sicut</strong></span> <span class='ocrx_word' id='word_1_151' title='bbox 858 872 968 902; x_wconf 79' lang='lat' dir='ltr'><strong>visum</strong></span> <span class='ocrx_word' id='word_1_152' title='bbox 986 871 1192 901; x_wconf 89' lang='lat' dir='ltr'><strong>Buttmanno</strong></span> <span class='ocrx_word' id='word_1_153' title='bbox 1208 867 1242 901; x_wconf 88' lang='lat'>2.</span> 
     </span>
     <span class='ocr_line' id='line_1_19' title="bbox 228 915 1245 963; baseline -0.004 -10"><span class='ocrx_word' id='word_1_154' title='bbox 228 932 262 963; x_wconf 88' lang='lat' dir='ltr'>p.</span> <span class='ocrx_word' id='word_1_155' title='bbox 287 917 365 961; x_wconf 88' lang='lat'>144,</span> <span class='ocrx_word' id='word_1_156' title='bbox 387 920 445 952; x_wconf 86' lang='lat' dir='ltr'>scd</span> <span class='ocrx_word' id='word_1_157' title='bbox 463 920 585 951; x_wconf 83' lang='lat' dir='ltr'><strong>rationi</strong></span> <span class='ocrx_word' id='word_1_158' title='bbox 609 920 695 950; x_wconf 89' lang='lat' dir='ltr'><strong>bene</strong></span> <span class='ocrx_word' id='word_1_159' title='bbox 718 919 898 950; x_wconf 80' lang='lat' dir='ltr'><strong>convenire</strong></span> <span class='ocrx_word' id='word_1_160' title='bbox 917 918 1008 950; x_wconf 84' lang='lat' dir='ltr'><strong>dicit.</strong></span> <span class='ocrx_word' id='word_1_161' title='bbox 1047 917 1113 950; x_wconf 86' lang='lat' dir='ltr'>Sed</span> <span class='ocrx_word' id='word_1_162' title='bbox 1137 915 1245 955; x_wconf 77' lang='grc' dir='ltr'>ἔζων</span> 
     </span>
     <span class='ocr_line' id='line_1_20' title="bbox 231 962 1246 1012; baseline -0.004 -12"><span class='ocrx_word' id='word_1_163' title='bbox 231 969 384 1008; x_wconf 85' lang='lat' dir='ltr'>Thomas,</span> <span class='ocrx_word' id='word_1_164' title='bbox 406 965 487 1012; x_wconf 80' lang='grc' dir='ltr'>ἔζην</span> <span class='ocrx_word' id='word_1_165' title='bbox 506 967 628 998; x_wconf 85' lang='lat' dir='ltr'><strong>Moeris</strong></span> <span class='ocrx_word' id='word_1_166' title='bbox 646 967 762 1007; x_wconf 88' lang='lat' dir='ltr'><strong>probat</strong></span> <span class='ocrx_word' id='word_1_167' title='bbox 780 976 812 1006; x_wconf 91' lang='lat' dir='ltr'>p.</span> <span class='ocrx_word' id='word_1_168' title='bbox 838 962 922 1005; x_wconf 87' lang='lat'>148,</span> <span class='ocrx_word' id='word_1_169' title='bbox 948 965 1015 996; x_wconf 86' lang='lat' dir='ltr'><strong>nisi</strong></span> <span class='ocrx_word' id='word_1_170' title='bbox 1034 965 1087 996; x_wconf 89' lang='lat' dir='ltr'>hic</span> <span class='ocrx_word' id='word_1_171' title='bbox 1104 974 1147 995; x_wconf 82' lang='lat' dir='ltr'>ex</span> <span class='ocrx_word' id='word_1_172' title='bbox 1165 965 1246 996; x_wconf 90' lang='lat' dir='ltr'><strong>alio-</strong></span> 
     </span>
     <span class='ocr_line' id='line_1_21' title="bbox 229 1008 1245 1056; baseline -0.005 -9"><span class='ocrx_word' id='word_1_173' title='bbox 229 1026 303 1048; x_wconf 85' lang='lat' dir='ltr'>rum</span> <span class='ocrx_word' id='word_1_174' title='bbox 329 1024 495 1047; x_wconf 87' lang='lat' dir='ltr'><strong>consensu</strong></span> <span class='ocrx_word' id='word_1_175' title='bbox 513 1013 756 1046; x_wconf 87' lang='lat' dir='ltr'><strong>emendandus.</strong></span> <span class='ocrx_word' id='word_1_176' title='bbox 786 1013 861 1044; x_wconf 87' lang='lat' dir='ltr'>EM.</span> <span class='ocrx_word' id='word_1_177' title='bbox 882 1022 915 1053; x_wconf 88' lang='lat' dir='ltr'>p.</span> <span class='ocrx_word' id='word_1_178' title='bbox 937 1009 1019 1051; x_wconf 89' lang='lat'>413,</span> <span class='ocrx_word' id='word_1_179' title='bbox 1039 1008 1062 1044; x_wconf 91' lang='lat'>8</span> <span class='ocrx_word' id='word_1_180' title='bbox 1077 1013 1113 1042; x_wconf 88' lang='lat' dir='ltr'>in</span> <span class='ocrx_word' id='word_1_181' title='bbox 1140 1009 1245 1056; x_wconf 79' lang='grc' dir='ltr'>ἔζην</span> 
     </span>
     <span class='ocr_line' id='line_1_22' title="bbox 230 1059 1244 1104; baseline -0.006 -9"><span class='ocrx_word' id='word_1_182' title='bbox 230 1063 341 1095; x_wconf 90' lang='lat' dir='ltr'><strong>nescio</strong></span> <span class='ocrx_word' id='word_1_183' title='bbox 359 1063 441 1104; x_wconf 91' lang='lat' dir='ltr'><strong>quid</strong></span> <span class='ocrx_word' id='word_1_184' title='bbox 457 1062 593 1094; x_wconf 88' lang='lat' dir='ltr'><strong>dorismi</strong></span> <span class='ocrx_word' id='word_1_185' title='bbox 611 1061 753 1101; x_wconf 88' lang='lat' dir='ltr'><strong>quaerit.</strong></span> <span class='ocrx_word' id='word_1_186' title='bbox 785 1061 876 1091; x_wconf 87' lang='lat' dir='ltr'><strong>Libri</strong></span> <span class='ocrx_word' id='word_1_187' title='bbox 894 1059 1038 1091; x_wconf 84' lang='lat' dir='ltr'><strong>subinde</strong></span> <span class='ocrx_word' id='word_1_188' title='bbox 1056 1059 1172 1090; x_wconf 86' lang='lat' dir='ltr'><strong>eadem</strong></span> <span class='ocrx_word' id='word_1_189' title='bbox 1190 1060 1244 1090; x_wconf 92' lang='lat' dir='ltr'>in—</span> 
     </span>
     <span class='ocr_line' id='line_1_23' title="bbox 229 1103 1245 1146; baseline -0.005 -4"><span class='ocrx_word' id='word_1_190' title='bbox 229 1110 417 1142; x_wconf 87' lang='lat' dir='ltr'><strong>constantia</strong></span> <span class='ocrx_word' id='word_1_191' title='bbox 435 1111 612 1145; x_wconf 80' lang='lat' dir='ltr'><strong>fluctuant,</strong></span> <span class='ocrx_word' id='word_1_192' title='bbox 634 1119 666 1139; x_wconf 90' lang='lat' dir='ltr'>v.</span> <span class='ocrx_word' id='word_1_193' title='bbox 689 1107 807 1139; x_wconf 84' lang='lat' dir='ltr'>Matth.</span> <span class='ocrx_word' id='word_1_194' title='bbox 829 1108 868 1138; x_wconf 89' lang='lat' dir='ltr'><strong>ad</strong></span> <span class='ocrx_word' id='word_1_195' title='bbox 888 1108 969 1138; x_wconf 89' lang='lat' dir='ltr'>Eur.</span> <span class='ocrx_word' id='word_1_196' title='bbox 984 1107 1057 1138; x_wconf 90' lang='lat' dir='ltr'>Alc.</span> <span class='ocrx_word' id='word_1_197' title='bbox 1078 1103 1158 1146; x_wconf 84' lang='lat'>307,</span> <span class='ocrx_word' id='word_1_198' title='bbox 1181 1115 1245 1146; x_wconf 89' lang='lat' dir='ltr'>quo</span> 
     </span>
     <span class='ocr_line' id='line_1_24' title="bbox 229 1153 1247 1201; baseline -0.006 -11"><span class='ocrx_word' id='word_1_199' title='bbox 229 1159 299 1190; x_wconf 86' lang='lat' dir='ltr'><strong>loeo</strong></span> <span class='ocrx_word' id='word_1_200' title='bbox 325 1157 543 1196; x_wconf 82' lang='lat' dir='ltr'><strong>Etymologus</strong></span> <span class='ocrx_word' id='word_1_201' title='bbox 577 1153 656 1201; x_wconf 81' lang='grc' dir='ltr'>ἔζην</span> <span class='ocrx_word' id='word_1_202' title='bbox 691 1156 853 1195; x_wconf 87' lang='lat' dir='ltr'><strong>scriptum</strong></span> <span class='ocrx_word' id='word_1_203' title='bbox 878 1154 1023 1195; x_wconf 87' lang='lat' dir='ltr'><strong>reperit,</strong></span> <span class='ocrx_word' id='word_1_204' title='bbox 1053 1154 1131 1184; x_wconf 84' lang='lat' dir='ltr'><strong>libri</strong></span> <span class='ocrx_word' id='word_1_205' title='bbox 1155 1163 1247 1185; x_wconf 86' lang='lat' dir='ltr'><strong>nunc</strong></span> 
     </span>
     <span class='ocr_line' id='line_1_25' title="bbox 228 1201 1245 1246; baseline -0.006 -9"><span class='ocrx_word' id='word_1_206' title='bbox 228 1209 412 1246; x_wconf 84' lang='lat' dir='ltr'><strong>utrumque</strong></span> <span class='ocrx_word' id='word_1_207' title='bbox 445 1206 588 1235; x_wconf 86' lang='lat' dir='ltr'><strong>tuentur</strong></span> <span class='ocrx_word' id='word_1_208' title='bbox 620 1213 695 1234; x_wconf 91' lang='lat' dir='ltr'><strong>cum</strong></span> <span class='ocrx_word' id='word_1_209' title='bbox 722 1204 901 1242; x_wconf 80' lang='lat' dir='ltr'><strong>frequente</strong></span> <span class='ocrx_word' id='word_1_210' title='bbox 925 1212 943 1233; x_wconf 89' lang='lat' dir='ltr'><strong>a</strong></span> <span class='ocrx_word' id='word_1_211' title='bbox 966 1201 1114 1233; x_wconf 86' lang='lat' dir='ltr'><strong>secunda</strong></span> <span class='ocrx_word' id='word_1_212' title='bbox 1144 1210 1245 1232; x_wconf 89' lang='lat' dir='ltr'><strong>manu</strong></span> 
     </span>
     <span class='ocr_line' id='line_1_26' title="bbox 229 1249 1246 1292; baseline -0.007 -7"><span class='ocrx_word' id='word_1_213' title='bbox 229 1253 443 1286; x_wconf 83' lang='lat' dir='ltr'><strong>correctione.</strong></span> <span class='ocrx_word' id='word_1_214' title='bbox 482 1251 630 1292; x_wconf 87' lang='lat' dir='ltr'><strong>Lepidus</strong></span> <span class='ocrx_word' id='word_1_215' title='bbox 656 1254 707 1281; x_wconf 87' lang='lat' dir='ltr'>est</span> <span class='ocrx_word' id='word_1_216' title='bbox 732 1254 844 1281; x_wconf 82' lang='lat' dir='ltr'><strong>autem</strong></span> <span class='ocrx_word' id='word_1_217' title='bbox 869 1249 1026 1280; x_wconf 82' lang='lat' dir='ltr'><strong>Monkius</strong></span> <span class='ocrx_word' id='word_1_218' title='bbox 1051 1249 1073 1279; x_wconf 92' lang='lat' dir='ltr'>l.</span> <span class='ocrx_word' id='word_1_219' title='bbox 1096 1258 1139 1288; x_wconf 91' lang='lat' dir='ltr'>c.,</span> <span class='ocrx_word' id='word_1_220' title='bbox 1169 1257 1246 1279; x_wconf 92' lang='lat' dir='ltr'><strong>cum</strong></span> 
     </span>
     <span class='ocr_line' id='line_1_27' title="bbox 230 1295 1247 1346; baseline -0.008 -12"><span class='ocrx_word' id='word_1_221' title='bbox 230 1299 336 1346; x_wconf 81' lang='grc' dir='ltr'>ἔζην</span> <span class='ocrx_word' id='word_1_222' title='bbox 353 1303 514 1340; x_wconf 83' lang='lat' dir='ltr'><strong>tanquam</strong></span> <span class='ocrx_word' id='word_1_223' title='bbox 530 1299 707 1330; x_wconf 87' lang='lat' dir='ltr'><strong>barbarum</strong></span> <span class='ocrx_word' id='word_1_224' title='bbox 734 1297 878 1328; x_wconf 83' lang='lat' dir='ltr'><strong>abiiciat.</strong></span> <span class='ocrx_word' id='word_1_225' title='bbox 903 1314 943 1319; x_wconf 92' lang='grc'>--</span> <span class='ocrx_word' id='word_1_226' title='bbox 971 1296 1135 1336; x_wconf 86' lang='lat' dir='ltr'><strong>Reliquae</strong></span> <span class='ocrx_word' id='word_1_227' title='bbox 1153 1295 1247 1326; x_wconf 86' lang='lat' dir='ltr'><strong>verbi</strong></span> 
     </span>
     <span class='ocr_line' id='line_1_28' title="bbox 227 1343 1242 1390; baseline -0.006 -11"><span class='ocrx_word' id='word_1_228' title='bbox 227 1352 357 1390; x_wconf 82' lang='lat' dir='ltr'><strong>partes,</strong></span> <span class='ocrx_word' id='word_1_229' title='bbox 388 1348 502 1378; x_wconf 90' lang='lat' dir='ltr'><strong>minus</strong></span> <span class='ocrx_word' id='word_1_230' title='bbox 518 1346 596 1377; x_wconf 86' lang='lat' dir='ltr'><strong>illae</strong></span> <span class='ocrx_word' id='word_1_231' title='bbox 614 1346 770 1384; x_wconf 83' lang='lat' dir='ltr'><strong>usitatae,</strong></span> <span class='ocrx_word' id='word_1_232' title='bbox 792 1354 845 1384; x_wconf 87' lang='lat' dir='ltr'>ap.</span> <span class='ocrx_word' id='word_1_233' title='bbox 863 1343 964 1384; x_wconf 88' lang='lat' dir='ltr'>Soph.</span> <span class='ocrx_word' id='word_1_234' title='bbox 986 1352 1053 1375; x_wconf 91' lang='lat' dir='ltr'>non</span> <span class='ocrx_word' id='word_1_235' title='bbox 1071 1343 1242 1382; x_wconf 86' lang='lat' dir='ltr'><strong>leguntur.</strong></span> 
     </span>
    </p>
   </div>
   <div class='ocr_carea' id='block_1_8' title="bbox 231 1387 1266 1446">
    <p class='ocr_par' dir='ltr' id='par_1_8' title="bbox 231 1387 1266 1446">
     <span class='ocr_line' id='line_1_29' title="bbox 231 1387 1266 1446; baseline -0.006 -19"><span class='ocrx_word' id='word_1_236' title='bbox 231 1396 371 1435; x_wconf 82' lang='lat' dir='ltr'><strong>Legitur</strong></span> <span class='ocrx_word' id='word_1_237' title='bbox 388 1397 501 1426; x_wconf 87' lang='lat' dir='ltr'><strong>autem</strong></span> <span class='ocrx_word' id='word_1_238' title='bbox 518 1393 646 1433; x_wconf 87' lang='lat' dir='ltr'><strong>aliquot</strong></span> <span class='ocrx_word' id='word_1_239' title='bbox 662 1392 857 1423; x_wconf 88' lang='lat' dir='ltr'><strong>melicorum</strong></span> <span class='ocrx_word' id='word_1_240' title='bbox 875 1391 955 1422; x_wconf 90' lang='lat' dir='ltr'><strong>locis</strong></span> <span class='ocrx_word' id='word_1_241' title='bbox 974 1388 1052 1429; x_wconf 86' lang='grc' dir='ltr'>ζώε</span> <span class='ocrx_word' id='word_1_242' title='bbox 1064 1400 1112 1422; x_wconf 89' lang='grc' dir='ltr'>ιν.</span> <span class='ocrx_word' id='word_1_243' title='bbox 1144 1387 1198 1428; x_wconf 90' lang='grc' dir='ltr'>ζώ</span> <span class='ocrx_word' id='word_1_244' title='bbox 1209 1400 1223 1422; x_wconf 94' lang='grc' dir='ltr'>ε</span> <span class='ocrx_word' id='word_1_245' title='bbox 1237 1400 1247 1421; x_wconf 91' lang='grc' dir='ltr'>ι</span> <span class='ocrx_word' id='word_1_246' title='bbox 1263 1390 1266 1446; x_wconf 55' lang='lat' dir='ltr'><strong>l</strong></span> 
     </span>
    </p>
   </div>
   <div class='ocr_carea' id='block_1_9' title="bbox 1281 347 2288 636">
    <p class='ocr_par' dir='ltr' id='par_1_9' title="bbox 1281 347 2288 636">
     <span class='ocr_line' id='line_1_30' title="bbox 1281 347 2288 396; baseline 0.002 -14"><span class='ocrx_word' id='word_1_247' title='bbox 1281 347 1350 383; x_wconf 82' lang='grc' dir='ltr'>*οὔ</span> <span class='ocrx_word' id='word_1_248' title='bbox 1382 347 1567 394; x_wconf 60' lang='grc' dir='ltr'>μοιὶζῶντί</span> <span class='ocrx_word' id='word_1_249' title='bbox 1591 347 1620 395; x_wconf 88' lang='grc' dir='ltr'>γ’</span> <span class='ocrx_word' id='word_1_250' title='bbox 1645 347 1743 387; x_wconf 82' lang='grc' dir='ltr'>αὖθις</span> <span class='ocrx_word' id='word_1_251' title='bbox 1770 348 1881 390; x_wconf 74' lang='grc' dir='ltr'>ἔξετον</span> <span class='ocrx_word' id='word_1_252' title='bbox 1913 349 1966 394; x_wconf 87' lang='grc' dir='ltr'>(τε</span> <span class='ocrx_word' id='word_1_253' title='bbox 1989 350 2058 395; x_wconf 84' lang='grc' dir='ltr'>εῖν)</span> <span class='ocrx_word' id='word_1_254' title='bbox 2091 348 2182 384; x_wconf 89' lang='grc'>1436</span> <span class='ocrx_word' id='word_1_255' title='bbox 2199 349 2288 396; x_wconf 59' lang='lat' dir='ltr'><strong>[secl.</strong></span> 
     </span>
     <span class='ocr_line' id='line_1_31' title="bbox 1283 395 2288 445; baseline 0.004 -16"><span class='ocrx_word' id='word_1_256' title='bbox 1283 395 1417 441; x_wconf 88' lang='lat' dir='ltr'>Dind.].</span> <span class='ocrx_word' id='word_1_257' title='bbox 1444 397 1561 443; x_wconf 85' lang='grc' dir='ltr'>χῶταν</span> <span class='ocrx_word' id='word_1_258' title='bbox 1579 397 1626 434; x_wconf 85' lang='grc' dir='ltr'>εἰς</span> <span class='ocrx_word' id='word_1_259' title='bbox 1643 395 1741 434; x_wconf 90' lang='grc' dir='ltr'>τέλος</span> <span class='ocrx_word' id='word_1_260' title='bbox 1759 400 1820 431; x_wconf 78' lang='grc' dir='ltr'>τοῦ</span> <span class='ocrx_word' id='word_1_261' title='bbox 1839 397 1902 444; x_wconf 85' lang='grc' dir='ltr'>ζῆν</span> <span class='ocrx_word' id='word_1_262' title='bbox 1916 397 2047 445; x_wconf 75' lang='grc' dir='ltr'>ἀφικνῇ</span> <span class='ocrx_word' id='word_1_263' title='bbox 2073 396 2175 432; x_wconf 88' lang='grc'>1531.</span> <span class='ocrx_word' id='word_1_264' title='bbox 2197 396 2288 434; x_wconf 65' lang='grc' dir='ltr'>οἶσθα</span> 
     </span>
     <span class='ocr_line' id='line_1_32' title="bbox 1334 443 2288 492; baseline 0.004 -15.801"><span class='ocrx_word' id='word_1_265' title='bbox 1334 443 1455 478; x_wconf 86' lang='grc' dir='ltr'>ὁποῖον</span> <span class='ocrx_word' id='word_1_266' title='bbox 1474 443 1554 490; x_wconf 85' lang='grc' dir='ltr'>οὐχὶ</span> <span class='ocrx_word' id='word_1_267' title='bbox 1573 444 1643 490; x_wconf 84' lang='grc' dir='ltr'>νῷν</span> <span class='ocrx_word' id='word_1_268' title='bbox 1663 443 1712 477; x_wconf 77' lang='grc' dir='ltr'>ἔτι</span> <span class='ocrx_word' id='word_1_269' title='bbox 1729 443 1852 483; x_wconf 82' lang='grc' dir='ltr'>ζώσαιν</span> <span class='ocrx_word' id='word_1_270' title='bbox 1869 443 1979 486; x_wconf 85' lang='grc' dir='ltr'>τελεῖ;</span> <span class='ocrx_word' id='word_1_271' title='bbox 2001 446 2082 477; x_wconf 84' lang='lat' dir='ltr'>Ant.</span> <span class='ocrx_word' id='word_1_272' title='bbox 2098 443 2132 478; x_wconf 90' lang='lat'>3.</span> <span class='ocrx_word' id='word_1_273' title='bbox 2162 445 2240 492; x_wconf 87' lang='grc' dir='ltr'>πρὶν</span> <span class='ocrx_word' id='word_1_274' title='bbox 2257 443 2288 480; x_wconf 81' lang='grc' dir='ltr'>ἃ·</span> 
     </span>
     <span class='ocr_line' id='line_1_33' title="bbox 1282 487 2288 539; baseline 0.004 -16"><span class='ocrx_word' id='word_1_275' title='bbox 1282 490 1407 530; x_wconf 86' lang='grc' dir='ltr'>ζῶντες</span> <span class='ocrx_word' id='word_1_276' title='bbox 1431 491 1619 537; x_wconf 90' lang='grc' dir='ltr'>κρεμαστοὶ</span> <span class='ocrx_word' id='word_1_277' title='bbox 1642 490 1746 537; x_wconf 81' lang='grc' dir='ltr'>τήνδε</span> <span class='ocrx_word' id='word_1_278' title='bbox 1770 487 1947 538; x_wconf 75' lang='grc' dir='ltr'>δηλώσηθ’</span> <span class='ocrx_word' id='word_1_279' title='bbox 1982 490 2076 539; x_wconf 75' lang='grc' dir='ltr'>ὕβριν</span> <span class='ocrx_word' id='word_1_280' title='bbox 2102 490 2181 525; x_wconf 88' lang='grc'>309.</span> <span class='ocrx_word' id='word_1_281' title='bbox 2211 491 2288 538; x_wconf 83' lang='grc' dir='ltr'>ἐμοί</span> 
     </span>
     <span class='ocr_line' id='line_1_34' title="bbox 1283 534 2288 585; baseline 0.003 -14"><span class='ocrx_word' id='word_1_282' title='bbox 1283 537 1320 571; x_wconf 78' lang='grc' dir='ltr'>δὲ</span> <span class='ocrx_word' id='word_1_283' title='bbox 1347 537 1474 577; x_wconf 81' lang='grc' dir='ltr'>ζῶντος</span> <span class='ocrx_word' id='word_1_284' title='bbox 1500 536 1564 571; x_wconf 82' lang='grc' dir='ltr'>οὐκ</span> <span class='ocrx_word' id='word_1_285' title='bbox 1590 537 1683 584; x_wconf 80' lang='grc' dir='ltr'>ἄρξει</span> <span class='ocrx_word' id='word_1_286' title='bbox 1707 537 1785 584; x_wconf 82' lang='grc' dir='ltr'>γυν’</span> <span class='ocrx_word' id='word_1_287' title='bbox 1812 536 1892 572; x_wconf 82' lang='grc'>525.</span> <span class='ocrx_word' id='word_1_288' title='bbox 1920 538 2048 585; x_wconf 86' lang='grc' dir='ltr'>ταύτην</span> <span class='ocrx_word' id='word_1_289' title='bbox 2073 537 2138 573; x_wconf 87' lang='grc' dir='ltr'>οὐκ</span> <span class='ocrx_word' id='word_1_290' title='bbox 2154 534 2226 574; x_wconf 81' lang='grc' dir='ltr'>ἔσθ’</span> <span class='ocrx_word' id='word_1_291' title='bbox 2250 539 2288 577; x_wconf 62' lang='grc' dir='ltr'>ὡς</span> 
     </span>
     <span class='ocr_line' id='line_1_35' title="bbox 1284 550 2282 636; baseline 0 -17"><span class='ocrx_word' id='word_1_292' title='bbox 1284 584 1333 619; x_wconf 81' lang='grc' dir='ltr'>ἔτι</span> <span class='ocrx_word' id='word_1_293' title='bbox 1347 585 1458 624; x_wconf 88' lang='grc' dir='ltr'>ζῶσαν</span> <span class='ocrx_word' id='word_1_294' title='bbox 1476 588 1599 631; x_wconf 83' lang='grc' dir='ltr'>γαμεῖς</span> <span class='ocrx_word' id='word_1_295' title='bbox 1614 584 1694 618; x_wconf 85' lang='grc'>750.</span> <span class='ocrx_word' id='word_1_296' title='bbox 1711 597 1733 618; x_wconf 88' lang='grc' dir='ltr'>κ</span> <span class='ocrx_word' id='word_1_297' title='bbox 1758 550 1834 632; x_wconf 47' lang='lat' dir='ltr'><strong>issam</strong></span> <span class='ocrx_word' id='word_1_298' title='bbox 1846 585 1958 625; x_wconf 89' lang='grc' dir='ltr'>ζῶσαν</span> <span class='ocrx_word' id='word_1_299' title='bbox 1973 586 2008 620; x_wconf 91' lang='grc' dir='ltr'>ἐν</span> <span class='ocrx_word' id='word_1_300' title='bbox 2025 586 2205 636; x_wconf 64' lang='grc' dir='ltr'>κατώρυχι</span> <span class='ocrx_word' id='word_1_301' title='bbox 2213 585 2282 620; x_wconf 83' lang='grc'>774</span> 
     </span>
    </p>
   </div>
   <div class='ocr_carea' id='block_1_10' title="bbox 1789 633 1797 644">
    <p class='ocr_par' dir='ltr' id='par_1_10' title="bbox 1789 633 1797 644">
     <span class='ocr_line' id='line_1_36' title="bbox 1789 633 1797 644; baseline 0 0"><span class='ocrx_word' id='word_1_302' title='bbox 1789 633 1797 644; x_wconf 88' lang='grc' dir='ltr'><strong><em>Ι</em></strong></span> 
     </span>
    </p>
   </div>
   <div class='ocr_carea' id='block_1_11' title="bbox 1275 626 2288 690">
    <p class='ocr_par' dir='ltr' id='par_1_11' title="bbox 1275 626 2288 690">
     <span class='ocr_line' id='line_1_37' title="bbox 1275 626 2288 690; baseline 0.001 -23"><span class='ocrx_word' id='word_1_303' title='bbox 1275 626 1401 667; x_wconf 57' lang='grc' dir='ltr'>’Ἅιδας</span> <span class='ocrx_word' id='word_1_304' title='bbox 1418 632 1529 672; x_wconf 88' lang='grc' dir='ltr'>ζῶσαν</span> <span class='ocrx_word' id='word_1_305' title='bbox 1537 630 1621 690; x_wconf 43' lang='grc' dir='ltr'>’ἄγει</span> <span class='ocrx_word' id='word_1_306' title='bbox 1637 631 1698 666; x_wconf 82' lang='grc' dir='ltr'>τὰν</span> <span class='ocrx_word' id='word_1_307' title='bbox 1716 630 1723 642; x_wconf 91' lang='grc'>’</span> <span class='ocrx_word' id='word_1_308' title='bbox 1757 644 1921 680; x_wconf 82' lang='grc' dir='ltr'>χεροντος</span> <span class='ocrx_word' id='word_1_309' title='bbox 1938 632 2045 668; x_wconf 85' lang='grc' dir='ltr'>ἀκτάν</span> <span class='ocrx_word' id='word_1_310' title='bbox 2057 631 2128 666; x_wconf 92' lang='grc'>810</span> <span class='ocrx_word' id='word_1_311' title='bbox 2138 626 2191 666; x_wconf 52' lang='lat' dir='ltr'>ms</span> <span class='ocrx_word' id='word_1_312' title='bbox 2204 633 2288 674; x_wconf 70' lang='grc' dir='ltr'>ζῶσε</span> 
     </span>
    </p>
   </div>
   <div class='ocr_carea' id='block_1_12' title="bbox 1281 675 2288 1436">
    <p class='ocr_par' dir='ltr' id='par_1_12' title="bbox 1281 675 2288 1436">
     <span class='ocr_line' id='line_1_38' title="bbox 1282 675 2285 729; baseline 0.001 -15"><span class='ocrx_word' id='word_1_313' title='bbox 1282 675 1397 714; x_wconf 76' lang='grc' dir='ltr'>Ἀίὸαν</span> <span class='ocrx_word' id='word_1_314' title='bbox 1416 679 1605 725; x_wconf 79' lang='grc' dir='ltr'>καταβήσει</span> <span class='ocrx_word' id='word_1_315' title='bbox 1622 678 1686 713; x_wconf 89' lang='grc'>821</span> <span class='ocrx_word' id='word_1_316' title='bbox 1709 691 1763 712; x_wconf 91' lang='lat' dir='ltr'>an.</span> <span class='ocrx_word' id='word_1_317' title='bbox 1785 689 1820 715; x_wconf 84' lang='grc' dir='ltr'>εν</span> <span class='ocrx_word' id='word_1_318' title='bbox 1837 680 1978 729; x_wconf 77' lang='grc' dir='ltr'>τοιαύτῃ</span> <span class='ocrx_word' id='word_1_319' title='bbox 2006 681 2100 721; x_wconf 86' lang='grc' dir='ltr'>ζῶσα</span> <span class='ocrx_word' id='word_1_320' title='bbox 2113 680 2285 727; x_wconf 85' lang='grc' dir='ltr'>τυμβεύσε</span> 
     </span>
     <span class='ocr_line' id='line_1_39' title="bbox 1284 725 2288 774; baseline 0 -14"><span class='ocrx_word' id='word_1_321' title='bbox 1284 727 1385 773; x_wconf 80' lang='grc' dir='ltr'>στέγη</span> <span class='ocrx_word' id='word_1_322' title='bbox 1404 725 1487 760; x_wconf 82' lang='grc'>888.</span> <span class='ocrx_word' id='word_1_323' title='bbox 1515 726 1574 761; x_wconf 86' lang='grc' dir='ltr'>καὶ</span> <span class='ocrx_word' id='word_1_324' title='bbox 1592 725 1687 767; x_wconf 86' lang='grc' dir='ltr'>ζῶντ’</span> <span class='ocrx_word' id='word_1_325' title='bbox 1705 726 1833 762; x_wconf 83' lang='grc' dir='ltr'>ἐπίστω</span> <span class='ocrx_word' id='word_1_326' title='bbox 1851 727 1910 762; x_wconf 87' lang='grc' dir='ltr'>καὶ</span> <span class='ocrx_word' id='word_1_327' title='bbox 1925 731 2118 774; x_wconf 78' lang='grc' dir='ltr'>κρατοῦντα</span> <span class='ocrx_word' id='word_1_328' title='bbox 2136 730 2190 761; x_wconf 91' lang='lat' dir='ltr'>Tr.</span> <span class='ocrx_word' id='word_1_329' title='bbox 2215 726 2288 762; x_wconf 64' lang='lat'>182,</span> 
     </span>
     <span class='ocr_line' id='line_1_40' title="bbox 1283 769 2288 820; baseline 0.003 -13"><span class='ocrx_word' id='word_1_330' title='bbox 1283 774 1312 808; x_wconf 83' lang='grc' dir='ltr'>εἰ</span> <span class='ocrx_word' id='word_1_331' title='bbox 1331 769 1432 814; x_wconf 77' lang='grc' dir='ltr'>ζῶνθ’</span> <span class='ocrx_word' id='word_1_332' title='bbox 1457 769 1499 808; x_wconf 88' lang='grc' dir='ltr'>Ἡ</span> <span class='ocrx_word' id='word_1_333' title='bbox 1523 773 1633 808; x_wconf 91' lang='grc' dir='ltr'>ακλέα</span> <span class='ocrx_word' id='word_1_334' title='bbox 1655 773 1886 820; x_wconf 77' lang='grc' dir='ltr'>προσδέξομαι</span> <span class='ocrx_word' id='word_1_335' title='bbox 1911 773 1990 809; x_wconf 88' lang='grc'>233.</span> <span class='ocrx_word' id='word_1_336' title='bbox 2019 773 2080 810; x_wconf 88' lang='grc' dir='ltr'>καὶ</span> <span class='ocrx_word' id='word_1_337' title='bbox 2104 774 2217 814; x_wconf 89' lang='grc' dir='ltr'>ζῶντα</span> <span class='ocrx_word' id='word_1_338' title='bbox 2241 776 2288 810; x_wconf 83' lang='grc' dir='ltr'>κα</span> 
     </span>
     <span class='ocr_line' id='line_1_41' title="bbox 1282 819 2288 868; baseline 0 -12"><span class='ocrx_word' id='word_1_339' title='bbox 1282 819 1457 856; x_wconf 79' lang='grc' dir='ltr'>θάλλοντα</span> <span class='ocrx_word' id='word_1_340' title='bbox 1472 819 1494 853; x_wconf 90' lang='grc'>2</span> <span class='ocrx_word' id='word_1_341' title='bbox 1521 820 1554 854; x_wconf 89' lang='grc'>4.</span> <span class='ocrx_word' id='word_1_342' title='bbox 1581 821 1688 868; x_wconf 74' lang='grc' dir='ltr'>τῆσδέ</span> <span class='ocrx_word' id='word_1_343' title='bbox 1703 833 1740 867; x_wconf 85' lang='grc' dir='ltr'>γε</span> <span class='ocrx_word' id='word_1_344' title='bbox 1760 821 1872 867; x_wconf 87' lang='grc' dir='ltr'>ζώσης</span> <span class='ocrx_word' id='word_1_345' title='bbox 1891 822 1940 856; x_wconf 82' lang='grc' dir='ltr'>ἔτι</span> <span class='ocrx_word' id='word_1_346' title='bbox 1957 821 2037 856; x_wconf 85' lang='grc'>395.</span> <span class='ocrx_word' id='word_1_347' title='bbox 2059 820 2122 856; x_wconf 84' lang='grc' dir='ltr'>ὅσα</span> <span class='ocrx_word' id='word_1_348' title='bbox 2139 822 2206 862; x_wconf 92' lang='grc' dir='ltr'>ζῶν</span> <span class='ocrx_word' id='word_1_349' title='bbox 2222 826 2288 857; x_wconf 87' lang='grc' dir='ltr'>κεῖ-</span> 
     </span>
     <span class='ocr_line' id='line_1_42' title="bbox 1281 866 2288 917; baseline 0.001 -14"><span class='ocrx_word' id='word_1_350' title='bbox 1281 881 1339 907; x_wconf 82' lang='grc' dir='ltr'>νος</span> <span class='ocrx_word' id='word_1_351' title='bbox 1357 867 1431 902; x_wconf 85' lang='grc' dir='ltr'>εἷπε</span> <span class='ocrx_word' id='word_1_352' title='bbox 1445 866 1524 901; x_wconf 91' lang='grc'>581.</span> <span class='ocrx_word' id='word_1_353' title='bbox 1554 867 1577 914; x_wconf 82' lang='grc' dir='ltr'>ἢ</span> <span class='ocrx_word' id='word_1_354' title='bbox 1599 869 1719 915; x_wconf 85' lang='grc' dir='ltr'>μηκέτ’</span> <span class='ocrx_word' id='word_1_355' title='bbox 1736 867 1821 903; x_wconf 81' lang='grc' dir='ltr'>εἶναι</span> <span class='ocrx_word' id='word_1_356' title='bbox 1839 870 1951 910; x_wconf 88' lang='grc' dir='ltr'>ζῶσαν</span> <span class='ocrx_word' id='word_1_357' title='bbox 1969 868 2048 903; x_wconf 88' lang='lat'>735.</span> <span class='ocrx_word' id='word_1_358' title='bbox 2070 868 2114 916; x_wconf 79' lang='grc' dir='ltr'>ζῇ</span> <span class='ocrx_word' id='word_1_359' title='bbox 2129 869 2193 916; x_wconf 84' lang='grc' dir='ltr'>γὰρ</span> <span class='ocrx_word' id='word_1_360' title='bbox 2211 881 2288 917; x_wconf 87' lang='grc' dir='ltr'>προ-</span> 
     </span>
     <span class='ocr_line' id='line_1_43' title="bbox 1282 913 2288 963; baseline -0.003 -13"><span class='ocrx_word' id='word_1_361' title='bbox 1282 915 1390 962; x_wconf 70' lang='grc' dir='ltr'>πετής</span> <span class='ocrx_word' id='word_1_362' title='bbox 1407 913 1475 948; x_wconf 87' lang='grc'>976</span> <span class='ocrx_word' id='word_1_363' title='bbox 1493 927 1547 949; x_wconf 86' lang='lat' dir='ltr'>an.</span> <span class='ocrx_word' id='word_1_364' title='bbox 1568 919 1650 948; x_wconf 77' lang='lat' dir='ltr'><strong>vivit</strong></span> <span class='ocrx_word' id='word_1_365' title='bbox 1667 918 1792 959; x_wconf 76' lang='lat' dir='ltr'><strong>sopitus</strong></span> <span class='ocrx_word' id='word_1_366' title='bbox 1803 929 1814 948; x_wconf 91' lang='lat'>.·</span> <span class='ocrx_word' id='word_1_367' title='bbox 1841 929 1872 949; x_wconf 88' lang='lat' dir='ltr'>v.</span> <span class='ocrx_word' id='word_1_368' title='bbox 1894 919 2009 950; x_wconf 88' lang='lat' dir='ltr'><strong>Herm.</strong></span> <span class='ocrx_word' id='word_1_369' title='bbox 2029 915 2052 963; x_wconf 80' lang='grc' dir='ltr'>ἦ</span> <span class='ocrx_word' id='word_1_370' title='bbox 2072 915 2132 959; x_wconf 89' lang='grc' dir='ltr'>ζ”;</span> <span class='ocrx_word' id='word_1_371' title='bbox 2155 914 2224 950; x_wconf 88' lang='grc'>977</span> <span class='ocrx_word' id='word_1_372' title='bbox 2240 927 2288 950; x_wconf 67' lang='lat' dir='ltr'>an,</span> 
     </span>
     <span class='ocr_line' id='line_1_44' title="bbox 1281 929 2288 1010; baseline 0.002 -14"><span class='ocrx_word' id='word_1_373' title='bbox 1281 963 1361 1001; x_wconf 82' lang='grc' dir='ltr'>τοὺς</span> <span class='ocrx_word' id='word_1_374' title='bbox 1387 962 1517 1002; x_wconf 85' lang='grc' dir='ltr'>ζῶντας</span> <span class='ocrx_word' id='word_1_375' title='bbox 1548 962 1590 997; x_wconf 77' lang='grc' dir='ltr'>αὖ</span> <span class='ocrx_word' id='word_1_376' title='bbox 1625 962 1781 1008; x_wconf 72' lang='grc' dir='ltr'>δεσμοῖσι</span> <span class='ocrx_word' id='word_1_377' title='bbox 1807 963 1976 1010; x_wconf 77' lang='grc' dir='ltr'>συνδήσας</span> <span class='ocrx_word' id='word_1_378' title='bbox 1997 966 2053 997; x_wconf 92' lang='lat' dir='ltr'>Ai.</span> <span class='ocrx_word' id='word_1_379' title='bbox 2074 929 2130 997; x_wconf 55' lang='lat'>6⁷¹1.</span> <span class='ocrx_word' id='word_1_380' title='bbox 2161 963 2288 1010; x_wconf 57' lang='grc' dir='ltr'>ὅσοιπερ</span> 
     </span>
     <span class='ocr_line' id='line_1_45' title="bbox 1284 1006 2284 1059; baseline 0 -15"><span class='ocrx_word' id='word_1_381' title='bbox 1284 1010 1396 1056; x_wconf 88' lang='grc' dir='ltr'>ζῶμεν</span> <span class='ocrx_word' id='word_1_382' title='bbox 1423 1007 1498 1043; x_wconf 88' lang='grc'>126.</span> <span class='ocrx_word' id='word_1_383' title='bbox 1529 1009 1558 1043; x_wconf 84' lang='grc' dir='ltr'>εἰ</span> <span class='ocrx_word' id='word_1_384' title='bbox 1592 1010 1658 1050; x_wconf 90' lang='grc' dir='ltr'>ζῶν</span> <span class='ocrx_word' id='word_1_385' title='bbox 1692 1006 1874 1059; x_wconf 85' lang='grc' dir='ltr'>Ἀχιλλεὺς</span> <span class='ocrx_word' id='word_1_386' title='bbox 1906 1010 2031 1059; x_wconf 84' lang='grc' dir='ltr'>κρίνειν</span> <span class='ocrx_word' id='word_1_387' title='bbox 2066 1010 2190 1057; x_wconf 81' lang='grc' dir='ltr'>ἔμελλε</span> <span class='ocrx_word' id='word_1_388' title='bbox 2214 1009 2284 1044; x_wconf 90' lang='grc'>442</span> 
     </span>
     <span class='ocr_line' id='line_1_46' title="bbox 1283 1056 2288 1103; baseline 0.001 -12"><span class='ocrx_word' id='word_1_389' title='bbox 1283 1058 1393 1098; x_wconf 87' lang='grc' dir='ltr'>ζῶντα</span> <span class='ocrx_word' id='word_1_390' title='bbox 1410 1058 1495 1103; x_wconf 82' lang='grc' dir='ltr'>πρὸς</span> <span class='ocrx_word' id='word_1_391' title='bbox 1514 1056 1640 1103; x_wconf 81' lang='grc' dir='ltr'>δόμους</span> <span class='ocrx_word' id='word_1_392' title='bbox 1659 1056 1777 1103; x_wconf 89' lang='grc' dir='ltr'>μολεῖν</span> <span class='ocrx_word' id='word_1_393' title='bbox 1795 1056 1876 1091; x_wconf 90' lang='grc'>509.</span> <span class='ocrx_word' id='word_1_394' title='bbox 1899 1056 1995 1098; x_wconf 78' lang='grc' dir='ltr'>ζῶντ’</span> <span class='ocrx_word' id='word_1_395' title='bbox 2013 1058 2145 1092; x_wconf 85' lang='grc' dir='ltr'>ἐκεῖνον</span> <span class='ocrx_word' id='word_1_396' title='bbox 2162 1057 2288 1093; x_wconf 73' lang='grc' dir='ltr'>εἰσιδεῖ·</span> 
     </span>
     <span class='ocr_line' id='line_1_47' title="bbox 1283 1100 2288 1151; baseline 0.002 -13"><span class='ocrx_word' id='word_1_397' title='bbox 1283 1104 1362 1138; x_wconf 90' lang='grc'>755.</span> <span class='ocrx_word' id='word_1_398' title='bbox 1391 1106 1450 1139; x_wconf 86' lang='grc' dir='ltr'>καὶ</span> <span class='ocrx_word' id='word_1_399' title='bbox 1478 1105 1546 1151; x_wconf 81' lang='grc' dir='ltr'>μὴν</span> <span class='ocrx_word' id='word_1_400' title='bbox 1573 1104 1622 1139; x_wconf 83' lang='grc' dir='ltr'>ἔτι</span> <span class='ocrx_word' id='word_1_401' title='bbox 1649 1104 1715 1145; x_wconf 88' lang='grc' dir='ltr'>ζῶν</span> <span class='ocrx_word' id='word_1_402' title='bbox 1740 1104 1855 1151; x_wconf 78' lang='grc' dir='ltr'>ἐφίετο</span> <span class='ocrx_word' id='word_1_403' title='bbox 1881 1102 1960 1139; x_wconf 91' lang='grc'>990.</span> <span class='ocrx_word' id='word_1_404' title='bbox 1991 1104 2090 1143; x_wconf 78' lang='grc' dir='ltr'>οὗτος</span> <span class='ocrx_word' id='word_1_405' title='bbox 2117 1100 2145 1139; x_wconf 80' lang='grc' dir='ltr'>δ’</span> <span class='ocrx_word' id='word_1_406' title='bbox 2170 1103 2211 1140; x_wconf 83' lang='grc' dir='ltr'>ἂν</span> <span class='ocrx_word' id='word_1_407' title='bbox 2237 1104 2288 1146; x_wconf 77' lang='grc' dir='ltr'>ἕζτ</span> 
     </span>
     <span class='ocr_line' id='line_1_48' title="bbox 1286 1147 2284 1199; baseline 0.001 -14"><span class='ocrx_word' id='word_1_408' title='bbox 1286 1150 1386 1185; x_wconf 91' lang='grc'>1060.</span> <span class='ocrx_word' id='word_1_409' title='bbox 1406 1151 1445 1186; x_wconf 79' lang='grc' dir='ltr'>οὐ</span> <span class='ocrx_word' id='word_1_410' title='bbox 1463 1151 1575 1198; x_wconf 86' lang='grc' dir='ltr'>λόγων</span> <span class='ocrx_word' id='word_1_411' title='bbox 1589 1151 1734 1186; x_wconf 79' lang='grc' dir='ltr'>ἀκοῦσαι</span> <span class='ocrx_word' id='word_1_412' title='bbox 1750 1152 1816 1192; x_wconf 89' lang='grc' dir='ltr'>ζῶν</span> <span class='ocrx_word' id='word_1_413' title='bbox 1831 1147 1904 1187; x_wconf 83' lang='grc' dir='ltr'>ποτ’</span> <span class='ocrx_word' id='word_1_414' title='bbox 1921 1148 2067 1199; x_wconf 75' lang='grc' dir='ltr'>ἠθέλησ’</span> <span class='ocrx_word' id='word_1_415' title='bbox 2085 1151 2179 1199; x_wconf 83' lang='grc' dir='ltr'>ἐμῶν</span> <span class='ocrx_word' id='word_1_416' title='bbox 2195 1151 2284 1186; x_wconf 91' lang='grc'>1070</span> 
     </span>
     <span class='ocr_line' id='line_1_49' title="bbox 1284 1197 2288 1247; baseline 0 -13"><span class='ocrx_word' id='word_1_417' title='bbox 1284 1198 1339 1234; x_wconf 83' lang='grc' dir='ltr'>οἵα</span> <span class='ocrx_word' id='word_1_418' title='bbox 1356 1197 1575 1245; x_wconf 72' lang='grc' dir='ltr'>Χρυσόθεμις</span> <span class='ocrx_word' id='word_1_419' title='bbox 1594 1199 1673 1239; x_wconf 83' lang='grc' dir='ltr'>ζώει</span> <span class='ocrx_word' id='word_1_420' title='bbox 1690 1202 1742 1232; x_wconf 87' lang='lat' dir='ltr'>El.</span> <span class='ocrx_word' id='word_1_421' title='bbox 1766 1198 1833 1233; x_wconf 87' lang='lat'>157</span> <span class='ocrx_word' id='word_1_422' title='bbox 1852 1201 1902 1232; x_wconf 88' lang='lat' dir='ltr'>ch.</span> <span class='ocrx_word' id='word_1_423' title='bbox 1934 1199 2008 1234; x_wconf 81' lang='grc' dir='ltr'>ἐπεὶ</span> <span class='ocrx_word' id='word_1_424' title='bbox 2024 1198 2085 1234; x_wconf 83' lang='grc' dir='ltr'>τᾶν</span> <span class='ocrx_word' id='word_1_425' title='bbox 2104 1199 2143 1235; x_wconf 83' lang='grc' dir='ltr'>οὐ</span> <span class='ocrx_word' id='word_1_426' title='bbox 2163 1198 2288 1247; x_wconf 74' lang='grc' dir='ltr'>μακρὰ·</span> 
     </span>
     <span class='ocr_line' id='line_1_50' title="bbox 1284 1245 2288 1314; baseline -0.001 -33"><span class='ocrx_word' id='word_1_427' title='bbox 1284 1246 1370 1287; x_wconf 78' lang='grc' dir='ltr'>ἔζων</span> <span class='ocrx_word' id='word_1_428' title='bbox 1389 1247 1456 1293; x_wconf 86' lang='grc' dir='ltr'>ἐγώ</span> <span class='ocrx_word' id='word_1_429' title='bbox 1475 1245 1555 1279; x_wconf 87' lang='grc'>323.</span> <span class='ocrx_word' id='word_1_430' title='bbox 1585 1246 1678 1286; x_wconf 88' lang='grc' dir='ltr'>ζῶσα</span> <span class='ocrx_word' id='word_1_431' title='bbox 1703 1245 1730 1280; x_wconf 83' lang='grc' dir='ltr'>δ’</span> <span class='ocrx_word' id='word_1_432' title='bbox 1757 1246 1792 1280; x_wconf 90' lang='grc' dir='ltr'>ἐν</span> <span class='ocrx_word' id='word_1_433' title='bbox 1810 1251 2000 1314; x_wconf 77' lang='grc' dir='ltr'>κατηρεφεῖ</span> <span class='ocrx_word' id='word_1_434' title='bbox 2017 1247 2109 1294; x_wconf 73' lang='grc' dir='ltr'>στέγ,</span> <span class='ocrx_word' id='word_1_435' title='bbox 2136 1247 2202 1292; x_wconf 80' lang='grc' dir='ltr'>ύμν</span> <span class='ocrx_word' id='word_1_436' title='bbox 2232 1258 2288 1281; x_wconf 67' lang='grc' dir='ltr'>σει(</span> 
     </span>
     <span class='ocr_line' id='line_1_51' title="bbox 1283 1259 2288 1352; baseline 0 -24"><span class='ocrx_word' id='word_1_437' title='bbox 1283 1293 1375 1328; x_wconf 87' lang='grc' dir='ltr'>κακά</span> <span class='ocrx_word' id='word_1_438' title='bbox 1389 1293 1467 1328; x_wconf 90' lang='grc'>381.</span> <span class='ocrx_word' id='word_1_439' title='bbox 1491 1291 1667 1341; x_wconf 76' lang='grc' dir='ltr'>ἐχθροῖσιν</span> <span class='ocrx_word' id='word_1_440' title='bbox 1686 1292 1782 1334; x_wconf 89' lang='grc' dir='ltr'>ζῶντ’</span> <span class='ocrx_word' id='word_1_441' title='bbox 1799 1294 1992 1352; x_wconf 62' lang='grc' dir='ltr'>ἐπεμβῆναι</span> <span class='ocrx_word' id='word_1_442' title='bbox 2007 1293 2086 1330; x_wconf 81' lang='grc' dir='ltr'>ποδί</span> <span class='ocrx_word' id='word_1_443' title='bbox 2096 1259 2184 1329; x_wconf 80' lang='grc'>7456.</span> <span class='ocrx_word' id='word_1_444' title='bbox 2233 1293 2288 1335; x_wconf 73' lang='grc' dir='ltr'>Εευ</span> 
     </span>
     <span class='ocr_line' id='line_1_52' title="bbox 1284 1340 2288 1390; baseline 0 -15"><span class='ocrx_word' id='word_1_445' title='bbox 1284 1342 1395 1381; x_wconf 86' lang='grc' dir='ltr'>ζῶντα</span> <span class='ocrx_word' id='word_1_446' title='bbox 1410 1354 1500 1387; x_wconf 87' lang='grc' dir='ltr'>τιμω</span> <span class='ocrx_word' id='word_1_447' title='bbox 1525 1341 1561 1376; x_wconf 89' lang='grc' dir='ltr'>όν</span> <span class='ocrx_word' id='word_1_448' title='bbox 1578 1340 1658 1374; x_wconf 88' lang='grc'>811.</span> <span class='ocrx_word' id='word_1_449' title='bbox 1687 1340 1781 1388; x_wconf 82' lang='grc' dir='ltr'>λύπη</span> <span class='ocrx_word' id='word_1_450' title='bbox 1799 1340 1838 1383; x_wconf 78' lang='grc' dir='ltr'>δ’,</span> <span class='ocrx_word' id='word_1_451' title='bbox 1867 1341 1925 1375; x_wconf 90' lang='grc' dir='ltr'>έαν</span> <span class='ocrx_word' id='word_1_452' title='bbox 1953 1341 2000 1381; x_wconf 85' lang='grc' dir='ltr'>ζῶ</span> <span class='ocrx_word' id='word_1_453' title='bbox 2017 1340 2098 1376; x_wconf 88' lang='grc'>822.</span> <span class='ocrx_word' id='word_1_454' title='bbox 2126 1341 2149 1388; x_wconf 85' lang='grc' dir='ltr'>ἦ</span> <span class='ocrx_word' id='word_1_455' title='bbox 2168 1342 2212 1390; x_wconf 75' lang='grc' dir='ltr'>ζῇ</span> <span class='ocrx_word' id='word_1_456' title='bbox 2235 1340 2288 1388; x_wconf 52' lang='grc' dir='ltr'>γὰρ</span> 
     </span>
     <span class='ocr_line' id='line_1_53' title="bbox 1284 1386 2288 1436; baseline 0.002 -13"><span class='ocrx_word' id='word_1_457' title='bbox 1284 1387 1391 1436; x_wconf 83' lang='grc' dir='ltr'>ἁνήρ;</span> <span class='ocrx_word' id='word_1_458' title='bbox 1427 1387 1492 1423; x_wconf 84' lang='grc'>122</span> <span class='ocrx_word' id='word_1_459' title='bbox 1521 1415 1527 1422; x_wconf 89' lang='grc'>.</span> <span class='ocrx_word' id='word_1_460' title='bbox 1557 1388 1586 1422; x_wconf 88' lang='grc' dir='ltr'>εἰ</span> <span class='ocrx_word' id='word_1_461' title='bbox 1604 1388 1716 1435; x_wconf 85' lang='grc' dir='ltr'>πατήρ</span> <span class='ocrx_word' id='word_1_462' title='bbox 1731 1401 1789 1434; x_wconf 92' lang='grc' dir='ltr'>μοι</span> <span class='ocrx_word' id='word_1_463' title='bbox 1807 1388 1874 1428; x_wconf 89' lang='grc' dir='ltr'>ζῶν</span> <span class='ocrx_word' id='word_1_464' title='bbox 1891 1386 2002 1423; x_wconf 79' lang='grc' dir='ltr'>ἵκοιτο</span> <span class='ocrx_word' id='word_1_465' title='bbox 2022 1387 2122 1423; x_wconf 89' lang='lat'>1316.</span> <span class='ocrx_word' id='word_1_466' title='bbox 2150 1393 2212 1425; x_wconf 84' lang='grc' dir='ltr'>τοῦ</span> <span class='ocrx_word' id='word_1_467' title='bbox 2237 1389 2288 1434; x_wconf 83' lang='grc' dir='ltr'>ζῆ·</span> 
     </span>
    </p>
   </div>
   <div class='ocr_carea' id='block_1_13' title="bbox 228 1435 2288 1628">
    <p class='ocr_par' dir='ltr' id='par_1_13' title="bbox 228 1435 2288 1628">
     <span class='ocr_line' id='line_1_54' title="bbox 228 1435 2288 1483; baseline -0.001 -9"><span class='ocrx_word' id='word_1_468' title='bbox 228 1443 282 1475; x_wconf 85' lang='grc' dir='ltr'>Ε1.</span> <span class='ocrx_word' id='word_1_469' title='bbox 306 1439 432 1473; x_wconf 91' lang='lat' dir='ltr'>177ch.</span> <span class='ocrx_word' id='word_1_470' title='bbox 455 1439 552 1479; x_wconf 89' lang='grc' dir='ltr'>ζώειν</span> <span class='ocrx_word' id='word_1_471' title='bbox 571 1436 743 1477; x_wconf 82' lang='grc'>001213,</span> <span class='ocrx_word' id='word_1_472' title='bbox 766 1439 825 1470; x_wconf 89' lang='lat' dir='ltr'>ubi</span> <span class='ocrx_word' id='word_1_473' title='bbox 842 1436 953 1477; x_wconf 90' lang='grc' dir='ltr'>ζώιειν</span> <span class='ocrx_word' id='word_1_474' title='bbox 972 1438 1043 1469; x_wconf 92' lang='lat' dir='ltr'>LA.</span> <span class='ocrx_word' id='word_1_475' title='bbox 1065 1438 1156 1469; x_wconf 85' lang='lat' dir='ltr'><strong>Haec</strong></span> <span class='ocrx_word' id='word_1_476' title='bbox 1173 1446 1246 1468; x_wconf 81' lang='lat' dir='ltr'>me·</span> <span class='ocrx_word' id='word_1_477' title='bbox 1284 1435 1348 1483; x_wconf 87' lang='grc' dir='ltr'>γὰρ</span> <span class='ocrx_word' id='word_1_478' title='bbox 1374 1435 1486 1474; x_wconf 81' lang='grc' dir='ltr'>οὐδεὶς</span> <span class='ocrx_word' id='word_1_479' title='bbox 1512 1437 1559 1474; x_wconf 82' lang='grc' dir='ltr'>ὡς</span> <span class='ocrx_word' id='word_1_480' title='bbox 1585 1435 1602 1470; x_wconf 83' lang='grc' dir='ltr'>ὁ</span> <span class='ocrx_word' id='word_1_481' title='bbox 1629 1435 1813 1483; x_wconf 78' lang='grc' dir='ltr'>γηράσκων</span> <span class='ocrx_word' id='word_1_482' title='bbox 1841 1435 1904 1483; x_wconf 78' lang='grc' dir='ltr'>ἐρᾷ</span> <span class='ocrx_word' id='word_1_483' title='bbox 1928 1438 1968 1469; x_wconf 90' lang='lat' dir='ltr'>fr.</span> <span class='ocrx_word' id='word_1_484' title='bbox 1989 1438 2095 1470; x_wconf 88' lang='lat' dir='ltr'><strong>Acris.</strong></span> <span class='ocrx_word' id='word_1_485' title='bbox 2118 1435 2174 1470; x_wconf 85' lang='lat'>64.</span> <span class='ocrx_word' id='word_1_486' title='bbox 2204 1436 2288 1483; x_wconf 87' lang='grc' dir='ltr'>ἐτερ-</span> 
     </span>
     <span class='ocr_line' id='line_1_55' title="bbox 228 1481 2285 1530; baseline -0.002 -8"><span class='ocrx_word' id='word_1_487' title='bbox 228 1494 278 1522; x_wconf 86' lang='lat' dir='ltr'>tro</span> <span class='ocrx_word' id='word_1_488' title='bbox 295 1493 369 1522; x_wconf 78' lang='lat' dir='ltr'><strong>tuta</strong></span> <span class='ocrx_word' id='word_1_489' title='bbox 385 1491 484 1529; x_wconf 86' lang='lat' dir='ltr'><strong>sunt,</strong></span> <span class='ocrx_word' id='word_1_490' title='bbox 507 1491 541 1519; x_wconf 90' lang='lat' dir='ltr'>et</span> <span class='ocrx_word' id='word_1_491' title='bbox 558 1488 709 1519; x_wconf 80' lang='lat' dir='ltr'><strong>Electrae</strong></span> <span class='ocrx_word' id='word_1_492' title='bbox 726 1496 843 1518; x_wconf 87' lang='lat' dir='ltr'><strong>versus</strong></span> <span class='ocrx_word' id='word_1_493' title='bbox 860 1489 1034 1526; x_wconf 85' lang='lat' dir='ltr'><strong>praeterea</strong></span> <span class='ocrx_word' id='word_1_494' title='bbox 1051 1485 1249 1516; x_wconf 83' lang='lat' dir='ltr'><strong>hexameter</strong></span> <span class='ocrx_word' id='word_1_495' title='bbox 1284 1483 1401 1530; x_wconf 88' lang='grc' dir='ltr'>πόμην</span> <span class='ocrx_word' id='word_1_496' title='bbox 1428 1495 1488 1518; x_wconf 89' lang='grc' dir='ltr'>σου</span> <span class='ocrx_word' id='word_1_497' title='bbox 1515 1482 1767 1529; x_wconf 86' lang='grc' dir='ltr'>εύλογουμένου</span> <span class='ocrx_word' id='word_1_498' title='bbox 1794 1483 1841 1518; x_wconf 76' lang='grc' dir='ltr'>ὡς</span> <span class='ocrx_word' id='word_1_499' title='bbox 1866 1482 1992 1523; x_wconf 87' lang='grc' dir='ltr'>ζῶντος</span> <span class='ocrx_word' id='word_1_500' title='bbox 2020 1485 2139 1518; x_wconf 88' lang='lat' dir='ltr'><strong>Teucr.</strong></span> <span class='ocrx_word' id='word_1_501' title='bbox 2161 1482 2242 1526; x_wconf 88' lang='lat'>508,</span> <span class='ocrx_word' id='word_1_502' title='bbox 2264 1481 2285 1518; x_wconf 88' lang='lat'>3</span> 
     </span>
     <span class='ocr_line' id='line_1_56' title="bbox 228 1526 2288 1577; baseline -0.002 -8"><span class='ocrx_word' id='word_1_503' title='bbox 228 1538 382 1569; x_wconf 85' lang='lat' dir='ltr'><strong>heroicus</strong></span> <span class='ocrx_word' id='word_1_504' title='bbox 399 1539 462 1568; x_wconf 87' lang='lat' dir='ltr'><strong>est.</strong></span> <span class='ocrx_word' id='word_1_505' title='bbox 493 1535 557 1568; x_wconf 88' lang='lat' dir='ltr'>Sed</span> <span class='ocrx_word' id='word_1_506' title='bbox 576 1544 658 1566; x_wconf 90' lang='lat' dir='ltr'>num</span> <span class='ocrx_word' id='word_1_507' title='bbox 676 1535 717 1565; x_wconf 85' lang='lat' dir='ltr'>fr.</span> <span class='ocrx_word' id='word_1_508' title='bbox 741 1534 816 1565; x_wconf 86' lang='lat' dir='ltr'><strong>Ter.</strong></span> <span class='ocrx_word' id='word_1_509' title='bbox 839 1530 919 1573; x_wconf 88' lang='lat'>520,</span> <span class='ocrx_word' id='word_1_510' title='bbox 944 1530 959 1563; x_wconf 94' lang='lat'>1</span> <span class='ocrx_word' id='word_1_511' title='bbox 980 1542 1047 1564; x_wconf 91' lang='lat' dir='ltr'>non</span> <span class='ocrx_word' id='word_1_512' title='bbox 1073 1526 1159 1576; x_wconf 86' lang='grc' dir='ltr'>ζῴη</span> <span class='ocrx_word' id='word_1_513' title='bbox 1187 1541 1246 1573; x_wconf 88' lang='lat' dir='ltr'>po·</span> <span class='ocrx_word' id='word_1_514' title='bbox 1286 1551 1326 1556; x_wconf 93' lang='lat'><em>-</em></span> <span class='ocrx_word' id='word_1_515' title='bbox 1346 1532 1360 1574; x_wconf 83' lang='grc' dir='ltr'>ΙΙ</span> <span class='ocrx_word' id='word_1_516' title='bbox 1378 1533 1563 1573; x_wconf 84' lang='lat' dir='ltr'><strong>Significat,</strong></span> <span class='ocrx_word' id='word_1_517' title='bbox 1600 1532 1688 1572; x_wconf 88' lang='lat' dir='ltr'><strong>quod</strong></span> <span class='ocrx_word' id='word_1_518' title='bbox 1706 1530 1798 1577; x_wconf 83' lang='grc' dir='ltr'>βιοῦν</span> <span class='ocrx_word' id='word_1_519' title='bbox 1815 1532 2002 1564; x_wconf 83' lang='lat' dir='ltr'><strong>accuratius</strong></span> <span class='ocrx_word' id='word_1_520' title='bbox 2027 1532 2168 1573; x_wconf 86' lang='lat' dir='ltr'><strong>dicitur,</strong></span> <span class='ocrx_word' id='word_1_521' title='bbox 2198 1534 2288 1564; x_wconf 77' lang='lat' dir='ltr'><strong>vitan</strong></span> 
     </span>
     <span class='ocr_line' id='line_1_57' title="bbox 229 1576 2286 1628; baseline -0.002 -12"><span class='ocrx_word' id='word_1_522' title='bbox 229 1586 297 1617; x_wconf 89' lang='lat' dir='ltr'><strong>tius</strong></span> <span class='ocrx_word' id='word_1_523' title='bbox 323 1594 423 1625; x_wconf 89' lang='lat' dir='ltr'><strong>quam</strong></span> <span class='ocrx_word' id='word_1_524' title='bbox 457 1581 540 1621; x_wconf 85' lang='grc' dir='ltr'>ζώοι</span> <span class='ocrx_word' id='word_1_525' title='bbox 573 1581 786 1613; x_wconf 89' lang='lat' dir='ltr'><strong>scribendum</strong></span> <span class='ocrx_word' id='word_1_526' title='bbox 815 1582 878 1621; x_wconf 85' lang='lat' dir='ltr'><strong>sit,</strong></span> <span class='ocrx_word' id='word_1_527' title='bbox 916 1580 1011 1612; x_wconf 88' lang='lat' dir='ltr'><strong>valde</strong></span> <span class='ocrx_word' id='word_1_528' title='bbox 1037 1580 1243 1619; x_wconf 83' lang='lat' dir='ltr'><strong>ambiguum.</strong></span> <span class='ocrx_word' id='word_1_529' title='bbox 1284 1579 1465 1611; x_wconf 76' lang='lat' dir='ltr'><strong>secundum</strong></span> <span class='ocrx_word' id='word_1_530' title='bbox 1479 1578 1619 1620; x_wconf 70' lang='lat' dir='ltr'><strong>deqendi</strong></span> <span class='ocrx_word' id='word_1_531' title='bbox 1631 1580 1794 1611; x_wconf 76' lang='lat' dir='ltr'><strong>rationem</strong></span> <span class='ocrx_word' id='word_1_532' title='bbox 1806 1590 1816 1609; x_wconf 93' lang='grc'>.·</span> <span class='ocrx_word' id='word_1_533' title='bbox 1833 1578 1951 1625; x_wconf 86' lang='grc' dir='ltr'>χῶταν</span> <span class='ocrx_word' id='word_1_534' title='bbox 1964 1590 2014 1616; x_wconf 87' lang='grc' dir='ltr'>τις</span> <span class='ocrx_word' id='word_1_535' title='bbox 2032 1577 2069 1612; x_wconf 83' lang='grc' dir='ltr'>εὖ</span> <span class='ocrx_word' id='word_1_536' title='bbox 2085 1578 2127 1628; x_wconf 75' lang='grc' dir='ltr'>ζῇ</span> <span class='ocrx_word' id='word_1_537' title='bbox 2145 1576 2286 1612; x_wconf 82' lang='lat' dir='ltr'>Ph.505</span> 
     </span>
    </p>
   </div>
   <div class='ocr_carea' id='block_1_14' title="bbox 226 1627 1251 3376">
    <p class='ocr_par' dir='ltr' id='par_1_14' title="bbox 228 1627 1251 1865">
     <span class='ocr_line' id='line_1_58' title="bbox 228 1627 1246 1670; baseline -0.007 -6"><span class='ocrx_word' id='word_1_538' title='bbox 228 1632 336 1664; x_wconf 86' lang='lat' dir='ltr'><strong>Unica</strong></span> <span class='ocrx_word' id='word_1_539' title='bbox 353 1631 444 1662; x_wconf 88' lang='lat' dir='ltr'><strong>enirn</strong></span> <span class='ocrx_word' id='word_1_540' title='bbox 470 1630 559 1670; x_wconf 86' lang='lat' dir='ltr'><strong>apud</strong></span> <span class='ocrx_word' id='word_1_541' title='bbox 576 1629 719 1668; x_wconf 85' lang='lat' dir='ltr'><strong>tragicos</strong></span> <span class='ocrx_word' id='word_1_542' title='bbox 744 1629 803 1659; x_wconf 88' lang='lat' dir='ltr'><strong>illa</strong></span> <span class='ocrx_word' id='word_1_543' title='bbox 819 1628 885 1660; x_wconf 88' lang='lat' dir='ltr'>duo</span> <span class='ocrx_word' id='word_1_544' title='bbox 902 1627 1076 1668; x_wconf 82' lang='lat' dir='ltr'><strong>exempla;</strong></span> <span class='ocrx_word' id='word_1_545' title='bbox 1106 1627 1194 1667; x_wconf 82' lang='lat' dir='ltr'><strong>quod</strong></span> <span class='ocrx_word' id='word_1_546' title='bbox 1211 1627 1246 1657; x_wconf 92' lang='lat' dir='ltr'>in</span> 
     </span>
     <span class='ocr_line' id='line_1_59' title="bbox 228 1672 1246 1715; baseline -0.007 -4"><span class='ocrx_word' id='word_1_547' title='bbox 228 1680 355 1712; x_wconf 88' lang='lat' dir='ltr'><strong>Alcest.</strong></span> <span class='ocrx_word' id='word_1_548' title='bbox 376 1675 445 1710; x_wconf 89' lang='grc'>715</span> <span class='ocrx_word' id='word_1_549' title='bbox 470 1677 589 1709; x_wconf 81' lang='lat' dir='ltr'>Matth.</span> <span class='ocrx_word' id='word_1_550' title='bbox 611 1686 654 1708; x_wconf 84' lang='lat' dir='ltr'>ex</span> <span class='ocrx_word' id='word_1_551' title='bbox 672 1676 758 1708; x_wconf 91' lang='lat' dir='ltr'><strong>Aldo</strong></span> <span class='ocrx_word' id='word_1_552' title='bbox 775 1672 818 1707; x_wconf 68' lang='lat' dir='ltr'>‘et</span> <span class='ocrx_word' id='word_1_553' title='bbox 835 1675 959 1706; x_wconf 89' lang='lat' dir='ltr'><strong>maiore</strong></span> <span class='ocrx_word' id='word_1_554' title='bbox 984 1678 1079 1715; x_wconf 88' lang='lat' dir='ltr'><strong>parte</strong></span> <span class='ocrx_word' id='word_1_555' title='bbox 1096 1674 1246 1706; x_wconf 90' lang='lat' dir='ltr'><strong>codicum</strong></span> 
     </span>
     <span class='ocr_line' id='line_1_60' title="bbox 228 1719 1247 1768; baseline -0.007 -9"><span class='ocrx_word' id='word_1_556' title='bbox 228 1727 340 1766; x_wconf 78' lang='lat' dir='ltr'><strong>habet,</strong></span> <span class='ocrx_word' id='word_1_557' title='bbox 369 1723 481 1765; x_wconf 87' lang='grc' dir='ltr'>ζώοις,</span> <span class='ocrx_word' id='word_1_558' title='bbox 507 1722 583 1768; x_wconf 83' lang='lat' dir='ltr'><strong>(sed</strong></span> <span class='ocrx_word' id='word_1_559' title='bbox 608 1725 703 1755; x_wconf 87' lang='lat' dir='ltr'><strong>Lasc.</strong></span> <span class='ocrx_word' id='word_1_560' title='bbox 725 1720 837 1767; x_wconf 87' lang='grc' dir='ltr'>ζώης,</span> <span class='ocrx_word' id='word_1_561' title='bbox 866 1722 952 1754; x_wconf 85' lang='lat' dir='ltr'>Flor.</span> <span class='ocrx_word' id='word_1_562' title='bbox 974 1719 997 1753; x_wconf 88' lang='lat'>2</span> <span class='ocrx_word' id='word_1_563' title='bbox 1030 1719 1140 1766; x_wconf 76' lang='grc' dir='ltr'>ζώης)</span> <span class='ocrx_word' id='word_1_564' title='bbox 1157 1725 1247 1753; x_wconf 87' lang='lat' dir='ltr'><strong>recte</strong></span> 
     </span>
     <span class='ocr_line' id='line_1_61' title="bbox 229 1767 1249 1811; baseline -0.007 -5"><span class='ocrx_word' id='word_1_565' title='bbox 229 1773 374 1807; x_wconf 83' lang='lat' dir='ltr'><strong>correxit</strong></span> <span class='ocrx_word' id='word_1_566' title='bbox 391 1772 522 1805; x_wconf 85' lang='lat' dir='ltr'><strong>Schaef.</strong></span> <span class='ocrx_word' id='word_1_567' title='bbox 543 1771 620 1803; x_wconf 87' lang='lat' dir='ltr'><strong>mel.</strong></span> <span class='ocrx_word' id='word_1_568' title='bbox 642 1781 686 1802; x_wconf 91' lang='lat' dir='ltr'>cr.</span> <span class='ocrx_word' id='word_1_569' title='bbox 703 1780 736 1811; x_wconf 89' lang='lat' dir='ltr'>p.</span> <span class='ocrx_word' id='word_1_570' title='bbox 752 1767 830 1810; x_wconf 87' lang='grc'>120,</span> <span class='ocrx_word' id='word_1_571' title='bbox 860 1779 937 1802; x_wconf 89' lang='lat' dir='ltr'><strong>cum</strong></span> <span class='ocrx_word' id='word_1_572' title='bbox 955 1769 1182 1801; x_wconf 87' lang='lat' dir='ltr'><strong>diverbiorum</strong></span> <span class='ocrx_word' id='word_1_573' title='bbox 1198 1769 1249 1800; x_wconf 90' lang='lat' dir='ltr'>le—</span> 
     </span>
     <span class='ocr_line' id='line_1_62' title="bbox 229 1813 1251 1865; baseline -0.006 -12"><span class='ocrx_word' id='word_1_574' title='bbox 229 1831 287 1862; x_wconf 83' lang='lat' dir='ltr'>ges</span> <span class='ocrx_word' id='word_1_575' title='bbox 305 1813 397 1865; x_wconf 81' lang='grc' dir='ltr'>ζῴης</span> <span class='ocrx_word' id='word_1_576' title='bbox 410 1819 591 1861; x_wconf 88' lang='lat' dir='ltr'><strong>imperiose</strong></span> <span class='ocrx_word' id='word_1_577' title='bbox 607 1818 791 1860; x_wconf 89' lang='lat' dir='ltr'><strong>postulent.</strong></span> <span class='ocrx_word' id='word_1_578' title='bbox 967 1814 1000 1859; x_wconf 82' lang='grc' dir='ltr'>(Ι</span> <span class='ocrx_word' id='word_1_579' title='bbox 1016 1826 1051 1858; x_wconf 89' lang='lat' dir='ltr'>p.</span> <span class='ocrx_word' id='word_1_580' title='bbox 1071 1813 1152 1856; x_wconf 89' lang='lat'>738,</span> <span class='ocrx_word' id='word_1_581' title='bbox 1173 1813 1251 1859; x_wconf 81' lang='lat'>28.)</span> 
     </span>
    </p>

    <p class='ocr_par' dir='ltr' id='par_1_15' title="bbox 226 1864 1250 3376">
     <span class='ocr_line' id='line_1_63' title="bbox 298 1864 1250 1907; baseline -0.005 -8"><span class='ocrx_word' id='word_1_582' title='bbox 298 1869 343 1900; x_wconf 90' lang='lat' dir='ltr'>II.</span> <span class='ocrx_word' id='word_1_583' title='bbox 371 1867 452 1899; x_wconf 74' lang='lat' dir='ltr'><strong>Usus</strong></span> <span class='ocrx_word' id='word_1_584' title='bbox 469 1867 573 1898; x_wconf 87' lang='lat' dir='ltr'><strong>verbi.</strong></span> <span class='ocrx_word' id='word_1_585' title='bbox 610 1864 624 1907; x_wconf 84' lang='grc' dir='ltr'>ΙΙ</span> <span class='ocrx_word' id='word_1_586' title='bbox 656 1866 815 1906; x_wconf 89' lang='lat' dir='ltr'><strong>Proprius</strong></span> <span class='ocrx_word' id='word_1_587' title='bbox 834 1865 862 1896; x_wconf 90' lang='lat' dir='ltr'>is</span> <span class='ocrx_word' id='word_1_588' title='bbox 880 1867 942 1905; x_wconf 88' lang='lat' dir='ltr'><strong>est,</strong></span> <span class='ocrx_word' id='word_1_589' title='bbox 963 1867 1003 1896; x_wconf 88' lang='lat' dir='ltr'><strong>ut</strong></span> <span class='ocrx_word' id='word_1_590' title='bbox 1019 1864 1115 1895; x_wconf 67' lang='lat' dir='ltr'><strong>vitale·</strong></span> <span class='ocrx_word' id='word_1_591' title='bbox 1131 1864 1250 1903; x_wconf 72' lang='lat' dir='ltr'><strong>spiritu</strong></span> 
     </span>
     <span class='ocr_line' id='line_1_64' title="bbox 226 1909 1250 1957; baseline -0.006 -10"><span class='ocrx_word' id='word_1_592' title='bbox 226 1915 418 1957; x_wconf 75' lang='lat' dir='ltr'><strong>praeditum</strong></span> <span class='ocrx_word' id='word_1_593' title='bbox 432 1923 498 1945; x_wconf 73' lang='lat' dir='ltr'><strong>esse</strong></span> <span class='ocrx_word' id='word_1_594' title='bbox 516 1914 695 1953; x_wconf 85' lang='lat' dir='ltr'><strong>significet.</strong></span> <span class='ocrx_word' id='word_1_595' title='bbox 725 1912 781 1944; x_wconf 87' lang='lat' dir='ltr'>Sic</span> <span class='ocrx_word' id='word_1_596' title='bbox 799 1912 978 1952; x_wconf 84' lang='lat' dir='ltr'><strong>aliquando</strong></span> <span class='ocrx_word' id='word_1_597' title='bbox 996 1909 1058 1955; x_wconf 87' lang='grc' dir='ltr'>ζῆν</span> <span class='ocrx_word' id='word_1_598' title='bbox 1077 1912 1174 1942; x_wconf 69' lang='lat' dir='ltr'><strong>morta·</strong></span> <span class='ocrx_word' id='word_1_599' title='bbox 1191 1914 1250 1941; x_wconf 88' lang='lat' dir='ltr'>aut</span> 
     </span>
     <span class='ocr_line' id='line_1_65' title="bbox 230 1952 1248 2004; baseline -0.005 -9"><span class='ocrx_word' id='word_1_600' title='bbox 230 1963 346 2004; x_wconf 76' lang='lat' dir='ltr'><strong>inferis</strong></span> <span class='ocrx_word' id='word_1_601' title='bbox 362 1962 554 2003; x_wconf 88' lang='lat' dir='ltr'><strong>opponitur.</strong></span> <span class='ocrx_word' id='word_1_602' title='bbox 575 1959 632 1993; x_wconf 87' lang='grc' dir='ltr'>τὸν</span> <span class='ocrx_word' id='word_1_603' title='bbox 652 1957 761 1993; x_wconf 77' lang='grc' dir='ltr'>οὐκέτ’</span> <span class='ocrx_word' id='word_1_604' title='bbox 782 1956 864 1992; x_wconf 83' lang='grc' dir='ltr'>ὄντα</span> <span class='ocrx_word' id='word_1_605' title='bbox 882 1955 977 1998; x_wconf 84' lang='grc' dir='ltr'>ζῶντ’</span> <span class='ocrx_word' id='word_1_606' title='bbox 994 1952 1163 2004; x_wconf 78' lang='grc' dir='ltr'>Ἀχιλλέα</span> <span class='ocrx_word' id='word_1_607' title='bbox 1180 1955 1248 1990; x_wconf 88' lang='grc' dir='ltr'>πά-</span> 
     </span>
     <span class='ocr_line' id='line_1_66' title="bbox 229 2002 1247 2051; baseline -0.006 -8"><span class='ocrx_word' id='word_1_608' title='bbox 229 2008 283 2044; x_wconf 89' lang='grc' dir='ltr'>λιν</span> <span class='ocrx_word' id='word_1_609' title='bbox 315 2010 377 2042; x_wconf 91' lang='lat' dir='ltr'>Ph.</span> <span class='ocrx_word' id='word_1_610' title='bbox 407 2006 486 2041; x_wconf 88' lang='lat'>358.</span> <span class='ocrx_word' id='word_1_611' title='bbox 517 2006 551 2040; x_wconf 80' lang='grc' dir='ltr'>ἐν</span> <span class='ocrx_word' id='word_1_612' title='bbox 577 2006 677 2046; x_wconf 87' lang='grc' dir='ltr'>ζῶσιν</span> <span class='ocrx_word' id='word_1_613' title='bbox 710 2004 831 2051; x_wconf 88' lang='grc' dir='ltr'>νεκρόν</span> <span class='ocrx_word' id='word_1_614' title='bbox 860 2003 961 2038; x_wconf 89' lang='grc'>1018.</span> <span class='ocrx_word' id='word_1_615' title='bbox 1000 2002 1086 2050; x_wconf 86' lang='grc' dir='ltr'>μετὰ</span> <span class='ocrx_word' id='word_1_616' title='bbox 1111 2003 1247 2043; x_wconf 85' lang='grc' dir='ltr'>ζώντων</span> 
     </span>
     <span class='ocr_line' id='line_1_67' title="bbox 231 2049 1248 2102; baseline -0.008 -11"><span class='ocrx_word' id='word_1_617' title='bbox 231 2051 279 2091; x_wconf 81' lang='grc' dir='ltr'>ὅτ’</span> <span class='ocrx_word' id='word_1_618' title='bbox 296 2055 339 2102; x_wconf 85' lang='grc' dir='ltr'>ἦν</span> <span class='ocrx_word' id='word_1_619' title='bbox 360 2053 462 2088; x_wconf 88' lang='grc'>1312.</span> <span class='ocrx_word' id='word_1_620' title='bbox 483 2051 575 2088; x_wconf 81' lang='grc' dir='ltr'>*κᾶν</span> <span class='ocrx_word' id='word_1_621' title='bbox 594 2053 676 2093; x_wconf 86' lang='grc' dir='ltr'>ζῶσι</span> <span class='ocrx_word' id='word_1_622' title='bbox 691 2051 755 2087; x_wconf 85' lang='grc' dir='ltr'>κᾶν</span> <span class='ocrx_word' id='word_1_623' title='bbox 774 2051 904 2087; x_wconf 88' lang='grc' dir='ltr'>θανῶσι</span> <span class='ocrx_word' id='word_1_624' title='bbox 920 2051 968 2096; x_wconf 79' lang='lat' dir='ltr'>(v,</span> <span class='ocrx_word' id='word_1_625' title='bbox 982 2049 1142 2098; x_wconf 80' lang='grc' dir='ltr'>θνήσκω)</span> <span class='ocrx_word' id='word_1_626' title='bbox 1159 2049 1248 2084; x_wconf 84' lang='grc'>1444</span> 
     </span>
     <span class='ocr_line' id='line_1_68' title="bbox 230 2096 1248 2149; baseline -0.005 -12"><span class='ocrx_word' id='word_1_627' title='bbox 230 2103 324 2149; x_wconf 84' lang='lat' dir='ltr'><strong>[secl.</strong></span> <span class='ocrx_word' id='word_1_628' title='bbox 346 2100 470 2147; x_wconf 90' lang='lat' dir='ltr'><strong>Dind.]</strong></span> <span class='ocrx_word' id='word_1_629' title='bbox 510 2098 646 2136; x_wconf 82' lang='grc' dir='ltr'>θανόντ’</span> <span class='ocrx_word' id='word_1_630' title='bbox 665 2098 804 2134; x_wconf 80' lang='grc' dir='ltr'>ἔσεσθαι</span> <span class='ocrx_word' id='word_1_631' title='bbox 823 2098 934 2140; x_wconf 85' lang='grc' dir='ltr'>ζῶντά</span> <span class='ocrx_word' id='word_1_632' title='bbox 951 2111 988 2133; x_wconf 91' lang='grc' dir='ltr'>τε</span> <span class='ocrx_word' id='word_1_633' title='bbox 1006 2100 1060 2132; x_wconf 90' lang='lat' dir='ltr'>OC</span> <span class='ocrx_word' id='word_1_634' title='bbox 1080 2096 1159 2132; x_wconf 87' lang='grc'>390.</span> <span class='ocrx_word' id='word_1_635' title='bbox 1181 2096 1248 2133; x_wconf 91' lang='grc' dir='ltr'>θα-</span> 
     </span>
     <span class='ocr_line' id='line_1_69' title="bbox 229 2144 1249 2192; baseline -0.007 -6"><span class='ocrx_word' id='word_1_636' title='bbox 229 2153 297 2186; x_wconf 84' lang='grc' dir='ltr'>νὼν</span> <span class='ocrx_word' id='word_1_637' title='bbox 322 2149 382 2184; x_wconf 83' lang='grc' dir='ltr'>καὶ</span> <span class='ocrx_word' id='word_1_638' title='bbox 407 2148 473 2189; x_wconf 88' lang='grc' dir='ltr'>ζῶν</span> <span class='ocrx_word' id='word_1_639' title='bbox 500 2151 581 2181; x_wconf 86' lang='lat' dir='ltr'>Ant.</span> <span class='ocrx_word' id='word_1_640' title='bbox 602 2146 682 2180; x_wconf 89' lang='lat'>210.</span> <span class='ocrx_word' id='word_1_641' title='bbox 715 2146 775 2181; x_wconf 87' lang='grc' dir='ltr'>καὶ</span> <span class='ocrx_word' id='word_1_642' title='bbox 798 2151 868 2181; x_wconf 90' lang='grc' dir='ltr'>τῶν</span> <span class='ocrx_word' id='word_1_643' title='bbox 893 2144 1066 2181; x_wconf 84' lang='grc' dir='ltr'>θανόντων</span> <span class='ocrx_word' id='word_1_644' title='bbox 1091 2145 1249 2192; x_wconf 80' lang='grc' dir='ltr'>χώπόσοι</span> 
     </span>
     <span class='ocr_line' id='line_1_70' title="bbox 231 2192 1248 2244; baseline -0.005 -12"><span class='ocrx_word' id='word_1_645' title='bbox 231 2199 343 2244; x_wconf 86' lang='grc' dir='ltr'>ζῶμεν</span> <span class='ocrx_word' id='word_1_646' title='bbox 368 2196 445 2243; x_wconf 85' lang='grc' dir='ltr'>πέρι</span> <span class='ocrx_word' id='word_1_647' title='bbox 461 2194 542 2228; x_wconf 87' lang='grc'>214.</span> <span class='ocrx_word' id='word_1_648' title='bbox 572 2194 611 2229; x_wconf 77' lang='grc' dir='ltr'>σὺ</span> <span class='ocrx_word' id='word_1_649' title='bbox 640 2194 702 2240; x_wconf 84' lang='grc' dir='ltr'>μὲν</span> <span class='ocrx_word' id='word_1_650' title='bbox 720 2193 784 2241; x_wconf 85' lang='grc' dir='ltr'>γὰρ</span> <span class='ocrx_word' id='word_1_651' title='bbox 810 2193 905 2228; x_wconf 85' lang='grc' dir='ltr'>εἵλου</span> <span class='ocrx_word' id='word_1_652' title='bbox 924 2193 999 2241; x_wconf 84' lang='grc' dir='ltr'>ζῆν,</span> <span class='ocrx_word' id='word_1_653' title='bbox 1021 2192 1089 2239; x_wconf 85' lang='grc' dir='ltr'>ἐγὼ</span> <span class='ocrx_word' id='word_1_654' title='bbox 1109 2193 1146 2227; x_wconf 79' lang='grc' dir='ltr'>δὲ</span> <span class='ocrx_word' id='word_1_655' title='bbox 1162 2205 1248 2227; x_wconf 89' lang='grc' dir='ltr'>κατ-</span> 
     </span>
     <span class='ocr_line' id='line_1_71' title="bbox 230 2239 1247 2289; baseline -0.007 -9"><span class='ocrx_word' id='word_1_656' title='bbox 230 2245 346 2281; x_wconf 80' lang='grc' dir='ltr'>θανεῖν</span> <span class='ocrx_word' id='word_1_657' title='bbox 361 2242 441 2278; x_wconf 89' lang='grc'>555.</span> <span class='ocrx_word' id='word_1_658' title='bbox 458 2242 498 2277; x_wconf 86' lang='grc' dir='ltr'>σὺ</span> <span class='ocrx_word' id='word_1_659' title='bbox 514 2242 576 2288; x_wconf 88' lang='grc' dir='ltr'>μὲν</span> <span class='ocrx_word' id='word_1_660' title='bbox 595 2242 663 2287; x_wconf 84' lang='grc' dir='ltr'>ζῇς,</span> <span class='ocrx_word' id='word_1_661' title='bbox 680 2241 703 2288; x_wconf 84' lang='grc' dir='ltr'>ἡ</span> <span class='ocrx_word' id='word_1_662' title='bbox 719 2241 746 2276; x_wconf 82' lang='grc' dir='ltr'>δ’</span> <span class='ocrx_word' id='word_1_663' title='bbox 764 2241 831 2288; x_wconf 80' lang='grc' dir='ltr'>ε’μὴ</span> <span class='ocrx_word' id='word_1_664' title='bbox 850 2240 946 2289; x_wconf 79' lang='grc' dir='ltr'>ψυχὴ</span> <span class='ocrx_word' id='word_1_665' title='bbox 962 2239 1069 2275; x_wconf 88' lang='grc' dir='ltr'>πάλαι</span> <span class='ocrx_word' id='word_1_666' title='bbox 1080 2239 1247 2286; x_wconf 73' lang='grc' dir='ltr'>τέθνηκεν</span> 
     </span>
     <span class='ocr_line' id='line_1_72' title="bbox 231 2282 1249 2338; baseline -0.005 -13"><span class='ocrx_word' id='word_1_667' title='bbox 231 2290 310 2325; x_wconf 84' lang='grc'>559.</span> <span class='ocrx_word' id='word_1_668' title='bbox 334 2291 492 2338; x_wconf 88' lang='grc' dir='ltr'>μέτοικος</span> <span class='ocrx_word' id='word_1_669' title='bbox 510 2289 549 2324; x_wconf 79' lang='grc' dir='ltr'>ού</span> <span class='ocrx_word' id='word_1_670' title='bbox 569 2289 670 2329; x_wconf 90' lang='grc' dir='ltr'>ζῶσιν</span> <span class='ocrx_word' id='word_1_671' title='bbox 697 2289 736 2324; x_wconf 86' lang='grc' dir='ltr'>οὐ</span> <span class='ocrx_word' id='word_1_672' title='bbox 760 2287 921 2324; x_wconf 81' lang='grc' dir='ltr'>θανοῦσιν</span> <span class='ocrx_word' id='word_1_673' title='bbox 939 2286 1009 2322; x_wconf 88' lang='grc'>852</span> <span class='ocrx_word' id='word_1_674' title='bbox 1025 2299 1069 2320; x_wconf 86' lang='lat' dir='ltr'>m.</span> <span class='ocrx_word' id='word_1_675' title='bbox 1094 2282 1174 2327; x_wconf 76' lang='grc' dir='ltr'>ζῶσ’</span> <span class='ocrx_word' id='word_1_676' title='bbox 1201 2287 1249 2321; x_wconf 81' lang='grc' dir='ltr'>εἰς</span> 
     </span>
     <span class='ocr_line' id='line_1_73' title="bbox 231 2332 1248 2386; baseline -0.006 -12"><span class='ocrx_word' id='word_1_677' title='bbox 231 2338 404 2375; x_wconf 87' lang='grc' dir='ltr'>θανόντων</span> <span class='ocrx_word' id='word_1_678' title='bbox 430 2336 578 2386; x_wconf 80' lang='grc' dir='ltr'>ἔρχομαι</span> <span class='ocrx_word' id='word_1_679' title='bbox 601 2335 826 2384; x_wconf 87' lang='grc' dir='ltr'>κατασκαφάς</span> <span class='ocrx_word' id='word_1_680' title='bbox 852 2333 931 2369; x_wconf 88' lang='grc'>920.</span> <span class='ocrx_word' id='word_1_681' title='bbox 962 2334 1000 2369; x_wconf 87' lang='grc' dir='ltr'>οὐ</span> <span class='ocrx_word' id='word_1_682' title='bbox 1033 2332 1149 2381; x_wconf 73' lang='grc' dir='ltr'>τίθημ’</span> <span class='ocrx_word' id='word_1_683' title='bbox 1180 2334 1248 2381; x_wconf 86' lang='grc' dir='ltr'>ἐγὼ</span> 
     </span>
     <span class='ocr_line' id='line_1_74' title="bbox 232 2379 1250 2434; baseline -0.006 -13"><span class='ocrx_word' id='word_1_684' title='bbox 232 2388 293 2434; x_wconf 84' lang='grc' dir='ltr'>ζῆν</span> <span class='ocrx_word' id='word_1_685' title='bbox 317 2389 456 2427; x_wconf 75' lang='grc' dir='ltr'>τοῦτον,</span> <span class='ocrx_word' id='word_1_686' title='bbox 483 2379 559 2419; x_wconf 78' lang='grc' dir='ltr'>ἀλλ’</span> <span class='ocrx_word' id='word_1_687' title='bbox 586 2383 678 2431; x_wconf 78' lang='grc' dir='ltr'>έμψυ</span> <span class='ocrx_word' id='word_1_688' title='bbox 707 2396 744 2418; x_wconf 92' lang='grc' dir='ltr'>ον</span> <span class='ocrx_word' id='word_1_689' title='bbox 770 2383 924 2431; x_wconf 77' lang='grc' dir='ltr'>ἠγοῦμαι</span> <span class='ocrx_word' id='word_1_690' title='bbox 947 2382 1067 2428; x_wconf 91' lang='grc' dir='ltr'>νεκρόν</span> <span class='ocrx_word' id='word_1_691' title='bbox 1088 2380 1189 2415; x_wconf 90' lang='grc'>1167.</span> <span class='ocrx_word' id='word_1_692' title='bbox 1217 2380 1250 2416; x_wconf 80' lang='grc' dir='ltr'>οἱ</span> 
     </span>
     <span class='ocr_line' id='line_1_75' title="bbox 233 2427 1249 2476; baseline -0.006 -8"><span class='ocrx_word' id='word_1_693' title='bbox 233 2434 270 2468; x_wconf 69' lang='grc' dir='ltr'>δὲ</span> <span class='ocrx_word' id='word_1_694' title='bbox 289 2434 412 2475; x_wconf 76' lang='grc' dir='ltr'>ζῶντες</span> <span class='ocrx_word' id='word_1_695' title='bbox 429 2431 532 2467; x_wconf 77' lang='grc' dir='ltr'>αἴτιοι</span> <span class='ocrx_word' id='word_1_696' title='bbox 557 2430 676 2466; x_wconf 86' lang='grc' dir='ltr'>θανεῖν</span> <span class='ocrx_word' id='word_1_697' title='bbox 721 2429 798 2464; x_wconf 90' lang='grc'>173.</span> <span class='ocrx_word' id='word_1_698' title='bbox 821 2430 887 2470; x_wconf 89' lang='grc' dir='ltr'>ζῶν</span> <span class='ocrx_word' id='word_1_699' title='bbox 905 2427 928 2474; x_wconf 83' lang='grc' dir='ltr'>ἢ</span> <span class='ocrx_word' id='word_1_700' title='bbox 948 2429 1063 2464; x_wconf 85' lang='grc' dir='ltr'>θανὼν</span> <span class='ocrx_word' id='word_1_701' title='bbox 1081 2427 1249 2476; x_wconf 82' lang='grc' dir='ltr'>ἀγγέλλε-</span> 
     </span>
     <span class='ocr_line' id='line_1_76' title="bbox 231 2473 1250 2525; baseline -0.007 -9"><span class='ocrx_word' id='word_1_702' title='bbox 231 2493 286 2516; x_wconf 86' lang='grc' dir='ltr'>ται</span> <span class='ocrx_word' id='word_1_703' title='bbox 303 2483 360 2514; x_wconf 86' lang='lat' dir='ltr'>Tr.</span> <span class='ocrx_word' id='word_1_704' title='bbox 381 2479 437 2514; x_wconf 88' lang='lat'>73.</span> <span class='ocrx_word' id='word_1_705' title='bbox 468 2478 491 2524; x_wconf 84' lang='grc' dir='ltr'>ἢ</span> <span class='ocrx_word' id='word_1_706' title='bbox 519 2476 614 2520; x_wconf 79' lang='grc' dir='ltr'>ζῶντ’</span> <span class='ocrx_word' id='word_1_707' title='bbox 644 2473 801 2525; x_wconf 81' lang='grc' dir='ltr'>ἐσόψεσθ’</span> <span class='ocrx_word' id='word_1_708' title='bbox 825 2475 848 2523; x_wconf 88' lang='grc' dir='ltr'>ἢ</span> <span class='ocrx_word' id='word_1_709' title='bbox 874 2476 1071 2524; x_wconf 75' lang='grc' dir='ltr'>τεθνηκότα</span> <span class='ocrx_word' id='word_1_710' title='bbox 1087 2475 1167 2511; x_wconf 88' lang='grc'>806.</span> <span class='ocrx_word' id='word_1_711' title='bbox 1198 2475 1250 2510; x_wconf 82' lang='grc' dir='ltr'>ὅτι</span> 
     </span>
     <span class='ocr_line' id='line_1_77' title="bbox 230 2522 1250 2573; baseline -0.008 -9"><span class='ocrx_word' id='word_1_712' title='bbox 230 2530 289 2564; x_wconf 84' lang='grc' dir='ltr'>καὶ</span> <span class='ocrx_word' id='word_1_713' title='bbox 307 2528 375 2568; x_wconf 90' lang='grc' dir='ltr'>ζῶν</span> <span class='ocrx_word' id='word_1_714' title='bbox 392 2525 523 2565; x_wconf 83' lang='grc' dir='ltr'>κακούς</span> <span class='ocrx_word' id='word_1_715' title='bbox 547 2537 585 2573; x_wconf 86' lang='grc' dir='ltr'>γε</span> <span class='ocrx_word' id='word_1_716' title='bbox 609 2524 670 2560; x_wconf 85' lang='grc' dir='ltr'>καὶ</span> <span class='ocrx_word' id='word_1_717' title='bbox 688 2524 802 2561; x_wconf 82' lang='grc' dir='ltr'>θανὼν</span> <span class='ocrx_word' id='word_1_718' title='bbox 827 2523 992 2571; x_wconf 78' lang='grc' dir='ltr'>ἐτισάμην</span> <span class='ocrx_word' id='word_1_719' title='bbox 1014 2522 1114 2558; x_wconf 91' lang='grc'>1111.</span> <span class='ocrx_word' id='word_1_720' title='bbox 1137 2522 1250 2563; x_wconf 88' lang='grc' dir='ltr'>ζῶντά</span> 
     </span>
     <span class='ocr_line' id='line_1_78' title="bbox 233 2569 1250 2623; baseline -0.005 -14"><span class='ocrx_word' id='word_1_721' title='bbox 233 2575 265 2623; x_wconf 78' lang='grc' dir='ltr'>μ’</span> <span class='ocrx_word' id='word_1_722' title='bbox 285 2575 430 2610; x_wconf 79' lang='grc' dir='ltr'>ἔκτεινεν</span> <span class='ocrx_word' id='word_1_723' title='bbox 448 2573 562 2609; x_wconf 89' lang='grc' dir='ltr'>θανών</span> <span class='ocrx_word' id='word_1_724' title='bbox 580 2571 680 2606; x_wconf 88' lang='grc'>1163.</span> <span class='ocrx_word' id='word_1_725' title='bbox 702 2572 734 2607; x_wconf 93' lang='grc' dir='ltr'>τί</span> <span class='ocrx_word' id='word_1_726' title='bbox 750 2571 814 2620; x_wconf 83' lang='grc' dir='ltr'>γὰρ</span> <span class='ocrx_word' id='word_1_727' title='bbox 833 2571 886 2606; x_wconf 80' lang='grc' dir='ltr'>δεῖ</span> <span class='ocrx_word' id='word_1_728' title='bbox 902 2571 965 2618; x_wconf 83' lang='grc' dir='ltr'>ζῆν</span> <span class='ocrx_word' id='word_1_729' title='bbox 983 2583 1026 2617; x_wconf 88' lang='grc' dir='ltr'>με</span> <span class='ocrx_word' id='word_1_730' title='bbox 1044 2574 1105 2605; x_wconf 81' lang='grc' dir='ltr'>σοῦ</span> <span class='ocrx_word' id='word_1_731' title='bbox 1122 2569 1250 2616; x_wconf 87' lang='grc' dir='ltr'>τεθνη-</span> 
     </span>
     <span class='ocr_line' id='line_1_79' title="bbox 231 2617 1248 2666; baseline -0.005 -9"><span class='ocrx_word' id='word_1_732' title='bbox 231 2623 348 2665; x_wconf 73' lang='grc' dir='ltr'>κότοςς</span> <span class='ocrx_word' id='word_1_733' title='bbox 386 2625 440 2655; x_wconf 88' lang='grc' dir='ltr'>Αἰ.</span> <span class='ocrx_word' id='word_1_734' title='bbox 463 2619 542 2655; x_wconf 89' lang='grc'>393.</span> <span class='ocrx_word' id='word_1_735' title='bbox 575 2619 683 2654; x_wconf 69' lang='grc' dir='ltr'>δεινόν</span> <span class='ocrx_word' id='word_1_736' title='bbox 710 2619 739 2666; x_wconf 80' lang='grc' dir='ltr'>γ’</span> <span class='ocrx_word' id='word_1_737' title='bbox 765 2618 882 2660; x_wconf 86' lang='grc' dir='ltr'>εἶπας,</span> <span class='ocrx_word' id='word_1_738' title='bbox 913 2619 943 2654; x_wconf 84' lang='grc' dir='ltr'>εἰ</span> <span class='ocrx_word' id='word_1_739' title='bbox 966 2617 1027 2652; x_wconf 87' lang='grc' dir='ltr'>καὶ</span> <span class='ocrx_word' id='word_1_740' title='bbox 1053 2617 1115 2666; x_wconf 75' lang='grc' dir='ltr'>ζῇς</span> <span class='ocrx_word' id='word_1_741' title='bbox 1134 2617 1248 2653; x_wconf 86' lang='grc' dir='ltr'>θανών</span> 
     </span>
     <span class='ocr_line' id='line_1_80' title="bbox 234 2663 1245 2715; baseline -0.007 -11"><span class='ocrx_word' id='word_1_742' title='bbox 234 2669 334 2704; x_wconf 88' lang='grc'>1127.</span> <span class='ocrx_word' id='word_1_743' title='bbox 364 2667 434 2704; x_wconf 76' lang='grc' dir='ltr'>οὐδ’</span> <span class='ocrx_word' id='word_1_744' title='bbox 461 2667 563 2715; x_wconf 78' lang='grc' dir='ltr'>ἔτλης</span> <span class='ocrx_word' id='word_1_745' title='bbox 581 2666 719 2703; x_wconf 89' lang='grc' dir='ltr'>θανόντι</span> <span class='ocrx_word' id='word_1_746' title='bbox 742 2666 832 2713; x_wconf 81' lang='grc' dir='ltr'>τῷδε</span> <span class='ocrx_word' id='word_1_747' title='bbox 850 2666 917 2707; x_wconf 88' lang='grc' dir='ltr'>ζῶν</span> <span class='ocrx_word' id='word_1_748' title='bbox 942 2664 1124 2713; x_wconf 84' lang='grc' dir='ltr'>ἐφυβρίσαι</span> <span class='ocrx_word' id='word_1_749' title='bbox 1144 2663 1245 2698; x_wconf 88' lang='grc'>1385.</span> 
     </span>
     <span class='ocr_line' id='line_1_81' title="bbox 231 2710 1246 2761; baseline -0.008 -9"><span class='ocrx_word' id='word_1_750' title='bbox 231 2719 356 2759; x_wconf 89' lang='grc' dir='ltr'>ζώσαιν</span> <span class='ocrx_word' id='word_1_751' title='bbox 374 2715 557 2751; x_wconf 80' lang='grc' dir='ltr'>θανούσαιν</span> <span class='ocrx_word' id='word_1_752' title='bbox 575 2713 604 2750; x_wconf 79' lang='grc' dir='ltr'>θ’</span> <span class='ocrx_word' id='word_1_753' title='bbox 626 2714 714 2749; x_wconf 86' lang='grc' dir='ltr'>ὥστε</span> <span class='ocrx_word' id='word_1_754' title='bbox 731 2714 780 2761; x_wconf 83' lang='grc' dir='ltr'>μὴ</span> <span class='ocrx_word' id='word_1_755' title='bbox 807 2712 950 2748; x_wconf 85' lang='grc' dir='ltr'>’κλιπεῖν</span> <span class='ocrx_word' id='word_1_756' title='bbox 967 2711 1071 2751; x_wconf 88' lang='grc' dir='ltr'>κλέος</span> <span class='ocrx_word' id='word_1_757' title='bbox 1089 2714 1144 2745; x_wconf 88' lang='lat' dir='ltr'>El.</span> <span class='ocrx_word' id='word_1_758' title='bbox 1165 2710 1246 2745; x_wconf 88' lang='grc'>985.</span> 
     </span>
     <span class='ocr_line' id='line_1_82' title="bbox 231 2758 1250 2811; baseline -0.008 -11"><span class='ocrx_word' id='word_1_759' title='bbox 231 2768 291 2800; x_wconf 82' lang='grc' dir='ltr'>τοῦ</span> <span class='ocrx_word' id='word_1_760' title='bbox 314 2764 378 2811; x_wconf 82' lang='grc' dir='ltr'>γὰρ</span> <span class='ocrx_word' id='word_1_761' title='bbox 403 2763 531 2804; x_wconf 86' lang='grc' dir='ltr'>ζῶντος</span> <span class='ocrx_word' id='word_1_762' title='bbox 556 2761 621 2797; x_wconf 84' lang='grc' dir='ltr'>οὐκ</span> <span class='ocrx_word' id='word_1_763' title='bbox 646 2761 735 2796; x_wconf 78' lang='grc' dir='ltr'>ἔστιν</span> <span class='ocrx_word' id='word_1_764' title='bbox 765 2761 874 2808; x_wconf 86' lang='grc' dir='ltr'>τάφος</span> <span class='ocrx_word' id='word_1_765' title='bbox 902 2758 1003 2793; x_wconf 87' lang='grc'>1218.</span> <span class='ocrx_word' id='word_1_766' title='bbox 1041 2759 1191 2795; x_wconf 89' lang='grc' dir='ltr'>θανόντα</span> <span class='ocrx_word' id='word_1_767' title='bbox 1213 2771 1250 2793; x_wconf 86' lang='grc' dir='ltr'>τε</span> 
     </span>
     <span class='ocr_line' id='line_1_83' title="bbox 231 2804 1249 2852; baseline -0.007 -5"><span class='ocrx_word' id='word_1_768' title='bbox 231 2812 291 2849; x_wconf 87' lang='grc' dir='ltr'>καὶ</span> <span class='ocrx_word' id='word_1_769' title='bbox 307 2809 403 2852; x_wconf 80' lang='grc' dir='ltr'>ζῶντ’</span> <span class='ocrx_word' id='word_1_770' title='bbox 421 2809 554 2845; x_wconf 82' lang='grc' dir='ltr'>ἐσεῖδον</span> <span class='ocrx_word' id='word_1_771' title='bbox 571 2807 674 2843; x_wconf 88' lang='lat'>1315.</span> <span class='ocrx_word' id='word_1_772' title='bbox 704 2808 833 2848; x_wconf 85' lang='grc' dir='ltr'>ζῶντας</span> <span class='ocrx_word' id='word_1_773' title='bbox 850 2806 1011 2842; x_wconf 85' lang='grc' dir='ltr'>θανοῦσιν</span> <span class='ocrx_word' id='word_1_774' title='bbox 1030 2804 1139 2841; x_wconf 79' lang='grc' dir='ltr'>οὕνεκ’</span> <span class='ocrx_word' id='word_1_775' title='bbox 1167 2805 1249 2841; x_wconf 87' lang='grc' dir='ltr'>ἀντ-</span> 
     </span>
     <span class='ocr_line' id='line_1_84' title="bbox 232 2851 1248 2906; baseline -0.006 -12"><span class='ocrx_word' id='word_1_776' title='bbox 232 2859 338 2906; x_wconf 70' lang='grc' dir='ltr'>αυδᾷς</span> <span class='ocrx_word' id='word_1_777' title='bbox 356 2858 433 2900; x_wconf 70' lang='grc' dir='ltr'>ἴσας</span> <span class='ocrx_word' id='word_1_778' title='bbox 457 2855 558 2891; x_wconf 88' lang='lat'>1478.</span> <span class='ocrx_word' id='word_1_779' title='bbox 588 2855 627 2891; x_wconf 86' lang='grc' dir='ltr'>ὃν</span> <span class='ocrx_word' id='word_1_780' title='bbox 653 2855 768 2902; x_wconf 81' lang='grc' dir='ltr'>μήτηρ</span> <span class='ocrx_word' id='word_1_781' title='bbox 784 2855 823 2890; x_wconf 90' lang='grc' dir='ltr'>τέ</span> <span class='ocrx_word' id='word_1_782' title='bbox 841 2867 900 2901; x_wconf 85' lang='grc' dir='ltr'>μοι</span> <span class='ocrx_word' id='word_1_783' title='bbox 915 2853 1029 2901; x_wconf 83' lang='grc' dir='ltr'>πατήρ</span> <span class='ocrx_word' id='word_1_784' title='bbox 1045 2851 1073 2888; x_wconf 85' lang='grc' dir='ltr'>τ’</span> <span class='ocrx_word' id='word_1_785' title='bbox 1098 2851 1248 2900; x_wconf 83' lang='grc' dir='ltr'>ἐθέσθην</span> 
     </span>
     <span class='ocr_line' id='line_1_85' title="bbox 232 2902 1249 2952; baseline -0.008 -11"><span class='ocrx_word' id='word_1_786' title='bbox 232 2907 333 2947; x_wconf 85' lang='grc' dir='ltr'>ζῶντι</span> <span class='ocrx_word' id='word_1_787' title='bbox 357 2905 474 2952; x_wconf 91' lang='grc' dir='ltr'>κύριον</span> <span class='ocrx_word' id='word_1_788' title='bbox 499 2903 608 2952; x_wconf 82' lang='grc' dir='ltr'>τάφον</span> <span class='ocrx_word' id='word_1_789' title='bbox 626 2904 683 2936; x_wconf 87' lang='lat' dir='ltr'>OR</span> <span class='ocrx_word' id='word_1_790' title='bbox 703 2902 804 2937; x_wconf 90' lang='lat'>1453.</span> <span class='ocrx_word' id='word_1_791' title='bbox 833 2904 889 2936; x_wconf 86' lang='lat' dir='ltr'>Sic</span> <span class='ocrx_word' id='word_1_792' title='bbox 906 2904 979 2935; x_wconf 89' lang='lat' dir='ltr'><strong>iure</strong></span> <span class='ocrx_word' id='word_1_793' title='bbox 998 2904 1105 2944; x_wconf 85' lang='lat' dir='ltr'>Toup.</span> <span class='ocrx_word' id='word_1_794' title='bbox 1126 2912 1191 2934; x_wconf 91' lang='lat' dir='ltr'>em.</span> <span class='ocrx_word' id='word_1_795' title='bbox 1212 2903 1249 2934; x_wconf 87' lang='lat' dir='ltr'>in</span> 
     </span>
     <span class='ocr_line' id='line_1_86' title="bbox 233 2943 1244 2997; baseline -0.006 -10"><span class='ocrx_word' id='word_1_796' title='bbox 233 2956 326 2988; x_wconf 87' lang='lat' dir='ltr'><strong>Suid.</strong></span> <span class='ocrx_word' id='word_1_797' title='bbox 348 2952 380 2987; x_wconf 90' lang='lat'>3.</span> <span class='ocrx_word' id='word_1_798' title='bbox 401 2964 434 2995; x_wconf 89' lang='lat' dir='ltr'>p.</span> <span class='ocrx_word' id='word_1_799' title='bbox 459 2950 536 2986; x_wconf 86' lang='lat'>144.</span> <span class='ocrx_word' id='word_1_800' title='bbox 557 2951 608 2997; x_wconf 82' lang='grc' dir='ltr'>τῷ</span> <span class='ocrx_word' id='word_1_801' title='bbox 627 2949 810 2997; x_wconf 71' lang='grc' dir='ltr'>τεθνηκότι</span> <span class='ocrx_word' id='word_1_802' title='bbox 834 2950 890 2985; x_wconf 82' lang='grc' dir='ltr'>τὸν</span> <span class='ocrx_word' id='word_1_803' title='bbox 910 2943 1007 2989; x_wconf 76' lang='grc' dir='ltr'>ζῶντ’</span> <span class='ocrx_word' id='word_1_804' title='bbox 1026 2948 1186 2996; x_wconf 86' lang='grc' dir='ltr'>ἐπαρκεῖν</span> <span class='ocrx_word' id='word_1_805' title='bbox 1205 2951 1244 2981; x_wconf 84' lang='lat' dir='ltr'>fr.</span> 
     </span>
     <span class='ocr_line' id='line_1_87' title="bbox 235 2994 1248 3054; baseline -0.005 -20"><span class='ocrx_word' id='word_1_806' title='bbox 235 3004 338 3034; x_wconf 88' lang='lat' dir='ltr'><strong>Laris.</strong></span> <span class='ocrx_word' id='word_1_807' title='bbox 356 2999 411 3041; x_wconf 75' lang='lat'>66,</span> <span class='ocrx_word' id='word_1_808' title='bbox 430 2998 464 3033; x_wconf 88' lang='lat'>2.</span> <span class='ocrx_word' id='word_1_809' title='bbox 477 3000 516 3034; x_wconf 85' lang='grc' dir='ltr'>τὸ</span> <span class='ocrx_word' id='word_1_810' title='bbox 530 2999 578 3045; x_wconf 84' lang='grc' dir='ltr'>μὴ</span> <span class='ocrx_word' id='word_1_811' title='bbox 593 2998 656 3045; x_wconf 86' lang='grc' dir='ltr'>γὰρ</span> <span class='ocrx_word' id='word_1_812' title='bbox 673 2996 760 3032; x_wconf 81' lang='grc' dir='ltr'>εἶναι</span> <span class='ocrx_word' id='word_1_813' title='bbox 775 3000 932 3044; x_wconf 87' lang='grc' dir='ltr'>κρεῖσσον</span> <span class='ocrx_word' id='word_1_814' title='bbox 949 2994 973 3054; x_wconf 72' lang='grc' dir='ltr'>η</span> <span class='ocrx_word' id='word_1_815' title='bbox 990 2995 1030 3030; x_wconf 88' lang='grc' dir='ltr'>τὸ</span> <span class='ocrx_word' id='word_1_816' title='bbox 1050 2995 1112 3043; x_wconf 87' lang='grc' dir='ltr'>ζῆν</span> <span class='ocrx_word' id='word_1_817' title='bbox 1128 3000 1248 3034; x_wconf 88' lang='grc' dir='ltr'>κακῶς</span> 
     </span>
     <span class='ocr_line' id='line_1_88' title="bbox 231 3037 1248 3092; baseline -0.005 -11"><span class='ocrx_word' id='word_1_818' title='bbox 231 3051 301 3081; x_wconf 89' lang='lat' dir='ltr'><strong>Pel.</strong></span> <span class='ocrx_word' id='word_1_819' title='bbox 331 3046 411 3081; x_wconf 87' lang='lat'>436.</span> <span class='ocrx_word' id='word_1_820' title='bbox 450 3045 529 3092; x_wconf 76' lang='grc' dir='ltr'>ἔζης</span> <span class='ocrx_word' id='word_1_821' title='bbox 558 3045 621 3091; x_wconf 85' lang='grc' dir='ltr'>ἄρ’,</span> <span class='ocrx_word' id='word_1_822' title='bbox 660 3043 740 3079; x_wconf 86' lang='grc' dir='ltr'>οὐδὲ</span> <span class='ocrx_word' id='word_1_823' title='bbox 768 3048 833 3092; x_wconf 88' lang='grc' dir='ltr'>γῆς</span> <span class='ocrx_word' id='word_1_824' title='bbox 863 3041 963 3090; x_wconf 83' lang='grc' dir='ltr'>ἔνερθ</span> <span class='ocrx_word' id='word_1_825' title='bbox 1009 3037 1104 3091; x_wconf 76' lang='grc' dir='ltr'>ᾤχου</span> <span class='ocrx_word' id='word_1_826' title='bbox 1133 3041 1248 3077; x_wconf 87' lang='grc' dir='ltr'>θανών</span> 
     </span>
     <span class='ocr_line' id='line_1_89' title="bbox 231 3087 1249 3137; baseline -0.005 -9"><span class='ocrx_word' id='word_1_827' title='bbox 231 3097 372 3129; x_wconf 79' lang='lat' dir='ltr'><strong>Phaedr.</strong></span> <span class='ocrx_word' id='word_1_828' title='bbox 386 3093 464 3134; x_wconf 86' lang='lat'>603,</span> <span class='ocrx_word' id='word_1_829' title='bbox 492 3093 523 3126; x_wconf 88' lang='lat'>1.</span> <span class='ocrx_word' id='word_1_830' title='bbox 553 3095 614 3126; x_wconf 89' lang='lat' dir='ltr'>His</span> <span class='ocrx_word' id='word_1_831' title='bbox 632 3094 742 3126; x_wconf 87' lang='lat' dir='ltr'><strong>simile</strong></span> <span class='ocrx_word' id='word_1_832' title='bbox 760 3096 811 3125; x_wconf 92' lang='lat' dir='ltr'>est</span> <span class='ocrx_word' id='word_1_833' title='bbox 829 3091 928 3132; x_wconf 89' lang='grc' dir='ltr'>ζῶσιν</span> <span class='ocrx_word' id='word_1_834' title='bbox 948 3089 980 3125; x_wconf 85' lang='grc' dir='ltr'>οἱ</span> <span class='ocrx_word' id='word_1_835' title='bbox 996 3094 1059 3137; x_wconf 88' lang='grc' dir='ltr'>γᾶς</span> <span class='ocrx_word' id='word_1_836' title='bbox 1076 3089 1159 3125; x_wconf 81' lang='grc' dir='ltr'>ὑπαὶ</span> <span class='ocrx_word' id='word_1_837' title='bbox 1175 3087 1249 3124; x_wconf 88' lang='grc' dir='ltr'>κεί-</span> 
     </span>
     <span class='ocr_line' id='line_1_90' title="bbox 233 3139 1249 3188; baseline -0.006 -13"><span class='ocrx_word' id='word_1_838' title='bbox 233 3154 327 3188; x_wconf 83' lang='grc' dir='ltr'>μενοι</span> <span class='ocrx_word' id='word_1_839' title='bbox 346 3143 399 3174; x_wconf 84' lang='lat' dir='ltr'>El.</span> <span class='ocrx_word' id='word_1_840' title='bbox 424 3139 512 3174; x_wconf 87' lang='lat'>1419</span> <span class='ocrx_word' id='word_1_841' title='bbox 531 3142 582 3174; x_wconf 71' lang='lat' dir='ltr'>ch.</span> <span class='ocrx_word' id='word_1_842' title='bbox 594 3160 641 3164; x_wconf 92' lang='lat'>—</span> <span class='ocrx_word' id='word_1_843' title='bbox 658 3140 720 3172; x_wconf 85' lang='lat' dir='ltr'>Sed</span> <span class='ocrx_word' id='word_1_844' title='bbox 740 3141 842 3172; x_wconf 89' lang='lat' dir='ltr'><strong>etiam</strong></span> <span class='ocrx_word' id='word_1_845' title='bbox 860 3149 926 3171; x_wconf 91' lang='lat' dir='ltr'>non</span> <span class='ocrx_word' id='word_1_846' title='bbox 944 3140 1107 3180; x_wconf 85' lang='lat' dir='ltr'><strong>oppositis</strong></span> <span class='ocrx_word' id='word_1_847' title='bbox 1124 3139 1249 3170; x_wconf 91' lang='lat' dir='ltr'><strong>talibus</strong></span> 
     </span>
     <span class='ocr_line' id='line_1_91' title="bbox 234 3183 1249 3229; baseline -0.005 -7"><span class='ocrx_word' id='word_1_848' title='bbox 234 3192 325 3222; x_wconf 90' lang='lat' dir='ltr'><strong>verbi</strong></span> <span class='ocrx_word' id='word_1_849' title='bbox 349 3190 548 3229; x_wconf 76' lang='lat' dir='ltr'><strong>significatio</strong></span> <span class='ocrx_word' id='word_1_850' title='bbox 565 3189 646 3220; x_wconf 88' lang='lat' dir='ltr'><strong>satis</strong></span> <span class='ocrx_word' id='word_1_851' title='bbox 665 3189 843 3219; x_wconf 83' lang='lat' dir='ltr'><strong>manifesta</strong></span> <span class='ocrx_word' id='word_1_852' title='bbox 866 3190 1012 3218; x_wconf 87' lang='lat' dir='ltr'><strong>tenetur.</strong></span> <span class='ocrx_word' id='word_1_853' title='bbox 1044 3183 1107 3219; x_wconf 86' lang='grc' dir='ltr'>οὐκ</span> <span class='ocrx_word' id='word_1_854' title='bbox 1130 3183 1174 3218; x_wconf 67' lang='grc' dir='ltr'>’ἶν</span> <span class='ocrx_word' id='word_1_855' title='bbox 1199 3183 1249 3218; x_wconf 80' lang='grc' dir='ltr'>ἔτι</span> 
     </span>
     <span class='ocr_line' id='line_1_92' title="bbox 233 3205 1247 3279; baseline -0.005 -10"><span class='ocrx_word' id='word_1_856' title='bbox 233 3236 301 3276; x_wconf 89' lang='grc' dir='ltr'>ζῶν</span> <span class='ocrx_word' id='word_1_857' title='bbox 319 3237 378 3268; x_wconf 88' lang='lat' dir='ltr'>Ph.</span> <span class='ocrx_word' id='word_1_858' title='bbox 401 3233 481 3268; x_wconf 89' lang='grc'>412.</span> <span class='ocrx_word' id='word_1_859' title='bbox 510 3234 638 3274; x_wconf 89' lang='grc' dir='ltr'>ζῶντός</span> <span class='ocrx_word' id='word_1_860' title='bbox 662 3228 692 3279; x_wconf 85' lang='grc' dir='ltr'>γ’</span> <span class='ocrx_word' id='word_1_861' title='bbox 718 3232 849 3268; x_wconf 88' lang='grc' dir='ltr'>ἐκείνου</span> <span class='ocrx_word' id='word_1_862' title='bbox 867 3231 948 3266; x_wconf 89' lang='grc'>413.</span> <span class='ocrx_word' id='word_1_863' title='bbox 969 3231 1092 3266; x_wconf 81' lang='grc' dir='ltr'>τούσδε</span> <span class='ocrx_word' id='word_1_864' title='bbox 1137 3205 1179 3278; x_wconf 65' lang='grc' dir='ltr'>άρ</span> <span class='ocrx_word' id='word_1_865' title='bbox 1199 3231 1247 3277; x_wconf 85' lang='grc' dir='ltr'>μὴ</span> 
     </span>
     <span class='ocr_line' id='line_1_93' title="bbox 233 3273 1249 3328; baseline -0.004 -12"><span class='ocrx_word' id='word_1_866' title='bbox 233 3283 295 3328; x_wconf 85' lang='grc' dir='ltr'>ζῆν</span> <span class='ocrx_word' id='word_1_867' title='bbox 314 3281 383 3316; x_wconf 75' lang='grc' dir='ltr'>ἔδει</span> <span class='ocrx_word' id='word_1_868' title='bbox 402 3280 481 3315; x_wconf 86' lang='grc'>418.</span> <span class='ocrx_word' id='word_1_869' title='bbox 504 3277 590 3316; x_wconf 85' lang='grc' dir='ltr'>οἷσθ’</span> <span class='ocrx_word' id='word_1_870' title='bbox 615 3281 645 3315; x_wconf 80' lang='grc' dir='ltr'>εἰ</span> <span class='ocrx_word' id='word_1_871' title='bbox 663 3282 729 3322; x_wconf 91' lang='grc' dir='ltr'>ζῶν</span> <span class='ocrx_word' id='word_1_872' title='bbox 747 3283 862 3326; x_wconf 89' lang='grc' dir='ltr'>κυρεῖ;</span> <span class='ocrx_word' id='word_1_873' title='bbox 892 3277 973 3312; x_wconf 88' lang='grc'>444.</span> <span class='ocrx_word' id='word_1_874' title='bbox 997 3278 1054 3313; x_wconf 83' lang='grc' dir='ltr'>ἐὰν</span> <span class='ocrx_word' id='word_1_875' title='bbox 1074 3278 1118 3324; x_wconf 88' lang='grc' dir='ltr'>μό</span> <span class='ocrx_word' id='word_1_876' title='bbox 1144 3292 1172 3312; x_wconf 91' lang='grc' dir='ltr'>ω</span> <span class='ocrx_word' id='word_1_877' title='bbox 1188 3273 1249 3324; x_wconf 87' lang='grc' dir='ltr'>’γὼ</span> 
     </span>
     <span class='ocr_line' id='line_1_94' title="bbox 235 3324 1249 3376; baseline -0.005 -13"><span class='ocrx_word' id='word_1_878' title='bbox 235 3329 300 3369; x_wconf 89' lang='grc' dir='ltr'>ζῶν</span> <span class='ocrx_word' id='word_1_879' title='bbox 318 3329 403 3376; x_wconf 77' lang='grc' dir='ltr'>πρὸς</span> <span class='ocrx_word' id='word_1_880' title='bbox 423 3328 560 3365; x_wconf 76' lang='grc' dir='ltr'>Οἰταίαν</span> <span class='ocrx_word' id='word_1_881' title='bbox 578 3326 689 3375; x_wconf 89' lang='grc' dir='ltr'>χθόνα</span> <span class='ocrx_word' id='word_1_882' title='bbox 706 3326 786 3360; x_wconf 86' lang='grc'>479.</span> <span class='ocrx_word' id='word_1_883' title='bbox 809 3326 839 3361; x_wconf 83' lang='grc' dir='ltr'>εἰ</span> <span class='ocrx_word' id='word_1_884' title='bbox 857 3327 905 3373; x_wconf 83' lang='grc' dir='ltr'>μὴ</span> <span class='ocrx_word' id='word_1_885' title='bbox 924 3325 1029 3372; x_wconf 88' lang='grc' dir='ltr'>’κύρει</span> <span class='ocrx_word' id='word_1_886' title='bbox 1057 3325 1135 3366; x_wconf 80' lang='grc' dir='ltr'>ζῶσ’</span> <span class='ocrx_word' id='word_1_887' title='bbox 1151 3324 1174 3371; x_wconf 79' lang='grc' dir='ltr'><strong>ἠ</strong></span> <span class='ocrx_word' id='word_1_888' title='bbox 1192 3336 1249 3358; x_wconf 79' lang='grc' dir='ltr'>τε-</span> 
     </span>
    </p>
   </div>
   <div class='ocr_carea' id='block_1_15' title="bbox 232 3368 2288 3468">
    <p class='ocr_par' dir='ltr' id='par_1_16' title="bbox 232 3368 2288 3468">
     <span class='ocr_line' id='line_1_95' title="bbox 232 3368 2282 3419; baseline -0.003 -9"><span class='ocrx_word' id='word_1_889' title='bbox 232 3379 342 3410; x_wconf 81' lang='grc' dir='ltr'>κοῦσα</span> <span class='ocrx_word' id='word_1_890' title='bbox 358 3378 416 3409; x_wconf 80' lang='grc' dir='ltr'>0Ιί</span> <span class='ocrx_word' id='word_1_891' title='bbox 433 3374 512 3409; x_wconf 86' lang='grc'>985.</span> <span class='ocrx_word' id='word_1_892' title='bbox 543 3374 616 3409; x_wconf 83' lang='grc' dir='ltr'>ἐπεὶ</span> <span class='ocrx_word' id='word_1_893' title='bbox 636 3375 675 3415; x_wconf 57' lang='lat' dir='ltr'>C*</span> <span class='ocrx_word' id='word_1_894' title='bbox 699 3373 779 3407; x_wconf 91' lang='lat'>986.</span> <span class='ocrx_word' id='word_1_895' title='bbox 809 3373 831 3419; x_wconf 86' lang='grc' dir='ltr'>ἠ</span> <span class='ocrx_word' id='word_1_896' title='bbox 849 3368 944 3408; x_wconf 82' lang='grc' dir='ltr'>κᾶστ’</span> <span class='ocrx_word' id='word_1_897' title='bbox 973 3373 1021 3409; x_wconf 78' lang='grc' dir='ltr'>ἔτι</span> <span class='ocrx_word' id='word_1_898' title='bbox 1040 3373 1106 3413; x_wconf 90' lang='grc' dir='ltr'>ζῶν</span> <span class='ocrx_word' id='word_1_899' title='bbox 1125 3370 1244 3413; x_wconf 86' lang='grc' dir='ltr'>οὗτος·,</span> <span class='ocrx_word' id='word_1_900' title='bbox 1267 3413 1268 3416; x_wconf 13' lang='lat'>¹</span> <span class='ocrx_word' id='word_1_901' title='bbox 2280 3412 2282 3415; x_wconf 53' lang='lat'>.</span> 
     </span>
     <span class='ocr_line' id='line_1_96' title="bbox 544 3413 2288 3468; baseline -0.005 -13"><span class='ocrx_word' id='word_1_902' title='bbox 544 3422 662 3468; x_wconf 83' lang='grc' dir='ltr'>μήποτ</span> <span class='ocrx_word' id='word_1_903' title='bbox 697 3420 880 3466; x_wconf 80' lang='grc' dir='ltr'>ἀξιωθήτω</span> <span class='ocrx_word' id='word_1_904' title='bbox 905 3419 983 3455; x_wconf 83' lang='grc' dir='ltr'>τόδε</span> <span class='ocrx_word' id='word_1_905' title='bbox 1011 3419 1095 3455; x_wconf 76' lang='grc' dir='ltr'>ἄστυ</span> <span class='ocrx_word' id='word_1_906' title='bbox 1122 3419 1249 3459; x_wconf 85' lang='grc' dir='ltr'>ζῶντος</span> <span class='ocrx_word' id='word_1_907' title='bbox 1266 3422 1269 3452; x_wconf 71' lang='lat' dir='ltr'><strong>l</strong></span> <span class='ocrx_word' id='word_1_908' title='bbox 1287 3421 1511 3465; x_wconf 83' lang='grc' dir='ltr'>περιποτᾶται</span> <span class='ocrx_word' id='word_1_909' title='bbox 1529 3419 1586 3450; x_wconf 84' lang='lat' dir='ltr'>OR</span> <span class='ocrx_word' id='word_1_910' title='bbox 1603 3415 1672 3449; x_wconf 80' lang='grc'>482</span> <span class='ocrx_word' id='word_1_911' title='bbox 1686 3418 1735 3449; x_wconf 87' lang='lat' dir='ltr'>ch.</span> <span class='ocrx_word' id='word_1_912' title='bbox 1760 3418 1887 3449; x_wconf 79' lang='lat' dir='ltr'><strong>Similia</strong></span> <span class='ocrx_word' id='word_1_913' title='bbox 1906 3416 2038 3456; x_wconf 83' lang='lat' dir='ltr'><strong>collegit</strong></span> <span class='ocrx_word' id='word_1_914' title='bbox 2055 3416 2179 3455; x_wconf 85' lang='lat' dir='ltr'><strong>Musgr.</strong></span> <span class='ocrx_word' id='word_1_915' title='bbox 2202 3413 2288 3453; x_wconf 75' lang='grc' dir='ltr'>ζῶντ</span> 
     </span>
    </p>
   </div>
   <div class='ocr_carea' id='block_1_16' title="bbox 236 3421 517 3468">
    <p class='ocr_par' dir='ltr' id='par_1_17' title="bbox 236 3421 517 3468">
     <span class='ocr_line' id='line_1_97' title="bbox 236 3421 517 3468; baseline 0.004 -13"><span class='ocrx_word' id='word_1_916' title='bbox 236 3421 336 3456; x_wconf 79' lang='lat'>1045.</span> <span class='ocrx_word' id='word_1_917' title='bbox 367 3423 452 3468; x_wconf 65' lang='grc' dir='ltr'>ἐμοῦ</span> <span class='ocrx_word' id='word_1_918' title='bbox 480 3421 517 3456; x_wconf 61' lang='grc' dir='ltr'>δὲ</span> 
     </span>
    </p>
   </div>
   <div class='ocr_carea' id='block_1_17' title="bbox 1284 1623 2288 3417">
    <p class='ocr_par' dir='ltr' id='par_1_18' title="bbox 1284 1623 2288 3417">
     <span class='ocr_line' id='line_1_98' title="bbox 1287 1623 2288 1673; baseline 0 -14"><span class='ocrx_word' id='word_1_919' title='bbox 1287 1625 1324 1660; x_wconf 82' lang='grc' dir='ltr'>σὺ</span> <span class='ocrx_word' id='word_1_920' title='bbox 1356 1625 1418 1671; x_wconf 85' lang='grc' dir='ltr'>μὲν</span> <span class='ocrx_word' id='word_1_921' title='bbox 1443 1624 1594 1673; x_wconf 89' lang='grc' dir='ltr'>γέγηθας</span> <span class='ocrx_word' id='word_1_922' title='bbox 1619 1624 1688 1664; x_wconf 87' lang='grc' dir='ltr'>ζῶν</span> <span class='ocrx_word' id='word_1_923' title='bbox 1716 1623 1817 1658; x_wconf 89' lang='grc'>1021.</span> <span class='ocrx_word' id='word_1_924' title='bbox 1847 1626 1894 1672; x_wconf 84' lang='grc' dir='ltr'>ζῶ</span> <span class='ocrx_word' id='word_1_925' title='bbox 1920 1624 1979 1659; x_wconf 88' lang='grc' dir='ltr'>σὺν</span> <span class='ocrx_word' id='word_1_926' title='bbox 2004 1630 2128 1664; x_wconf 81' lang='grc' dir='ltr'>κακοῖς</span> <span class='ocrx_word' id='word_1_927' title='bbox 2157 1624 2288 1660; x_wconf 79' lang='grc' dir='ltr'>πολλοῖ</span> 
     </span>
     <span class='ocr_line' id='line_1_99' title="bbox 1289 1671 2288 1720; baseline 0 -14"><span class='ocrx_word' id='word_1_928' title='bbox 1289 1671 1389 1707; x_wconf 87' lang='grc'>1022.</span> <span class='ocrx_word' id='word_1_929' title='bbox 1427 1673 1475 1713; x_wconf 88' lang='grc' dir='ltr'>ζῶ</span> <span class='ocrx_word' id='word_1_930' title='bbox 1501 1673 1562 1718; x_wconf 82' lang='grc' dir='ltr'>μὲν</span> <span class='ocrx_word' id='word_1_931' title='bbox 1592 1671 1738 1718; x_wconf 83' lang='grc' dir='ltr'>οἰκτρῶς</span> <span class='ocrx_word' id='word_1_932' title='bbox 1767 1671 1868 1707; x_wconf 81' lang='grc'>1043.</span> <span class='ocrx_word' id='word_1_933' title='bbox 1906 1672 1968 1719; x_wconf 83' lang='grc' dir='ltr'>ζῆν</span> <span class='ocrx_word' id='word_1_934' title='bbox 1995 1671 2109 1719; x_wconf 83' lang='grc' dir='ltr'>ὥσπερ</span> <span class='ocrx_word' id='word_1_935' title='bbox 2143 1671 2213 1720; x_wconf 80' lang='grc' dir='ltr'>ἤδη</span> <span class='ocrx_word' id='word_1_936' title='bbox 2244 1671 2288 1712; x_wconf 72' lang='grc' dir='ltr'>ζ’</span> 
     </span>
     <span class='ocr_line' id='line_1_100' title="bbox 1287 1717 2266 1767; baseline -0.002 -13"><span class='ocrx_word' id='word_1_937' title='bbox 1287 1719 1367 1755; x_wconf 82' lang='grc' dir='ltr'>ἄνευ</span> <span class='ocrx_word' id='word_1_938' title='bbox 1394 1719 1568 1767; x_wconf 85' lang='grc' dir='ltr'>σωτηρίας</span> <span class='ocrx_word' id='word_1_939' title='bbox 1597 1718 1697 1754; x_wconf 91' lang='grc'>1396.</span> <span class='ocrx_word' id='word_1_940' title='bbox 1737 1717 1814 1767; x_wconf 86' lang='grc' dir='ltr'>εἰκῆ</span> <span class='ocrx_word' id='word_1_941' title='bbox 1840 1719 2020 1767; x_wconf 86' lang='grc' dir='ltr'>κράτιστον</span> <span class='ocrx_word' id='word_1_942' title='bbox 2057 1719 2119 1767; x_wconf 86' lang='grc' dir='ltr'>ζῆν</span> <span class='ocrx_word' id='word_1_943' title='bbox 2144 1720 2203 1753; x_wconf 81' lang='lat' dir='ltr'>OR</span> <span class='ocrx_word' id='word_1_944' title='bbox 2220 1717 2266 1753; x_wconf 89' lang='lat'>97</span> 
     </span>
     <span class='ocr_line' id='line_1_101' title="bbox 1287 1765 2288 1815; baseline -0.002 -13"><span class='ocrx_word' id='word_1_945' title='bbox 1287 1767 1354 1808; x_wconf 90' lang='grc' dir='ltr'>ζῶν</span> <span class='ocrx_word' id='word_1_946' title='bbox 1379 1767 1508 1815; x_wconf 87' lang='grc' dir='ltr'>τυφλός</span> <span class='ocrx_word' id='word_1_947' title='bbox 1537 1765 1627 1800; x_wconf 89' lang='grc'>1368</span> <span class='ocrx_word' id='word_1_948' title='bbox 1651 1769 1739 1810; x_wconf 85' lang='lat' dir='ltr'><strong>quod</strong></span> <span class='ocrx_word' id='word_1_949' title='bbox 1764 1770 1898 1810; x_wconf 88' lang='lat' dir='ltr'><strong>proprie</strong></span> <span class='ocrx_word' id='word_1_950' title='bbox 1924 1769 2052 1800; x_wconf 87' lang='lat' dir='ltr'><strong>dictum</strong></span> <span class='ocrx_word' id='word_1_951' title='bbox 2079 1778 2153 1800; x_wconf 88' lang='lat' dir='ltr'><strong>esse</strong></span> <span class='ocrx_word' id='word_1_952' title='bbox 2178 1771 2288 1809; x_wconf 84' lang='lat' dir='ltr'><strong>potest</strong></span> 
     </span>
     <span class='ocr_line' id='line_1_102' title="bbox 1286 1810 2288 1861; baseline 0.001 -13"><span class='ocrx_word' id='word_1_953' title='bbox 1286 1815 1380 1861; x_wconf 77' lang='grc' dir='ltr'>ἡμᾶς</span> <span class='ocrx_word' id='word_1_954' title='bbox 1399 1810 1426 1848; x_wconf 83' lang='grc' dir='ltr'>δ’</span> <span class='ocrx_word' id='word_1_955' title='bbox 1446 1814 1486 1850; x_wconf 81' lang='grc' dir='ltr'>ἔα</span> <span class='ocrx_word' id='word_1_956' title='bbox 1505 1814 1566 1861; x_wconf 84' lang='grc' dir='ltr'>ζῆν</span> <span class='ocrx_word' id='word_1_957' title='bbox 1585 1811 1708 1850; x_wconf 79' lang='grc' dir='ltr'>ἐνθάδε</span> <span class='ocrx_word' id='word_1_958' title='bbox 1726 1815 1782 1847; x_wconf 84' lang='lat' dir='ltr'>OG</span> <span class='ocrx_word' id='word_1_959' title='bbox 1801 1813 1880 1848; x_wconf 88' lang='grc'>798.</span> <span class='ocrx_word' id='word_1_960' title='bbox 1903 1813 1942 1850; x_wconf 88' lang='grc' dir='ltr'>οὐ</span> <span class='ocrx_word' id='word_1_961' title='bbox 1958 1812 2022 1861; x_wconf 84' lang='grc' dir='ltr'>γὰρ</span> <span class='ocrx_word' id='word_1_962' title='bbox 2040 1812 2080 1849; x_wconf 83' lang='grc' dir='ltr'>ἂν</span> <span class='ocrx_word' id='word_1_963' title='bbox 2097 1819 2215 1853; x_wconf 83' lang='grc' dir='ltr'>κακῶς</span> <span class='ocrx_word' id='word_1_964' title='bbox 2233 1813 2288 1860; x_wconf 82' lang='grc' dir='ltr'>ζῷ</span> 
     </span>
     <span class='ocr_line' id='line_1_103' title="bbox 1288 1856 2288 1909; baseline -0.002 -13"><span class='ocrx_word' id='word_1_965' title='bbox 1288 1874 1348 1909; x_wconf 90' lang='grc' dir='ltr'>μεν</span> <span class='ocrx_word' id='word_1_966' title='bbox 1363 1860 1443 1895; x_wconf 91' lang='lat'>799.</span> <span class='ocrx_word' id='word_1_967' title='bbox 1472 1865 1532 1897; x_wconf 79' lang='grc' dir='ltr'>τοῦ</span> <span class='ocrx_word' id='word_1_968' title='bbox 1553 1862 1691 1907; x_wconf 88' lang='grc' dir='ltr'>μετρίου</span> <span class='ocrx_word' id='word_1_969' title='bbox 1710 1860 1829 1907; x_wconf 83' lang='grc' dir='ltr'>παρεὶς</span> <span class='ocrx_word' id='word_1_970' title='bbox 1845 1862 1943 1902; x_wconf 85' lang='grc' dir='ltr'>ζώειν</span> <span class='ocrx_word' id='word_1_971' title='bbox 1959 1862 1975 1907; x_wconf 87' lang='grc'><strong>(</strong></span> <span class='ocrx_word' id='word_1_972' title='bbox 2004 1856 2116 1909; x_wconf 71' lang='grc' dir='ltr'>ρῄζει)</span> <span class='ocrx_word' id='word_1_973' title='bbox 2140 1859 2229 1895; x_wconf 85' lang='grc'>1213</span> <span class='ocrx_word' id='word_1_974' title='bbox 2248 1862 2288 1894; x_wconf 86' lang='lat' dir='ltr'><strong>ch</strong></span> 
     </span>
     <span class='ocr_line' id='line_1_104' title="bbox 1286 1873 2288 1957; baseline 0 -14"><span class='ocrx_word' id='word_1_975' title='bbox 1286 1910 1400 1957; x_wconf 84' lang='grc' dir='ltr'>ὥσπερ</span> <span class='ocrx_word' id='word_1_976' title='bbox 1418 1908 1458 1943; x_wconf 84' lang='grc' dir='ltr'>ἂν</span> <span class='ocrx_word' id='word_1_977' title='bbox 1477 1909 1524 1950; x_wconf 88' lang='grc' dir='ltr'>ζῶ</span> <span class='ocrx_word' id='word_1_978' title='bbox 1545 1906 1646 1942; x_wconf 92' lang='grc'>1361.</span> <span class='ocrx_word' id='word_1_979' title='bbox 1669 1909 1759 1947; x_wconf 84' lang='grc' dir='ltr'>ὅστις</span> <span class='ocrx_word' id='word_1_980' title='bbox 1776 1908 1840 1957; x_wconf 84' lang='grc' dir='ltr'>γὰρ</span> <span class='ocrx_word' id='word_1_981' title='bbox 1857 1908 1900 1954; x_wconf 67' lang='grc' dir='ltr'>ξέν</span> <span class='ocrx_word' id='word_1_982' title='bbox 1927 1873 2107 1944; x_wconf 48' lang='grc' dir='ltr'>πολλοῖσιν</span> <span class='ocrx_word' id='word_1_983' title='bbox 2123 1911 2247 1947; x_wconf 87' lang='grc' dir='ltr'>κακοῖς</span> <span class='ocrx_word' id='word_1_984' title='bbox 2265 1907 2288 1948; x_wconf 80' lang='grc' dir='ltr'>ζ·</span> 
     </span>
     <span class='ocr_line' id='line_1_105' title="bbox 1287 1954 2288 2004; baseline -0.001 -14"><span class='ocrx_word' id='word_1_985' title='bbox 1287 1959 1367 1990; x_wconf 89' lang='lat' dir='ltr'>Ant.</span> <span class='ocrx_word' id='word_1_986' title='bbox 1390 1955 1470 1990; x_wconf 85' lang='lat'>464.</span> <span class='ocrx_word' id='word_1_987' title='bbox 1496 1956 1538 2003; x_wconf 85' lang='grc' dir='ltr'>ζῆ</span> <span class='ocrx_word' id='word_1_988' title='bbox 1557 1955 1718 2002; x_wconf 87' lang='grc' dir='ltr'>τύραννον</span> <span class='ocrx_word' id='word_1_989' title='bbox 1737 1955 1844 2004; x_wconf 84' lang='grc' dir='ltr'>σχῆμ’</span> <span class='ocrx_word' id='word_1_990' title='bbox 1871 1956 1961 2004; x_wconf 82' lang='grc' dir='ltr'>ἔχων</span> <span class='ocrx_word' id='word_1_991' title='bbox 1981 1954 2083 1990; x_wconf 87' lang='grc'>1169.</span> <span class='ocrx_word' id='word_1_992' title='bbox 2104 1955 2200 1996; x_wconf 85' lang='grc' dir='ltr'>*ζῶν</span> <span class='ocrx_word' id='word_1_993' title='bbox 2218 1954 2288 1990; x_wconf 46' lang='grc' dir='ltr'>ἀλυν</span> 
     </span>
     <span class='ocr_line' id='line_1_106' title="bbox 1286 2002 2288 2051; baseline -0.003 -13"><span class='ocrx_word' id='word_1_994' title='bbox 1286 2004 1386 2051; x_wconf 75' lang='grc' dir='ltr'>πήτῳ</span> <span class='ocrx_word' id='word_1_995' title='bbox 1406 2002 1470 2050; x_wconf 86' lang='grc' dir='ltr'>βίῳ</span> <span class='ocrx_word' id='word_1_996' title='bbox 1491 2006 1545 2036; x_wconf 88' lang='lat' dir='ltr'>Tr.</span> <span class='ocrx_word' id='word_1_997' title='bbox 1563 2002 1629 2037; x_wconf 86' lang='lat'>168</span> <span class='ocrx_word' id='word_1_998' title='bbox 1648 2003 1742 2049; x_wconf 83' lang='lat' dir='ltr'><strong>[secl.</strong></span> <span class='ocrx_word' id='word_1_999' title='bbox 1765 2006 1883 2046; x_wconf 93' lang='lat' dir='ltr'>Dobr.,</span> <span class='ocrx_word' id='word_1_1000' title='bbox 1901 2006 1989 2047; x_wconf 90' lang='lat' dir='ltr'><strong>quod</strong></span> <span class='ocrx_word' id='word_1_1001' title='bbox 2007 2003 2069 2050; x_wconf 85' lang='grc' dir='ltr'>ζῆν</span> <span class='ocrx_word' id='word_1_1002' title='bbox 2086 2005 2219 2036; x_wconf 90' lang='lat' dir='ltr'><strong>nullum</strong></span> <span class='ocrx_word' id='word_1_1003' title='bbox 2237 2005 2288 2036; x_wconf 77' lang='lat' dir='ltr'>nis</span> 
     </span>
     <span class='ocr_line' id='line_1_107' title="bbox 1287 2050 2288 2098; baseline -0.004 -12"><span class='ocrx_word' id='word_1_1004' title='bbox 1287 2050 1359 2098; x_wconf 87' lang='grc' dir='ltr'>βίον</span> <span class='ocrx_word' id='word_1_1005' title='bbox 1386 2053 1612 2084; x_wconf 82' lang='lat' dir='ltr'><strong>accusativum</strong></span> <span class='ocrx_word' id='word_1_1006' title='bbox 1639 2053 1812 2094; x_wconf 85' lang='lat' dir='ltr'><strong>adsciscat,</strong></span> <span class='ocrx_word' id='word_1_1007' title='bbox 1838 2053 1872 2084; x_wconf 91' lang='lat' dir='ltr'>id</span> <span class='ocrx_word' id='word_1_1008' title='bbox 1890 2053 1979 2094; x_wconf 89' lang='lat' dir='ltr'><strong>quod</strong></span> <span class='ocrx_word' id='word_1_1009' title='bbox 1996 2052 2114 2083; x_wconf 86' lang='lat' dir='ltr'><strong>multis</strong></span> <span class='ocrx_word' id='word_1_1010' title='bbox 2139 2051 2288 2093; x_wconf 80' lang='lat' dir='ltr'><strong>exempli</strong></span> 
     </span>
     <span class='ocr_line' id='line_1_108' title="bbox 1286 2096 2288 2155; baseline 0 -24"><span class='ocrx_word' id='word_1_1011' title='bbox 1286 2101 1469 2131; x_wconf 86' lang='lat' dir='ltr'><strong>illustravit</strong></span> <span class='ocrx_word' id='word_1_1012' title='bbox 1496 2101 1532 2130; x_wconf 90' lang='lat' dir='ltr'>B.</span> <span class='ocrx_word' id='word_1_1013' title='bbox 1554 2100 1695 2132; x_wconf 86' lang='lat' dir='ltr'><strong>Arnold.</strong></span> <span class='ocrx_word' id='word_1_1014' title='bbox 1717 2101 1752 2131; x_wconf 90' lang='lat' dir='ltr'>in</span> <span class='ocrx_word' id='word_1_1015' title='bbox 1771 2100 1835 2131; x_wconf 78' lang='lat' dir='ltr'><strong>Eos</strong></span> <span class='ocrx_word' id='word_1_1016' title='bbox 1854 2098 1884 2141; x_wconf 89' lang='lat'>1,</span> <span class='ocrx_word' id='word_1_1017' title='bbox 1907 2096 2003 2144; x_wconf 90' lang='grc'>456].</span> <span class='ocrx_word' id='word_1_1018' title='bbox 2025 2097 2087 2144; x_wconf 85' lang='grc' dir='ltr'>ζῆν</span> <span class='ocrx_word' id='word_1_1019' title='bbox 2105 2096 2168 2155; x_wconf 78' lang='grc' dir='ltr'>γὰρ</span> <span class='ocrx_word' id='word_1_1020' title='bbox 2185 2101 2288 2131; x_wconf 83' lang='grc' dir='ltr'>κακῶ</span> 
     </span>
     <span class='ocr_line' id='line_1_109' title="bbox 1285 2143 2288 2194; baseline -0.002 -14"><span class='ocrx_word' id='word_1_1021' title='bbox 1285 2144 1457 2180; x_wconf 78' lang='grc' dir='ltr'>κλύουσαν</span> <span class='ocrx_word' id='word_1_1022' title='bbox 1484 2145 1548 2180; x_wconf 75' lang='grc' dir='ltr'>οὐκ</span> <span class='ocrx_word' id='word_1_1023' title='bbox 1573 2144 1760 2194; x_wconf 85' lang='grc' dir='ltr'>ἀνασχετόν</span> <span class='ocrx_word' id='word_1_1024' title='bbox 1779 2144 1858 2179; x_wconf 90' lang='lat'>721.</span> <span class='ocrx_word' id='word_1_1025' title='bbox 1887 2144 1910 2191; x_wconf 85' lang='grc' dir='ltr'>ἢ</span> <span class='ocrx_word' id='word_1_1026' title='bbox 1929 2145 2046 2183; x_wconf 90' lang='grc' dir='ltr'>καλῶς</span> <span class='ocrx_word' id='word_1_1027' title='bbox 2064 2144 2126 2191; x_wconf 87' lang='grc' dir='ltr'>ζῆν</span> <span class='ocrx_word' id='word_1_1028' title='bbox 2143 2157 2166 2190; x_wconf 93' lang='grc' dir='ltr'>η</span> <span class='ocrx_word' id='word_1_1029' title='bbox 2186 2143 2288 2178; x_wconf 76' lang='grc' dir='ltr'>καλῶ</span> 
     </span>
     <span class='ocr_line' id='line_1_110' title="bbox 1284 2188 2288 2241; baseline -0.001 -15"><span class='ocrx_word' id='word_1_1030' title='bbox 1284 2191 1488 2239; x_wconf 77' lang='grc' dir='ltr'>τεθνηκέναι</span> <span class='ocrx_word' id='word_1_1031' title='bbox 1511 2195 1565 2225; x_wconf 90' lang='lat' dir='ltr'>Ai.</span> <span class='ocrx_word' id='word_1_1032' title='bbox 1588 2191 1668 2226; x_wconf 88' lang='grc'>479.</span> <span class='ocrx_word' id='word_1_1033' title='bbox 1696 2192 1725 2227; x_wconf 82' lang='grc' dir='ltr'>εἰ</span> <span class='ocrx_word' id='word_1_1034' title='bbox 1750 2188 1778 2226; x_wconf 75' lang='grc' dir='ltr'>δ’</span> <span class='ocrx_word' id='word_1_1035' title='bbox 1803 2190 1987 2241; x_wconf 83' lang='grc' dir='ltr'>ἐλευθέραν</span> <span class='ocrx_word' id='word_1_1036' title='bbox 2010 2204 2052 2238; x_wconf 89' lang='grc' dir='ltr'>με</span> <span class='ocrx_word' id='word_1_1037' title='bbox 2081 2191 2134 2226; x_wconf 81' lang='grc' dir='ltr'>δεῖ</span> <span class='ocrx_word' id='word_1_1038' title='bbox 2158 2191 2221 2238; x_wconf 85' lang='grc' dir='ltr'>ζῆν</span> <span class='ocrx_word' id='word_1_1039' title='bbox 2247 2193 2288 2225; x_wconf 81' lang='grc' dir='ltr'>ΕΙ</span> 
     </span>
     <span class='ocr_line' id='line_1_111' title="bbox 1287 2236 2288 2286; baseline 0 -13"><span class='ocrx_word' id='word_1_1040' title='bbox 1287 2238 1366 2273; x_wconf 87' lang='lat'>340.</span> <span class='ocrx_word' id='word_1_1041' title='bbox 1396 2239 1435 2274; x_wconf 84' lang='grc' dir='ltr'>οὐ</span> <span class='ocrx_word' id='word_1_1042' title='bbox 1462 2239 1528 2282; x_wconf 88' lang='grc' dir='ltr'>ζῶ;</span> <span class='ocrx_word' id='word_1_1043' title='bbox 1558 2245 1676 2279; x_wconf 87' lang='grc' dir='ltr'>κακῶς</span> <span class='ocrx_word' id='word_1_1044' title='bbox 1701 2238 1762 2286; x_wconf 86' lang='grc' dir='ltr'>μέν</span> <span class='ocrx_word' id='word_1_1045' title='bbox 1789 2239 1869 2273; x_wconf 85' lang='grc'>354.</span> <span class='ocrx_word' id='word_1_1046' title='bbox 1898 2239 1922 2285; x_wconf 85' lang='grc' dir='ltr'>ἢ</span> <span class='ocrx_word' id='word_1_1047' title='bbox 1948 2239 1996 2280; x_wconf 83' lang='grc' dir='ltr'>ζῶ</span> <span class='ocrx_word' id='word_1_1048' title='bbox 2025 2237 2097 2285; x_wconf 88' lang='grc' dir='ltr'>βίον</span> <span class='ocrx_word' id='word_1_1049' title='bbox 2123 2236 2288 2286; x_wconf 79' lang='grc' dir='ltr'>μογθηρό·</span> 
     </span>
     <span class='ocr_line' id='line_1_112' title="bbox 1286 2280 2288 2334; baseline 0.001 -13"><span class='ocrx_word' id='word_1_1050' title='bbox 1286 2285 1366 2321; x_wconf 88' lang='grc'>599.</span> <span class='ocrx_word' id='word_1_1051' title='bbox 1397 2287 1507 2327; x_wconf 90' lang='grc' dir='ltr'>ζῶσαν</span> <span class='ocrx_word' id='word_1_1052' title='bbox 1533 2285 1682 2333; x_wconf 78' lang='grc' dir='ltr'>ἀβλαβεῖ</span> <span class='ocrx_word' id='word_1_1053' title='bbox 1707 2286 1771 2334; x_wconf 84' lang='grc' dir='ltr'>βίῳ</span> <span class='ocrx_word' id='word_1_1054' title='bbox 1798 2285 1877 2320; x_wconf 86' lang='grc'>650.</span> <span class='ocrx_word' id='word_1_1055' title='bbox 1908 2287 1970 2334; x_wconf 85' lang='grc' dir='ltr'>ζῆν</span> <span class='ocrx_word' id='word_1_1056' title='bbox 1991 2286 2133 2334; x_wconf 80' lang='grc' dir='ltr'>αἰσγρὸν</span> <span class='ocrx_word' id='word_1_1057' title='bbox 2151 2280 2194 2322; x_wconf 55' lang='grc' dir='ltr'>αἶ’</span> <span class='ocrx_word' id='word_1_1058' title='bbox 2237 2291 2288 2332; x_wconf 59' lang='grc' dir='ltr'>ριῖιι</span> 
     </span>
     <span class='ocr_line' id='line_1_113' title="bbox 1286 2297 2288 2382; baseline -0.001 -15"><span class='ocrx_word' id='word_1_1059' title='bbox 1286 2332 1366 2368; x_wconf 88' lang='lat'>989.</span> <span class='ocrx_word' id='word_1_1060' title='bbox 1387 2334 1521 2373; x_wconf 87' lang='grc' dir='ltr'>τούτοις</span> <span class='ocrx_word' id='word_1_1061' title='bbox 1548 2335 1616 2380; x_wconf 84' lang='grc' dir='ltr'>ἐγὼ</span> <span class='ocrx_word' id='word_1_1062' title='bbox 1635 2335 1696 2382; x_wconf 85' lang='grc' dir='ltr'>ζῆν</span> <span class='ocrx_word' id='word_1_1063' title='bbox 1713 2337 1787 2372; x_wconf 89' lang='grc' dir='ltr'>τοῖς</span> <span class='ocrx_word' id='word_1_1064' title='bbox 1804 2334 1922 2380; x_wconf 87' lang='grc' dir='ltr'>νόμοις</span> <span class='ocrx_word' id='word_1_1065' title='bbox 1949 2333 1987 2369; x_wconf 79' lang='grc' dir='ltr'>οὐ</span> <span class='ocrx_word' id='word_1_1066' title='bbox 2007 2325 2178 2380; x_wconf 64' lang='grc' dir='ltr'>βούλομαι</span> <span class='ocrx_word' id='word_1_1067' title='bbox 2189 2297 2288 2367; x_wconf 57' lang='grc' dir='ltr'>τ’1)043</span> 
     </span>
     <span class='ocr_line' id='line_1_114' title="bbox 1286 2376 2288 2448; baseline -0.001 -32"><span class='ocrx_word' id='word_1_1068' title='bbox 1286 2382 1352 2422; x_wconf 89' lang='grc' dir='ltr'>ζῶν</span> <span class='ocrx_word' id='word_1_1069' title='bbox 1370 2386 1488 2420; x_wconf 91' lang='grc' dir='ltr'>κακῶς</span> <span class='ocrx_word' id='word_1_1070' title='bbox 1505 2380 1598 2415; x_wconf 80' lang='grc'>1083</span> <span class='ocrx_word' id='word_1_1071' title='bbox 1617 2384 1668 2414; x_wconf 88' lang='lat' dir='ltr'>ch.</span> <span class='ocrx_word' id='word_1_1072' title='bbox 1699 2376 1794 2448; x_wconf 76' lang='grc' dir='ltr'>ζῴης</span> <span class='ocrx_word' id='word_1_1073' title='bbox 1813 2393 1871 2427; x_wconf 81' lang='grc' dir='ltr'>μοι</span> <span class='ocrx_word' id='word_1_1074' title='bbox 1888 2380 2106 2427; x_wconf 87' lang='grc' dir='ltr'>καθύπερθεν</span> <span class='ocrx_word' id='word_1_1075' title='bbox 2133 2381 2223 2428; x_wconf 87' lang='grc' dir='ltr'>χειρὶ</span> <span class='ocrx_word' id='word_1_1076' title='bbox 2244 2390 2288 2415; x_wconf 78' lang='grc' dir='ltr'>κα</span> 
     </span>
     <span class='ocr_line' id='line_1_115' title="bbox 1286 2427 2288 2477; baseline -0.003 -14"><span class='ocrx_word' id='word_1_1077' title='bbox 1286 2428 1426 2475; x_wconf 84' lang='grc' dir='ltr'>πλούτῳ</span> <span class='ocrx_word' id='word_1_1078' title='bbox 1443 2433 1531 2463; x_wconf 89' lang='grc' dir='ltr'>τεῶν</span> <span class='ocrx_word' id='word_1_1079' title='bbox 1559 2428 1696 2477; x_wconf 83' lang='grc' dir='ltr'>ἐχθρῶν</span> <span class='ocrx_word' id='word_1_1080' title='bbox 1719 2427 1807 2461; x_wconf 64' lang='lat'>10³0</span> <span class='ocrx_word' id='word_1_1081' title='bbox 1825 2430 1876 2461; x_wconf 85' lang='lat' dir='ltr'>ch.</span> <span class='ocrx_word' id='word_1_1082' title='bbox 1907 2428 1962 2475; x_wconf 86' lang='grc' dir='ltr'>ζῆ,</span> <span class='ocrx_word' id='word_1_1083' title='bbox 1991 2431 2080 2467; x_wconf 81' lang='grc' dir='ltr'>πῖνε,</span> <span class='ocrx_word' id='word_1_1084' title='bbox 2111 2428 2239 2475; x_wconf 84' lang='grc' dir='ltr'>φέρβου</span> <span class='ocrx_word' id='word_1_1085' title='bbox 2257 2429 2288 2460; x_wconf 83' lang='lat' dir='ltr'>fr</span> 
     </span>
     <span class='ocr_line' id='line_1_116' title="bbox 1285 2475 2288 2518; baseline -0.001 -9"><span class='ocrx_word' id='word_1_1086' title='bbox 1285 2479 1371 2509; x_wconf 85' lang='lat' dir='ltr'>Dan.</span> <span class='ocrx_word' id='word_1_1087' title='bbox 1397 2475 1474 2509; x_wconf 92' lang='grc'>181.</span> <span class='ocrx_word' id='word_1_1088' title='bbox 1511 2478 1687 2510; x_wconf 85' lang='lat' dir='ltr'><strong>Sententia</strong></span> <span class='ocrx_word' id='word_1_1089' title='bbox 1714 2478 1891 2518; x_wconf 88' lang='lat' dir='ltr'><strong>perspicua</strong></span> <span class='ocrx_word' id='word_1_1090' title='bbox 1908 2487 1975 2509; x_wconf 91' lang='lat' dir='ltr'>non</span> <span class='ocrx_word' id='word_1_1091' title='bbox 1993 2481 2062 2518; x_wconf 87' lang='lat' dir='ltr'><strong>est,</strong></span> <span class='ocrx_word' id='word_1_1092' title='bbox 2093 2477 2152 2509; x_wconf 89' lang='lat' dir='ltr'>sed</span> <span class='ocrx_word' id='word_1_1093' title='bbox 2170 2477 2288 2508; x_wconf 66' lang='lat' dir='ltr'><strong>videtu</strong></span> 
     </span>
     <span class='ocr_line' id='line_1_117' title="bbox 1285 2520 2288 2571; baseline 0 -15"><span class='ocrx_word' id='word_1_1094' title='bbox 1285 2525 1352 2556; x_wconf 88' lang='lat' dir='ltr'><strong>dici</strong></span> <span class='ocrx_word' id='word_1_1095' title='bbox 1377 2525 1418 2555; x_wconf 86' lang='lat' dir='ltr'>de</span> <span class='ocrx_word' id='word_1_1096' title='bbox 1441 2526 1510 2556; x_wconf 79' lang='lat' dir='ltr'><strong>vita</strong></span> <span class='ocrx_word' id='word_1_1097' title='bbox 1535 2525 1684 2556; x_wconf 88' lang='lat' dir='ltr'><strong>suaviter</strong></span> <span class='ocrx_word' id='word_1_1098' title='bbox 1709 2529 1743 2556; x_wconf 88' lang='lat' dir='ltr'>et</span> <span class='ocrx_word' id='word_1_1099' title='bbox 1768 2525 1858 2556; x_wconf 81' lang='lat' dir='ltr'><strong>laute</strong></span> <span class='ocrx_word' id='word_1_1100' title='bbox 1883 2524 2045 2564; x_wconf 81' lang='lat' dir='ltr'><strong>degenda.</strong></span> <span class='ocrx_word' id='word_1_1101' title='bbox 2081 2522 2121 2557; x_wconf 89' lang='grc' dir='ltr'>τὸ</span> <span class='ocrx_word' id='word_1_1102' title='bbox 2154 2523 2203 2569; x_wconf 83' lang='grc' dir='ltr'>μὴ</span> <span class='ocrx_word' id='word_1_1103' title='bbox 2237 2520 2288 2571; x_wconf 56' lang='grc' dir='ltr'>γὴ</span> 
     </span>
     <span class='ocr_line' id='line_1_118' title="bbox 1287 2568 2288 2617; baseline -0.002 -12"><span class='ocrx_word' id='word_1_1104' title='bbox 1287 2569 1372 2605; x_wconf 84' lang='grc' dir='ltr'>εἶναι</span> <span class='ocrx_word' id='word_1_1105' title='bbox 1389 2582 1412 2604; x_wconf 91' lang='grc' dir='ltr'>κ</span> <span class='ocrx_word' id='word_1_1106' title='bbox 1435 2574 1547 2605; x_wconf 87' lang='grc' dir='ltr'>εῖσσον</span> <span class='ocrx_word' id='word_1_1107' title='bbox 1565 2569 1587 2614; x_wconf 90' lang='grc' dir='ltr'>ἢ</span> <span class='ocrx_word' id='word_1_1108' title='bbox 1606 2570 1645 2604; x_wconf 88' lang='grc' dir='ltr'>τὸ</span> <span class='ocrx_word' id='word_1_1109' title='bbox 1665 2570 1726 2617; x_wconf 86' lang='grc' dir='ltr'>ζῆν</span> <span class='ocrx_word' id='word_1_1110' title='bbox 1743 2575 1862 2608; x_wconf 85' lang='grc' dir='ltr'>κακῶς</span> <span class='ocrx_word' id='word_1_1111' title='bbox 1880 2572 1950 2603; x_wconf 90' lang='lat' dir='ltr'>Pel.</span> <span class='ocrx_word' id='word_1_1112' title='bbox 1972 2568 2052 2602; x_wconf 85' lang='lat'>436.</span> <span class='ocrx_word' id='word_1_1113' title='bbox 2073 2568 2213 2615; x_wconf 83' lang='grc' dir='ltr'>ἥδιστον</span> <span class='ocrx_word' id='word_1_1114' title='bbox 2232 2569 2288 2610; x_wconf 58' lang='grc' dir='ltr'>ζιῑᾶ,</span> 
     </span>
     <span class='ocr_line' id='line_1_119' title="bbox 1287 2612 2288 2665; baseline -0.001 -13"><span class='ocrx_word' id='word_1_1115' title='bbox 1287 2630 1348 2664; x_wconf 85' lang='grc' dir='ltr'>μεν</span> <span class='ocrx_word' id='word_1_1116' title='bbox 1367 2617 1406 2652; x_wconf 87' lang='grc' dir='ltr'>άν</span> <span class='ocrx_word' id='word_1_1117' title='bbox 1435 2619 1559 2665; x_wconf 86' lang='grc' dir='ltr'>ρώπων</span> <span class='ocrx_word' id='word_1_1118' title='bbox 1579 2617 1650 2664; x_wconf 83' lang='grc' dir='ltr'>βίον</span> <span class='ocrx_word' id='word_1_1119' title='bbox 1670 2620 1744 2651; x_wconf 88' lang='lat' dir='ltr'><strong>Ter.</strong></span> <span class='ocrx_word' id='word_1_1120' title='bbox 1768 2616 1848 2659; x_wconf 84' lang='lat'>517,</span> <span class='ocrx_word' id='word_1_1121' title='bbox 1870 2616 1902 2650; x_wconf 85' lang='lat'>4.</span> <span class='ocrx_word' id='word_1_1122' title='bbox 1923 2616 2059 2663; x_wconf 87' lang='grc' dir='ltr'>λῷστον</span> <span class='ocrx_word' id='word_1_1123' title='bbox 2076 2617 2114 2651; x_wconf 86' lang='grc' dir='ltr'>τὸ</span> <span class='ocrx_word' id='word_1_1124' title='bbox 2133 2616 2195 2664; x_wconf 83' lang='grc' dir='ltr'>ζῆν</span> <span class='ocrx_word' id='word_1_1125' title='bbox 2219 2612 2288 2656; x_wconf 68' lang='grc' dir='ltr'>ἄνοι’</span> 
     </span>
     <span class='ocr_line' id='line_1_120' title="bbox 1287 2657 2288 2711; baseline -0.001 -12"><span class='ocrx_word' id='word_1_1126' title='bbox 1287 2677 1344 2700; x_wconf 91' lang='grc' dir='ltr'>σον</span> <span class='ocrx_word' id='word_1_1127' title='bbox 1363 2666 1480 2699; x_wconf 79' lang='lat' dir='ltr'><strong>Oreus.</strong></span> <span class='ocrx_word' id='word_1_1128' title='bbox 1501 2663 1581 2706; x_wconf 87' lang='lat'>326,</span> <span class='ocrx_word' id='word_1_1129' title='bbox 1602 2663 1635 2697; x_wconf 92' lang='lat'>2.</span> <span class='ocrx_word' id='word_1_1130' title='bbox 1658 2664 1719 2711; x_wconf 88' lang='grc' dir='ltr'>ζῆν</span> <span class='ocrx_word' id='word_1_1131' title='bbox 1743 2663 1823 2699; x_wconf 83' lang='grc' dir='ltr'>ἄνευ</span> <span class='ocrx_word' id='word_1_1132' title='bbox 1848 2669 1965 2699; x_wconf 88' lang='grc' dir='ltr'>κακῶν</span> <span class='ocrx_word' id='word_1_1133' title='bbox 1989 2666 2056 2698; x_wconf 88' lang='lat' dir='ltr'><strong>inc.</strong></span> <span class='ocrx_word' id='word_1_1134' title='bbox 2077 2662 2158 2705; x_wconf 86' lang='grc'>683,</span> <span class='ocrx_word' id='word_1_1135' title='bbox 2187 2657 2288 2698; x_wconf 73' lang='grc' dir='ltr'>τοῖσᾶί</span> 
     </span>
     <span class='ocr_line' id='line_1_121' title="bbox 1286 2709 2288 2759; baseline -0.003 -13"><span class='ocrx_word' id='word_1_1136' title='bbox 1286 2712 1350 2759; x_wconf 88' lang='grc' dir='ltr'>γὰρ</span> <span class='ocrx_word' id='word_1_1137' title='bbox 1378 2711 1494 2757; x_wconf 89' lang='grc' dir='ltr'>μόνοις</span> <span class='ocrx_word' id='word_1_1138' title='bbox 1519 2711 1593 2746; x_wconf 87' lang='grc' dir='ltr'>ἐκεῖ</span> <span class='ocrx_word' id='word_1_1139' title='bbox 1618 2712 1679 2758; x_wconf 86' lang='grc' dir='ltr'>ζῆν</span> <span class='ocrx_word' id='word_1_1140' title='bbox 1705 2711 1774 2746; x_wconf 82' lang='grc' dir='ltr'>ἐστί</span> <span class='ocrx_word' id='word_1_1141' title='bbox 1793 2710 1872 2753; x_wconf 86' lang='grc'>719,</span> <span class='ocrx_word' id='word_1_1142' title='bbox 1894 2710 1928 2744; x_wconf 90' lang='grc'>4.</span> <span class='ocrx_word' id='word_1_1143' title='bbox 1958 2712 2023 2745; x_wconf 88' lang='lat' dir='ltr'>Sed</span> <span class='ocrx_word' id='word_1_1144' title='bbox 2040 2711 2098 2744; x_wconf 79' lang='grc' dir='ltr'>ΟΒ</span> <span class='ocrx_word' id='word_1_1145' title='bbox 2119 2709 2218 2744; x_wconf 86' lang='grc'>1513.</span> <span class='ocrx_word' id='word_1_1146' title='bbox 2239 2709 2288 2758; x_wconf 68' lang='grc' dir='ltr'>ζῆ</span> 
     </span>
     <span class='ocr_line' id='line_1_122' title="bbox 1287 2754 2288 2800; baseline -0.002 -8"><span class='ocrx_word' id='word_1_1147' title='bbox 1287 2762 1326 2792; x_wconf 88' lang='lat' dir='ltr'><strong>ab</strong></span> <span class='ocrx_word' id='word_1_1148' title='bbox 1344 2761 1464 2792; x_wconf 87' lang='lat' dir='ltr'>Elmsl.</span> <span class='ocrx_word' id='word_1_1149' title='bbox 1486 2761 1600 2792; x_wconf 86' lang='lat' dir='ltr'><strong>Herm.</strong></span> <span class='ocrx_word' id='word_1_1150' title='bbox 1629 2761 1815 2800; x_wconf 83' lang='lat' dir='ltr'><strong>genuinum</strong></span> <span class='ocrx_word' id='word_1_1151' title='bbox 1842 2769 1908 2791; x_wconf 93' lang='lat' dir='ltr'>non</span> <span class='ocrx_word' id='word_1_1152' title='bbox 1933 2760 2085 2791; x_wconf 81' lang='lat' dir='ltr'><strong>habetur.</strong></span> <span class='ocrx_word' id='word_1_1153' title='bbox 2110 2777 2151 2783; x_wconf 95' lang='lat'>--</span> <span class='ocrx_word' id='word_1_1154' title='bbox 2169 2758 2184 2800; x_wconf 87' lang='grc' dir='ltr'>ΙΙ</span> <span class='ocrx_word' id='word_1_1155' title='bbox 2210 2754 2288 2790; x_wconf 63' lang='lat' dir='ltr'>Em</span> 
     </span>
     <span class='ocr_line' id='line_1_123' title="bbox 1286 2803 2288 2851; baseline -0.002 -11"><span class='ocrx_word' id='word_1_1156' title='bbox 1286 2811 1394 2840; x_wconf 77' lang='lat' dir='ltr'><strong>ortum</strong></span> <span class='ocrx_word' id='word_1_1157' title='bbox 1419 2817 1493 2847; x_wconf 73' lang='lat' dir='ltr'><strong>esse,</strong></span> <span class='ocrx_word' id='word_1_1158' title='bbox 1523 2811 1641 2839; x_wconf 78' lang='lat' dir='ltr'><strong>natum</strong></span> <span class='ocrx_word' id='word_1_1159' title='bbox 1658 2817 1731 2838; x_wconf 86' lang='lat' dir='ltr'><strong>esse</strong></span> <span class='ocrx_word' id='word_1_1160' title='bbox 1751 2808 1918 2838; x_wconf 88' lang='lat' dir='ltr'><strong>universe.</strong></span> <span class='ocrx_word' id='word_1_1161' title='bbox 1949 2804 1990 2839; x_wconf 79' lang='grc' dir='ltr'>ἰὼ</span> <span class='ocrx_word' id='word_1_1162' title='bbox 2014 2804 2128 2851; x_wconf 85' lang='grc' dir='ltr'>γενεαὶ</span> <span class='ocrx_word' id='word_1_1163' title='bbox 2153 2803 2288 2850; x_wconf 54' lang='grc' dir='ltr'>βροτῶν,</span> 
     </span>
     <span class='ocr_line' id='line_1_124' title="bbox 1287 2846 2288 2899; baseline -0.004 -10"><span class='ocrx_word' id='word_1_1164' title='bbox 1287 2855 1334 2892; x_wconf 81' lang='grc' dir='ltr'>ὡς</span> <span class='ocrx_word' id='word_1_1165' title='bbox 1351 2852 1441 2899; x_wconf 80' lang='grc' dir='ltr'>ὑμᾶς</span> <span class='ocrx_word' id='word_1_1166' title='bbox 1458 2852 1517 2887; x_wconf 82' lang='grc' dir='ltr'>’ίσα</span> <span class='ocrx_word' id='word_1_1167' title='bbox 1542 2854 1600 2887; x_wconf 90' lang='grc' dir='ltr'>καὶ</span> <span class='ocrx_word' id='word_1_1168' title='bbox 1617 2853 1656 2887; x_wconf 88' lang='grc' dir='ltr'>τὸ</span> <span class='ocrx_word' id='word_1_1169' title='bbox 1676 2851 1784 2899; x_wconf 83' lang='grc' dir='ltr'>μηδὲν</span> <span class='ocrx_word' id='word_1_1170' title='bbox 1803 2853 1915 2892; x_wconf 90' lang='grc' dir='ltr'>ζώσας</span> <span class='ocrx_word' id='word_1_1171' title='bbox 1942 2850 2117 2899; x_wconf 83' lang='grc' dir='ltr'>ἐναριθμῶ</span> <span class='ocrx_word' id='word_1_1172' title='bbox 2135 2853 2193 2885; x_wconf 82' lang='lat' dir='ltr'>OR</span> <span class='ocrx_word' id='word_1_1173' title='bbox 2214 2846 2288 2885; x_wconf 64' lang='lat' dir='ltr'>11OE</span> 
     </span>
     <span class='ocr_line' id='line_1_125' title="bbox 1286 2897 2288 2942; baseline -0.003 -8"><span class='ocrx_word' id='word_1_1174' title='bbox 1286 2903 1337 2934; x_wconf 92' lang='lat' dir='ltr'>ch.</span> <span class='ocrx_word' id='word_1_1175' title='bbox 1367 2902 1414 2934; x_wconf 86' lang='lat' dir='ltr'><strong>Et</strong></span> <span class='ocrx_word' id='word_1_1176' title='bbox 1430 2911 1537 2942; x_wconf 88' lang='lat' dir='ltr'><strong>paene</strong></span> <span class='ocrx_word' id='word_1_1177' title='bbox 1556 2906 1594 2933; x_wconf 89' lang='lat' dir='ltr'><strong>ut</strong></span> <span class='ocrx_word' id='word_1_1178' title='bbox 1611 2902 1898 2933; x_wconf 86' lang='lat' dir='ltr'><strong>circumlocutioni</strong></span> <span class='ocrx_word' id='word_1_1179' title='bbox 1917 2901 2136 2932; x_wconf 87' lang='lat' dir='ltr'><strong>constitutum</strong></span> <span class='ocrx_word' id='word_1_1180' title='bbox 2155 2901 2200 2931; x_wconf 87' lang='lat' dir='ltr'>sit</span> <span class='ocrx_word' id='word_1_1181' title='bbox 2217 2897 2288 2941; x_wconf 69' lang='lat' dir='ltr'><strong>som</strong></span> 
     </span>
     <span class='ocr_line' id='line_1_126' title="bbox 1285 2941 2288 2995; baseline -0.006 -12"><span class='ocrx_word' id='word_1_1182' title='bbox 1285 2946 1325 2983; x_wconf 78' lang='grc' dir='ltr'>ού</span> <span class='ocrx_word' id='word_1_1183' title='bbox 1351 2947 1415 2995; x_wconf 87' lang='grc' dir='ltr'>γάρ</span> <span class='ocrx_word' id='word_1_1184' title='bbox 1438 2959 1470 2981; x_wconf 89' lang='grc' dir='ltr'>τι</span> <span class='ocrx_word' id='word_1_1185' title='bbox 1497 2947 1548 2981; x_wconf 87' lang='grc' dir='ltr'>σοὶ</span> <span class='ocrx_word' id='word_1_1186' title='bbox 1575 2947 1622 2987; x_wconf 81' lang='grc' dir='ltr'>ζῶ</span> <span class='ocrx_word' id='word_1_1187' title='bbox 1641 2946 1783 2988; x_wconf 77' lang='grc' dir='ltr'>δοῦλος,</span> <span class='ocrx_word' id='word_1_1188' title='bbox 1813 2945 1902 2980; x_wconf 82' lang='grc' dir='ltr'>ἀλλὰ</span> <span class='ocrx_word' id='word_1_1189' title='bbox 1926 2944 2034 2992; x_wconf 80' lang='grc' dir='ltr'>Λοξίᾳ</span> <span class='ocrx_word' id='word_1_1190' title='bbox 2050 2947 2108 2979; x_wconf 87' lang='lat' dir='ltr'>OR</span> <span class='ocrx_word' id='word_1_1191' title='bbox 2125 2943 2194 2978; x_wconf 87' lang='lat'>410</span> <span class='ocrx_word' id='word_1_1192' title='bbox 2213 2941 2288 2988; x_wconf 83' lang='grc' dir='ltr'>-Ι</span> 
     </span>
     <span class='ocr_line' id='line_1_127' title="bbox 1288 2991 2288 3037; baseline -0.003 -9"><span class='ocrx_word' id='word_1_1193' title='bbox 1288 2997 1433 3036; x_wconf 78' lang='lat' dir='ltr'><strong>Manere,</strong></span> <span class='ocrx_word' id='word_1_1194' title='bbox 1458 3005 1611 3036; x_wconf 75' lang='lat' dir='ltr'><strong>praesens</strong></span> <span class='ocrx_word' id='word_1_1195' title='bbox 1628 3005 1705 3035; x_wconf 78' lang='lat' dir='ltr'><strong>csse,</strong></span> <span class='ocrx_word' id='word_1_1196' title='bbox 1736 2997 1853 3035; x_wconf 74' lang='lat' dir='ltr'><strong>viyere.</strong></span> <span class='ocrx_word' id='word_1_1197' title='bbox 1883 2995 1971 3026; x_wconf 92' lang='lat' dir='ltr'><strong>Illud</strong></span> <span class='ocrx_word' id='word_1_1198' title='bbox 1988 2995 2153 3035; x_wconf 89' lang='lat' dir='ltr'><strong>primum:</strong></span> <span class='ocrx_word' id='word_1_1199' title='bbox 2182 2991 2288 3037; x_wconf 65' lang='grc' dir='ltr'>(νόμιί</span> 
     </span>
     <span class='ocr_line' id='line_1_128' title="bbox 1287 3034 2288 3088; baseline -0.004 -11"><span class='ocrx_word' id='word_1_1200' title='bbox 1287 3042 1352 3088; x_wconf 85' lang='grc' dir='ltr'>μα)</span> <span class='ocrx_word' id='word_1_1201' title='bbox 1375 3041 1428 3077; x_wconf 87' lang='grc' dir='ltr'>ἀεί</span> <span class='ocrx_word' id='word_1_1202' title='bbox 1445 3053 1526 3076; x_wconf 85' lang='grc' dir='ltr'>ποτε</span> <span class='ocrx_word' id='word_1_1203' title='bbox 1553 3041 1595 3088; x_wconf 83' lang='grc' dir='ltr'>ζῇ</span> <span class='ocrx_word' id='word_1_1204' title='bbox 1617 3043 1743 3081; x_wconf 78' lang='grc' dir='ltr'>ταῦτα,</span> <span class='ocrx_word' id='word_1_1205' title='bbox 1773 3039 1907 3078; x_wconf 75' lang='grc' dir='ltr'>κούδεὶς</span> <span class='ocrx_word' id='word_1_1206' title='bbox 1933 3039 2022 3074; x_wconf 81' lang='grc' dir='ltr'>οἷ’ὃεν</span> <span class='ocrx_word' id='word_1_1207' title='bbox 2043 3039 2078 3080; x_wconf 75' lang='grc' dir='ltr'>ἐξ</span> <span class='ocrx_word' id='word_1_1208' title='bbox 2096 3038 2175 3074; x_wconf 81' lang='grc' dir='ltr'>ὅτου</span> <span class='ocrx_word' id='word_1_1209' title='bbox 2199 3034 2288 3085; x_wconf 63' lang='grc' dir='ltr'>’φάνὶ</span> 
     </span>
     <span class='ocr_line' id='line_1_129' title="bbox 1285 3079 2288 3134; baseline -0.004 -11"><span class='ocrx_word' id='word_1_1210' title='bbox 1285 3091 1366 3123; x_wconf 84' lang='lat' dir='ltr'>Ant.</span> <span class='ocrx_word' id='word_1_1211' title='bbox 1387 3088 1467 3122; x_wconf 86' lang='lat'>457.</span> <span class='ocrx_word' id='word_1_1212' title='bbox 1497 3090 1670 3121; x_wconf 83' lang='lat' dir='ltr'><strong>Alterum:</strong></span> <span class='ocrx_word' id='word_1_1213' title='bbox 1698 3087 1721 3133; x_wconf 81' lang='grc' dir='ltr'>ἥ</span> <span class='ocrx_word' id='word_1_1214' title='bbox 1743 3100 1801 3133; x_wconf 86' lang='grc' dir='ltr'>μοι</span> <span class='ocrx_word' id='word_1_1215' title='bbox 1815 3087 1930 3134; x_wconf 86' lang='grc' dir='ltr'>χρόνῳ</span> <span class='ocrx_word' id='word_1_1216' title='bbox 1947 3087 2002 3132; x_wconf 84' lang='grc' dir='ltr'>τῷ</span> <span class='ocrx_word' id='word_1_1217' title='bbox 2018 3087 2119 3127; x_wconf 85' lang='grc' dir='ltr'>ζῶντι</span> <span class='ocrx_word' id='word_1_1218' title='bbox 2135 3086 2194 3120; x_wconf 89' lang='grc' dir='ltr'>καὶ</span> <span class='ocrx_word' id='word_1_1219' title='bbox 2211 3079 2288 3131; x_wconf 64' lang='grc' dir='ltr'>παρέ</span> 
     </span>
     <span class='ocr_line' id='line_1_130' title="bbox 1285 3128 2288 3182; baseline -0.004 -12"><span class='ocrx_word' id='word_1_1220' title='bbox 1285 3136 1356 3171; x_wconf 88' lang='grc' dir='ltr'>όντι</span> <span class='ocrx_word' id='word_1_1221' title='bbox 1380 3139 1440 3170; x_wconf 76' lang='grc' dir='ltr'>νῦν</span> <span class='ocrx_word' id='word_1_1222' title='bbox 1467 3135 1594 3182; x_wconf 82' lang='grc' dir='ltr'>ἔφασκε</span> <span class='ocrx_word' id='word_1_1223' title='bbox 1649 3133 1766 3182; x_wconf 83' lang='grc' dir='ltr'>όχθων</span> <span class='ocrx_word' id='word_1_1224' title='bbox 1783 3140 1851 3168; x_wconf 89' lang='grc' dir='ltr'>τῶν</span> <span class='ocrx_word' id='word_1_1225' title='bbox 1879 3134 2080 3182; x_wconf 78' lang='grc' dir='ltr'>ἐφεστώτων</span> <span class='ocrx_word' id='word_1_1226' title='bbox 2110 3132 2190 3178; x_wconf 86' lang='grc' dir='ltr'>ἐμοὶ</span> <span class='ocrx_word' id='word_1_1227' title='bbox 2206 3128 2288 3178; x_wconf 66' lang='grc' dir='ltr'>λύσβ]</span> 
     </span>
     <span class='ocr_line' id='line_1_131' title="bbox 1284 3179 2288 3247; baseline -0.007 -29"><span class='ocrx_word' id='word_1_1228' title='bbox 1284 3182 1458 3218; x_wconf 87' lang='grc' dir='ltr'>τελεῖσθαι</span> <span class='ocrx_word' id='word_1_1229' title='bbox 1475 3185 1530 3216; x_wconf 91' lang='lat' dir='ltr'>Tr.</span> <span class='ocrx_word' id='word_1_1230' title='bbox 1547 3181 1612 3215; x_wconf 88' lang='lat'>116</span> <span class='ocrx_word' id='word_1_1231' title='bbox 1642 3208 1648 3215; x_wconf 92' lang='lat'>.</span> <span class='ocrx_word' id='word_1_1232' title='bbox 1667 3183 1774 3216; x_wconf 84' lang='lat' dir='ltr'>Schol.</span> <span class='ocrx_word' id='word_1_1233' title='bbox 1795 3183 1844 3228; x_wconf 83' lang='grc' dir='ltr'>τῷ</span> <span class='ocrx_word' id='word_1_1234' title='bbox 1862 3180 2042 3247; x_wconf 73' lang='grc' dir='ltr'>ὕφεστῶτι,</span> <span class='ocrx_word' id='word_1_1235' title='bbox 2066 3181 2152 3222; x_wconf 88' lang='lat' dir='ltr'><strong>quod</strong></span> <span class='ocrx_word' id='word_1_1236' title='bbox 2170 3179 2288 3217; x_wconf 59' lang='lat' dir='ltr'><strong>Brunss,</strong></span> 
     </span>
     <span class='ocr_line' id='line_1_132' title="bbox 1286 3229 2288 3276; baseline -0.004 -13"><span class='ocrx_word' id='word_1_1237' title='bbox 1286 3232 1431 3263; x_wconf 87' lang='lat' dir='ltr'><strong>mutavit</strong></span> <span class='ocrx_word' id='word_1_1238' title='bbox 1447 3232 1483 3263; x_wconf 90' lang='lat' dir='ltr'>in</span> <span class='ocrx_word' id='word_1_1239' title='bbox 1500 3230 1550 3276; x_wconf 81' lang='grc' dir='ltr'>τῷ</span> <span class='ocrx_word' id='word_1_1240' title='bbox 1568 3229 1737 3270; x_wconf 84' lang='grc' dir='ltr'>ἐνεστῶτι,</span> <span class='ocrx_word' id='word_1_1241' title='bbox 1768 3230 1867 3261; x_wconf 85' lang='lat' dir='ltr'><strong>Tricl.</strong></span> <span class='ocrx_word' id='word_1_1242' title='bbox 1890 3233 2071 3275; x_wconf 74' lang='grc' dir='ltr'>εφεστῶτι,</span> <span class='ocrx_word' id='word_1_1243' title='bbox 2102 3232 2191 3260; x_wconf 86' lang='lat' dir='ltr'><strong>recte</strong></span> <span class='ocrx_word' id='word_1_1244' title='bbox 2209 3230 2288 3271; x_wconf 51' lang='lat' dir='ltr'><strong>utel}</strong></span> 
     </span>
     <span class='ocr_line' id='line_1_133' title="bbox 1286 3267 2288 3322; baseline -0.005 -11"><span class='ocrx_word' id='word_1_1245' title='bbox 1286 3288 1363 3320; x_wconf 87' lang='lat' dir='ltr'><strong>que.</strong></span> <span class='ocrx_word' id='word_1_1246' title='bbox 1401 3279 1547 3310; x_wconf 85' lang='lat' dir='ltr'><strong>Additur</strong></span> <span class='ocrx_word' id='word_1_1247' title='bbox 1572 3279 1605 3309; x_wconf 89' lang='lat' dir='ltr'>in</span> <span class='ocrx_word' id='word_1_1248' title='bbox 1626 3277 1727 3309; x_wconf 88' lang='lat' dir='ltr'><strong>schol.</strong></span> <span class='ocrx_word' id='word_1_1249' title='bbox 1745 3288 1751 3307; x_wconf 90' lang='lat'><strong>:</strong></span> <span class='ocrx_word' id='word_1_1250' title='bbox 1782 3275 1798 3310; x_wconf 86' lang='grc' dir='ltr'>ὁ</span> <span class='ocrx_word' id='word_1_1251' title='bbox 1818 3274 1880 3322; x_wconf 84' lang='grc' dir='ltr'>γὰρ</span> <span class='ocrx_word' id='word_1_1252' title='bbox 1899 3273 2082 3321; x_wconf 83' lang='grc' dir='ltr'>παρελθὼν</span> <span class='ocrx_word' id='word_1_1253' title='bbox 2107 3273 2211 3308; x_wconf 82' lang='grc' dir='ltr'>οἱονεὶ</span> <span class='ocrx_word' id='word_1_1254' title='bbox 2227 3267 2288 3309; x_wconf 63' lang='grc' dir='ltr'>διέἱ</span> 
     </span>
     <span class='ocr_line' id='line_1_134' title="bbox 1287 3311 2288 3372; baseline -0.004 -13"><span class='ocrx_word' id='word_1_1255' title='bbox 1287 3323 1437 3372; x_wconf 89' lang='grc' dir='ltr'>φθαρται</span> <span class='ocrx_word' id='word_1_1256' title='bbox 1462 3323 1539 3368; x_wconf 79' lang='grc' dir='ltr'>(καὶ</span> <span class='ocrx_word' id='word_1_1257' title='bbox 1562 3322 1728 3369; x_wconf 86' lang='grc' dir='ltr'>τέθνηκεν</span> <span class='ocrx_word' id='word_1_1258' title='bbox 1749 3324 1849 3355; x_wconf 89' lang='lat' dir='ltr'><strong>Tricl.</strong></span> <span class='ocrx_word' id='word_1_1259' title='bbox 1873 3324 2017 3354; x_wconf 87' lang='lat' dir='ltr'><strong>Brunck.</strong></span> <span class='ocrx_word' id='word_1_1260' title='bbox 2040 3320 2197 3365; x_wconf 83' lang='lat' dir='ltr'><strong>addunt).</strong></span> <span class='ocrx_word' id='word_1_1261' title='bbox 2227 3311 2288 3366; x_wconf 59' lang='grc' dir='ltr'>ὁᾷί</span> 
     </span>
     <span class='ocr_line' id='line_1_135' title="bbox 1287 3365 2288 3417; baseline -0.006 -11"><span class='ocrx_word' id='word_1_1262' title='bbox 1287 3370 1424 3417; x_wconf 84' lang='grc' dir='ltr'>μέλλων</span> <span class='ocrx_word' id='word_1_1263' title='bbox 1443 3369 1583 3417; x_wconf 80' lang='grc' dir='ltr'>ἄδηλος.</span> <span class='ocrx_word' id='word_1_1264' title='bbox 1607 3372 1777 3403; x_wconf 88' lang='lat' dir='ltr'><strong>Tertium:</strong></span> <span class='ocrx_word' id='word_1_1265' title='bbox 1798 3368 1841 3403; x_wconf 83' lang='grc' dir='ltr'>τὰ</span> <span class='ocrx_word' id='word_1_1266' title='bbox 1859 3368 1896 3402; x_wconf 75' lang='grc' dir='ltr'>δὲ</span> <span class='ocrx_word' id='word_1_1267' title='bbox 1913 3368 2090 3413; x_wconf 68' lang='grc' dir='ltr'>(μαντεῖα)</span> <span class='ocrx_word' id='word_1_1268' title='bbox 2108 3365 2173 3401; x_wconf 81' lang='grc' dir='ltr'>αἰεὶ</span> <span class='ocrx_word' id='word_1_1269' title='bbox 2192 3366 2288 3407; x_wconf 63' lang='grc' dir='ltr'>ζῶνα</span> 
     </span>
    </p>
   </div>
   <div class='ocr_carea' id='block_1_18' title="bbox 2266 3523 2288 3600">
    <p class='ocr_par' dir='ltr' id='par_1_19' title="bbox 2266 3515 2288 3600">
     <span class='ocr_line' id='line_1_136' title="bbox 2266 3523 2288 3600; baseline 0 0"><span class='ocrx_word' id='word_1_1270' title='bbox 2266 3523 2288 3600; x_wconf 73' lang='lat' dir='ltr'>ij</span> 
     </span>
    </p>
   </div>
  </div>
 </body>
</html>
